4500 5956
740 628 936 689 Iunior.
967 624 1054 708 9.]
1645 622 2042 686 HISTORIA
2093 621 2680 684 DlPLOMATICA.
3446 629 3559 691 901

847 1185 1274 1268 Fridericus
1288 1245 1312 1286 ,
1364 1184 1884 1267 Romanorum
1947 1182 2384 1290 imperator,
2447 1181 2705 1266 scribit
2756 1183 3118 1266 Romanis
3141 1250 3166 1291 ‚
3229 1195 3557 1269 veterem

745 1316 1069 1426 gloriam
1125 1315 1337 1399 urbis
1382 1316 1667 1399 Romae
1719 1339 2327 1398 commemorans
2370 1324 2445 1397 et
2487 1315 2859 1397 desidiam
2909 1316 3252 1425 ipsorum
3300 1318 3559 1400 incre-

743 1474 936 1556 pans
960 1512 984 1556 ,
1043 1449 1511 1557 mandatque
1565 1457 1651 1529 ut
1719 1445 2012 1556 legatos
2064 1471 2260 1556 quos
2310 1456 2495 1529 tunc
2560 1447 2949 1557 Augustae
3007 1461 3347 1532 moratus
3411 1451 3556 1533 sibi

743 1579 942 1661 mitti
978 1580 1293 1688 petierat
1334 1605 1474 1661 nec
1516 1579 1596 1659 in
1642 1577 1940 1660 Italiam
1983 1579 2296 1660 veniens
2340 1578 2661 1681 invenit,
2718 1581 3280 1690 promptissime
3321 1608 3558 1692 expe-

745 1710 989 1819 diant,
1023 1711 1324 1820 plenius
1360 1710 1458 1792 ad
1496 1711 1738 1792 ardua
1773 1709 2075 1819 negotia
2109 1710 2545 1794 instructos

908 1939 1139 2017 (Edidit
1176 1940 1368 2000 Fam).
1401 1939 1619 2012 Eum,
1670 1935 1815 2000 Coll.
1858 1937 2119 1998 Monam.
2154 1944 2263 1998 vet.
2298 1945 2355 2000 et
2389 1955 2531 2013 rec„
2570 1946 2618 2000 t.
2649 1942 2714 2018 1,
2754 1942 2911 2001 inter
2946 1942 3087 2002 Lm.
3119 1942 3318 2020 princ.
3358 1950 3417 2004 et
3437 1945 3547 2006 vir.

984 2043 1198 2121 illust„
1222 2056 1291 2106 n⁰
1318 2045 1482 2122 XVI,
1513 2062 1577 2123 p.
1612 2043 1929 2124 223-225.)

842 2245 1281 2332 Fredericus,
1322 2243 1447 2316 Dei
1488 2242 1707 2336 gratia
1738 2243 2199 2315 Romanorum
2244 2243 2614 2339 imperator
2655 2266 2925 2340 semper
2959 2256 3329 2339 augasma,
3368 2250 3560 2321 Jeru-

745 2370 958 2443 salem
986 2380 1056 2442 et
1088 2368 1319 2440 Sicilie
1348 2387 1502 2456 reX,
1534 2367 1830 2440 senatori
1857 2367 2269 2460 senatuique
2299 2368 2689 2464 populoque
2716 2371 3021 2443 Romano
3051 2371 3338 2465 gratiam
3362 2394 3560 2445 suam

747 2503 816 2565 et
850 2513 1054 2566 omne
1088 2493 1376 2564 bonum.
1412 2491 1738 2564 Instantia
1782 2490 2258 2562 sollicitudinis
2304 2502 2533 2565 nostre
2569 2515 2707 2587 qua
2759 2515 2885 2566 vos
2924 2494 3099 2566 inter
3149 2495 3556 2569 domesticas

747 2638 947 2689 curas
971 2624 1043 2688 et
1072 2615 1310 2687 molles
1345 2614 1629 2689 delicias
1660 2613 2075 2686 dormientes
2107 2613 2198 2686 ad
2234 2611 2590 2707 diguitatis
2619 2617 2902 2710 antique
2941 2616 3211 2710 fastigia
3240 2619 3558 2711 cupimus

747 2740 1081 2830 excitare,
1136 2737 1472 2811 firmitatis
1524 2739 1824 2832 perfecte
1878 2738 2329 2810 constantiam
2384 2747 2454 2811 et
2510 2737 3017 2830 magnificentie
3058 2750 3285 2812 nostre
3333 2743 3554 2815 zelum

746 2885 954 2958 quem
1000 2862 1090 2936 ad
1140 2861 1687 2934 reformationem
1739 2860 2012 2955 imperii
2066 2869 2136 2932 et
2180 2859 2396 2932 decus
2436 2861 2640 2933 Urbis
2670 2863 2804 2935 alta
2843 2872 3072 2935 mente
3123 2864 3550 2959 accepimus,

748 2988 1107 3061 manifeste
1152 2986 1484 3060 declarat.
1539 2987 1616 3057 In
1657 2996 2004 3080 stuporem
2047 2995 2521 3059 verumtamen
2574 2988 2883 3058 omnium
2922 2987 3211 3061 vertitur
3254 2991 3347 3064 ad
3385 3013 3561 3085 quos

747 3112 859 3184 vel
897 3110 1182 3203 antiqua
1218 3109 1549 3182 memoria
1583 3110 1695 3182 vel
1733 3131 1826 3181 ex
1854 3110 2015 3182 facti
2052 3108 2292 3181 notitia
2337 3109 2985 3182 Romani‘culminis
3027 3111 3208 3185 fama
3254 3115 3563 3207 pervenit

748 3245 816 3309 et
850 3235 972 3329 qui
1002 3243 1444 3307 monumenta
1470 3242 1782 3306 veterum
1808 3233 2247 3327 perlegerunt
2281 3242 2351 3305 et
2382 3253 2566 3305 nova
2589 3232 3052 3324 considerant,
3090 3255 3230 3330 que
3264 3237 3563 3309 alterca-

747 3358 970 3431 tiones
1008 3365 1191 3428 tante
1229 3378 1457 3451 queve
1495 3357 1778 3431 materia
1822 3357 2034 3451 possit
2075 3356 2303 3429 inesse
2345 3357 2456 3428 vel
2498 3376 2708 3430 causa
2749 3378 2888 3450 que
2929 3378 3056 3430 vos
3096 3379 3138 3431 a
3172 3370 3402 3432 vestre
3435 3383 3561 3433 no-

745 3481 1031 3555 bilitatis
1060 3480 1325 3575 origine
1371 3480 1594 3553 taliter
1636 3480 1960 3553 alterat-it.
2001 3479 2256 3552 Verum
2292 3482 2418 3554 etsi
2459 3482 2926 3577 progenitores
2951 3482 3191 3572 vestri,
3227 3485 3563 3556 vastitatis

747 3614 815 3676 et
849 3603 1103 3676 cineris
1143 3603 1413 3694 Trojani
1448 3603 1760 3698 reliquie,
1812 3602 2057 3676 urbem
2091 3602 2377 3677 Romam
2419 3605 2491 3674 in
2534 3603 3140 3677 contradictionem
3186 3605 3559 3679 confinium

748 3748 1200 3824 personarum
1245 3727 1315 3798 iu
1370 3726 1577 3798 totius
1623 3726 1811 3799 orbis
1863 3725 2204 3799 invidiam
2248 3727 2762 3818 fundavissent,
2809 3723 2939 3822 [in]
2981 3727 3198 3821 ipsam
3248 3731 3442 3822 velut
3485 3732 3556 3801 in

747 3851 1054 3924 omnium
1088 3848 1368 3922 urbium
1414 3858 1623 3945 caput
1652 3870 1773 3944 per
1809 3850 2047 3923 sedem
2081 3850 2348 3944 imperii
2380 3829 2587 3922 totius
2624 3849 3002 3944 reipublice
3029 3871 3298 3922 summa
3336 3860 3560 3923 trans-

750 3974 927 4066 lata,
980 3993 1109 4046 vos
1159 3994 1347 4046 nova
1397 3972 1788 4067 posteritaS,
1839 3972 2073 4066 magui
2115 3972 2413 4046 nominis
2457 3971 2702 4044 umbra
2745 3972 3043 4043 contenti
3092 3973 3559 4067 solummodo,

748 4098 917 4170 aviti
954 4096 1347 4191 patrimonii
1394 4097 1608 4169 vestri
1639 4096 1856 4168 decus
1888 4105 1956 4169 et
1996 4096 2285 4191 gloriam
2330 4096 2403 4167 in
2451 4115 2817 4166 numerosa
2864 4104 3092 4186 strage
3129 4098 3560 4189 querentium

749 4220 1164 4314 adquisitam
1186 4274 1206 4309 ,
1259 4241 1470 4313 quam
1519 4220 1812 4293 retinere
1859 4220 2082 4314 potuit
2122 4241 2286 4292 cura
2333 4218 2616 4310 facilior,
2666 4217 2841 4312 proh
2886 4213 3149 4312 pudor!
3201 4219 3356 4292 aliis
3406 4223 3560 4293 reli-

747 4343 1020 4437 quistis.
1060 4342 1238 4414 Ecce
1267 4363 1454 4413 nunc
1479 4341 2094 4415 Mediolanensium
2122 4340 2443 4436 superbia
2480 4339 2716 4412 sedem
2744 4339 2834 4410 ab
2872 4339 3193 4433 aquilone
3222 4342 3356 4412 sibi
3401 4364 3561 4416 con-

751 4466 997 4557 stituit,
1033 4487 1172 4538 non
1229 4475 1547 4539 contenta
1585 4465 2016 4538 solummodo
2054 4463 2247 4559 quod
2277 4465 2489 4538 Rome
2523 4465 2613 4535 sit
2647 4462 2887 4536 similis
2919 4464 3052 4536 nisi
3086 4465 3392 4539 Romano
3430 4467 3559 4538 im-

751 4592 943 4686 perio
998 4589 1448 4663 contradicat.
1513 4590 1692 4663 Ecce
1742 4589 1843 4661 hii
1903 4589 2026 4684 qui
2080 4589 2488 4662 tenebantur
2540 4587 2782 4676 vobis,
2841 4597 2919 4659 ut
2974 4586 3249 4680 dicitur,
3309 4588 3562 4663 tributa

755 4717 1173 4810 persolvere,
1228 4715 1430 4789 vobis
1475 4715 1922 4789 contumelias
1967 4714 2259 4788 afferunt
2306 4736 2431 4810 pro
2475 4714 2774 4786 tributis.
2812 4713 2869 4784 O
2904 4734 3114 4808 quam
3151 4723 3312 4785 sunt
3346 4712 3476 4786 hec
3515 4736 3559 4786 a

3654 1207 3906 1261 [ummo-1
