4500 5956
6 5615 11 5620 ⁸
14 5421 29 5444 ς
14 5299 27 5336 ι,
18 5257 25 5266 α
12 5095 19 5104 ‘
4 5001 17 5016 ⁴

38 5357 45 5361 «

58 5625 59 5632 ᾼ
58 5564 71 5574 q
54 5453 61 5462 -
62 5291 69 5300 ἱ

77 5347 96 5653 Μῄ--υ-Ψ-ω-
75 5135 97 5288 ἰ-Ᾰμ,
88 5015 93 5030 -
79 4933 97 4966 ,0
84 4751 93 4826 -v-

1151 575 1270 635 723
2146 569 2579 633 ramatum
2636 574 2983 636 saeuum
3594 581 3754 665 [Anu.
3796 586 3962 648 1235.

1152 707 1347 786 inter
1382 730 1576 813 quos
1639 716 1801 784 erat
1840 702 2199 784 dominus
2255 702 2669 786 Landolfus
2718 706 3142 816 episcopus.
3191 709 3438 807 Quem
3483 737 3661 794 cum
3706 715 3964 824 impe-

1154 848 1360 919 rator
1430 833 1775 937 vidisset,
1846 845 2021 917 ante
2082 836 2630 918 monasterium
2685 840 2932 942 stetit,
2971 849 3048 921 et
3094 840 3324 949 jussit
3364 867 3539 925 eum
3608 846 3815 930 abire
3872 849 3965 932 de

1158 977 1465 1077 aspectu
1510 993 1677 1050 suo.
1719 970 1984 1049 Annal.
2040 974 2435 1074 Wormat.‚
2475 968 2785 1072 Ibidem,
2830 997 2907 1078 p.
2958 974 3138 1055 164.

826 1579 1019 1633 ¹⁶1u111·
1261 1563 1704 1671 Supervenit
1769 1565 2092 1649 breviter
2162 1567 2478 1650 domina
2547 1568 2936 1652 Elisabeth
2999 1568 3407 1681 (Isabella)
3479 1569 3916 1679 imperatrix
3939 1627 3964 1672 ,

1159 1720 1373 1777 soror
1425 1697 1715 1778 domini
1787 1698 1990 1807 regis
2035 1697 2398 1808 Angliae,
2456 1725 2635 1783 cum
2679 1730 2835 1812 qua
2882 1703 3242 1787 dominus
3295 1704 3705 1814 imperator
3756 1700 3966 1783 cele-

1159 1824 1405 1907 bravit
1439 1828 1744 1935 nuptias
1778 1829 1856 1909 in
1895 1830 2320 1913 Wormatia
2366 1832 2852 1942 solempniter
2893 1836 2973 1916 in
3029 1835 3400 1919 divisione
3434 1834 3968 1946 Apostolorum

1160 1954 1308 2064 (15
1336 1957 1582 2068 julii).
1625 1965 1888 2042 Annal.
1963 1970 2356 2073 Wormat.‚
2398 1966 2702 2064 Ibidem,
2756 1994 2836 2076 p.
2904 1971 3084 2051 164.
3116 2014 3225 2029 —
3260 1968 3523 2078 Itaque
3575 1967 3774 2050 XVII
3813 1966 3967 2049 ka-

1157 2086 1423 2171 lendas
1479 2094 1783 2201 augusti
1832 2093 1960 2203 (1)
2017 2095 2424 2203 imperator
2488 2123 2824 2180 sororem
2878 2099 3079 2209 regis
3124 2099 3446 2208 Angliae
3507 2099 3972 2183 Wormatiae

1156 2220 1529 2328 imperiali
1601 2224 2087 2308 matrimonio
2159 2228 2303 2310 sibi
2379 2229 2895 2337 sollempniter
2964 2231 3344 2339 copulavit
3405 2231 3557 2341 (2).
3627 2230 3964 2313 chronic.

1156 2355 1579 2462 Erphord.,
1610 2357 1912 2456 Ibidem,
1959 2386 2038 2467 p.
2083 2360 2269 2442 395.

1583 2674 3266 2693 --——-—-0·—--700----·--—-›-ae-q—---0--—-——--0--—--.—-—0--—
3290 2682 3301 2690 ο
3322 2684 3330 2689 -
3354 2682 3542 2692 ο-ωο--ι-

866 2971 992 3026 Apud
1265 2950 1725 3057 Fridericus‚
1793 2949 2314 3034 Romanorum
2368 2949 2814 3059 imperator,
2877 2950 3342 3034 abbatissam
3397 2959 3473 3034 et
3523 2961 3973 3035 conventum

767 3024 1085 3078 Wormttitm,

859 3079 992 3132 '⁰¹¹²
1160 3089 1255 3170 de
1321 3087 1697 3169 Dusseren
1773 3113 1949 3169 cum
2022 3087 2383 3170 omnibus
2456 3087 2677 3170 bonis
2747 3113 3012 3170 earum
3086 3087 3232 3169 sub
3302 3088 3763 3195 protectione
3837 3111 3974 3168 sua

1952 3293 3012 3303 -——-—.-——.-———-a——————-——

1233 3405 1305 3478 (⁴)
1345 3409 1411 3461 46
1433 3403 1577 3476 julii,
1609 3403 1705 3459 sed
1733 3404 1910 3460 minus
1939 3409 2085 3460 recte
2107 3409 2169 3459 ut
2191 3419 2260 3459 ex
2289 3403 2478 3460 litteris
2500 3404 2735 3478 episcopi
2764 3404 3217 3462 Hildeshemensis
3241 3404 3541 3462 evidentius
3564 3405 3789 3479 patebit.
3821 3406 3978 3462 Errat

1160 3518 1374 3576 quoque
1403 3501 1707 3560 Matthaeus
1741 3501 2053 3558 Parisiensis
2074 3517 2241 3574 quum
2270 3501 2416 3558 dicat
2442 3519 2456 3557 ε
2480 3522 2506 3555 α
2538 3503 2890 3576 Desponsavit
2909 3518 3037 3575 ergo
3061 3502 3294 3575 puellam
3316 3502 3545 3570 ibidem,
3582 3503 3974 3561 matrimonium

1160 3599 1425 3656 initiatum
1460 3599 1877 3655 consummando
1915 3598 2259 3670 solempniter
2290 3598 2597 3671 imperator,
2626 3600 2753 3655 xm
2793 3600 3050 3656 kalendas
3099 3600 3310 3672 augusti
3355 3600 3411 3656 in
3452 3599 3734 3659 dominica.
3772 3620 3799 3652 ι
3829 3603 3973 3658 Hist.

1160 3697 1360 3769 major,
1376 3714 1431 3769 p.
1459 3700 1583 3753 385.
1617 3696 1741 3752 Dies
1760 3695 1904 3752 enim
1929 3695 2219 3752 vicesimus
2244 3695 2361 3768 julii
2383 3695 2484 3753 hoc
2514 3711 2653 3753 anno
2679 3696 2978 3754 dominicae
3004 3697 3222 3753 minime
3245 3697 3621 3768 conveniebat,
3635 3697 3761 3754 dum
3790 3702 3977 3753 contra

1161 3795 1380 3868 quintus
1402 3794 1641 3850 decimus
1666 3793 1781 3850 dies
1800 3794 1944 3866 juste
1968 3793 2025 3848 in
2054 3793 2284 3866 primam
2314 3792 2501 3849 feriam
2531 3793 2805 3850 incideret.

1232 3892 1304 3963 (2)
1348 3912 1373 3944 σ
1393 3891 1592 3948 Eodem
1620 3895 1860 3964 tempore
1891 3903 2045 3946 soror
2070 3889 2211 3962 regis
2238 3887 2465 3962 Angliae·
2484 3894 2672 3961 rogatu
2701 3889 3036 3962 imperatoris
3070 3888 3139 3946 ab
3174 3888 3572 3962 archiepiscopo
3602 3888 3899 3946 Coloniensi
3922 3895 3979 3945 et

1163 3988 1298 4044 duce
1326 3987 1639 4044 Brabantiae
1672 3985 1742 4043 ab
1779 3986 1969 4059 Anglia
2005 3986 2305 4056 adducitur,
2336 3985 2438 4059 ipsi
2468 3984 2774 4058 imperatori
2816 3991 3070 4057 nuptura.
3098 3984 3247 4052 Quae
3283 3983 3353 4041 ab
3393 3984 3644 4041 omnibus
3676 3984 3978 4041 civitatibus

1164 4091 1220 4141 et
1239 4085 1449 4158 oppidis
1479 4100 1577 4157 per
1598 4099 1739 4156 quae
1764 4100 1886 4140 eam
1915 4084 2140 4140 transire
2166 4083 2407 4155 contigit,
2438 4081 2746 4152 honorifice,
2773 4082 2869 4138 sed
2898 4097 2931 4138 a
2963 4080 3174 4138 civibus
3197 4080 3600 4139 coloniensibus
3624 4082 3828 4153 majore
3850 4097 3979 4155 prae

1166 4179 1282 4236 aliis
1310 4179 1542 4252 tripudio
1564 4180 1749 4252 quinta
1771 4179 1902 4237 feria
1936 4180 2181 4253 proxima
2207 4185 2331 4235 ante
2357 4180 2704 4235 Pentecosten
2732 4178 2828 4251 (24
2862 4178 3017 4250 maii)
3050 4178 3357 4250 suscipitur.
3391 4179 3547 4251 Apud
3573 4194 3710 4250 quos
3736 4178 3792 4233 in
3822 4177 3980 4234 domo

1161 4276 1452 4349 praepositi
1488 4277 1656 4333 sancti
1688 4276 1945 4333 Gereonis
1979 4293 2077 4349 per
2104 4292 2346 4334 mensem
2372 4275 2430 4331 in
2457 4291 2650 4347 magna
2677 4274 3083 4332 honorificentia
3122 4275 3373 4331 continue
3400 4281 3661 4331 moratur.
3690 4274 3818 4331 Inde
3850 4289 3983 4346 pro·

1161 4372 1409 4446 grediens
1454 4374 1594 4445 apud
1621 4373 1978 4429 wormatiam
2017 4373 2326 4447 imperatori
2354 4372 2674 4445 assignatur.
2706 4371 2809 4430 Ubi
2839 4371 3142 4445 imperiales
3173 4372 3390 4444 nuptiae
3417 4371 3598 4429 debito
3622 4386 3746 4429 cum
3781 4371 3982 4428 honore

1164 4468 1522 4526 celebrantur.
1559 4472 1851 4542 Imperator
1878 4470 2068 4527 suadet
2093 4470 2424 4542 principibus
2449 4484 2520 4524 ne
2545 4468 2896 4526 histrionibus
2919 4469 3058 4527 dona
3081 4467 3236 4525 solito
3260 4483 3410 4525 more
3440 4468 3781 4542 prodigaliter
3803 4469 3982 4524 effun-

1159 4565 1310 4637 dant,
1333 4565 1582 4638 judicans
1607 4567 1893 4624 maximam
1920 4566 2245 4623 dementiam
2276 4567 2322 4623 si
2344 4566 2466 4639 quis
2502 4580 2600 4621 sua
2626 4565 2768 4622 bona
2801 4566 2981 4623 mimis
3008 4565 3095 4624 vel
3126 4563 3473 4622 histrionibus
3498 4565 3645 4623 fatue
3685 4565 3923 4637 largitur.
3950 4583 3977 4615 ι

1164 4661 1413 4719 Gonsrn.
1440 4663 1642 4720 comm
1661 4705 1677 4734 ‚
1704 4679 1792 4737 ap.
1819 4664 2113 4731 Βοιιιιιιιι,
2142 4663 2358 4732 Fontes,
2391 4668 2430 4717 t.
2457 4663 2524 4731 11,
2557 4678 2612 4735 p.
2640 4663 2763 4718 367.
