4500 5956
585 640 779 700 lxnrcr.
819 634 939 719 10.]
1477 633 1867 695 HISTORIA
1917 635 2501 701 Dlphonmrlcfl.
3278 638 3399 699 915

583 773 847 864 objecte
893 768 1236 866 principio
1271 770 1385 841 vel
1419 769 1658 841 saltem
1701 769 2059 865 participio
2110 793 2249 844 non
2287 794 2517 847 carere
2561 776 2926 849 conscribit
2959 774 3104 873 (l),
3141 775 3401 867 justitie

588 916 823 968 norma
855 916 993 966 non
1030 893 1340 987 sequitur
1371 901 1438 964 et
1462 892 1832 983 justificata
1863 894 1935 963 in
1971 894 2119 966 suis
2149 897 2473 990 operibus
2504 899 2758 971 veritas
2789 899 3187 972 detestatur.
3227 898 3398 970 Cum

585 1021 768 1093 enim
799 1018 892 1092 ad
926 1017 1325 1112 exemplum
1364 1016 1760 1089 mediatoris
1784 1017 1907 1089 Dei
1939 1028 2010 1089 et
2037 1019 2422 1109 hominum,
2447 1023 2567 1116 qui
2604 1033 2680 1093 ut
2704 1043 2945 1117 pacem
2975 1023 3152 1095 inter
3179 1023 3395 1094 Deum

584 1152 651 1216 et
682 1142 1034 1214 hominem
1066 1142 1493 1231 reformaret,
1523 1162 1660 1212 non
1685 1149 1791 1213 est
1823 1141 2110 1214 formam
2147 1145 2497 1240 suscipere
2536 1145 2951 1238 dedignatus
2983 1146 3395 1236 humanam,

585 1266 918 1337 scissuras
953 1264 1294 1337 scismatis
1332 1262 1425 1336 ad
1453 1264 1911 1356 integritatem
1938 1265 2270 1339 reducere
2305 1267 2585 1340 unitatis
2618 1267 2836 1341 Sedes
2871 1267 3261 1363 Apostolica
3293 1277 3403 1340 te-

588 1399 865 1476 neatur,
921 1398 1228 1462 nostrum
1276 1409 1418 1482 quo
1470 1390 1614 1461 Deo
1669 1397 1740 1461 et
1791 1389 2049 1462 homini
2106 1390 2548 1484 astringimur
2591 1393 2938 1464 servitutis
2982 1392 3285 1465 officium
3332 1392 3401 1462 in

588 1512 994 1586 Lombardia
1026 1534 1153 1607 pro
1184 1512 1497 1586 sedanda
1529 1512 1797 1607 imperii
1830 1522 1899 1585 et
1929 1513 2473 1588 Lombardorum
2511 1515 2856 1588 discordia
2889 1518 3216 1611 compulit
3245 1516 3404 1588 des-

596 1637 813 1709 tinare
838 1637 1179 1729 legatum,
1221 1636 1344 1729 qui
1391 1644 1459 1708 et
1492 1635 1907 1709 dissidentes
1947 1637 2040 1709 ad
2087 1635 2440 1732 imperiale
2489 1637 2888 1711 mandatum
2943 1639 3409 1712 reconciliatos

591 1760 948 1832 reduceret
971 1769 1041 1833 et
1076 1759 1255 1832 inter
1283 1761 1574 1855 populos
1602 1758 2074 1834 discordantes
2106 1763 2295 1856 pacis
2333 1763 2563 1835 federa
2592 1765 3030 1854 reformaret,
3069 1785 3198 1835 nec
3236 1763 3409 1836 illud

590 1892 900 1956 nostrum
955 1892 1094 1955 tam
1144 1893 1496 1975 sanctum,
1539 1893 1678 1959 tam
1724 1884 2000 1958 salubre
2048 1886 2270 1979 potuit
2322 1886 2696 1981 impedire,
2737 1887 2863 1960 sed
2911 1887 3139 1982 potius
3174 1885 3415 1959 debuit

591 2005 923 2098 adJ‘uvare
979 2009 1399 2103 propositum
1450 2006 1643 2101 quod
1693 2016 1762 2080 te
1809 2007 1881 2079 in
1934 2007 2415 2082 Lombardiam
2470 2032 2593 2105 pro
2647 2009 3063 2104 extirpanda
3118 2011 3416 2084 heretica

594 2133 969 2226 pravitate,
1004 2130 1320 2205 subsidio
1355 2133 1559 2205 Terre
1592 2134 1842 2205 Sancte
1881 2123 1950 2205 et
1981 2134 2496 2228 recuperatione
2536 2135 2799 2226 jurium
2829 2134 3135 2208 Ecclesie
3161 2156 3246 2207 ac
3275 2136 3414 2207 im-

596 2256 766 2350 perii
807 2276 1075 2329 necnon
1108 2277 1233 2351 pro
1266 2256 1748 2329 reformatione
1781 2256 1975 2351 pacis
2011 2258 2479 2350 proclamabas
2518 2280 2670 2331 esse
2704 2267 3100 2332 venturum.
3146 2260 3318 2331 Nam
3357 2261 3414 2330 si

592 2388 662 2452 te
691 2377 785 2451 ad
818 2378 895 2452 id
930 2380 1199 2475 imperii
1236 2381 1629 2454 reformatio
1676 2380 2033 2471 invitavit,
2071 2402 2200 2454 nos
2236 2403 2449 2455 causa
2481 2383 2744 2477 imperii
2782 2384 2983 2475 cujus
3019 2383 3419 2457 deformatio

599 2504 668 2574 in
715 2503 1160 2598 dispendium
1193 2505 1495 2578 Ecclesie
1529 2505 1834 2577 Romane
1876 2504 2258 2597 redundat,
2301 2507 2743 2579 ecclesiarum
2788 2508 3046 2578 utilitas
3079 2528 3217 2600 que
3263 2507 3414 2580 lon-

596 2649 762 2720 gum
798 2627 932 2699 sub
962 2628 1294 2700 bellorum
1322 2629 1648 2702 fluctibus
1676 2626 2039 2701 dissidium
2075 2630 2331 2723 patitur
2361 2638 2429 2701 et
2464 2630 2848 2701 animarum
2885 2630 3261 2724 periculum
3293 2652 3414 2724 pro

598 2751 853 2843 quibus
887 2751 1261 2846 possessori
1294 2752 1423 2825 celi
1461 2762 1529 2824 et
1565 2762 1741 2825 terre
1788 2752 1882 2826 ad
1932 2753 2364 2825 ratiocinium
2402 2754 2815 2847 obligamur,
2853 2751 2945 2825 ad
2987 2754 3416 2847 procuranda

602 2874 785 2947 bona
815 2874 1181 2948 concordie
1214 2875 1601 2948 debuerunt
1637 2877 1880 2949 fortius
1914 2876 2283 2949 excitasse.
2308 2875 2507 2948 Unde
2547 2874 2716 2946 nihil
2748 2874 2838 2948 de
2866 2884 2982 2951 tuo
3011 2877 3167 2966 jnre
3204 2899 3416 2949 usur-

598 3020 837 3093 passe,
874 2998 963 3072 de
989 3010 1111 3074 tuo
1142 3000 1350 3090 nibil,
1389 3001 1545 3074 licet
1586 3001 2005 3076 contrarium
2039 3022 2338 3092 asseras,
2370 3022 2745 3095 occupasse
2778 3001 3003 3073 officio
3037 2999 3410 3092 credimur,

599 3122 658 3194 si
694 3143 821 3195 nos
856 3122 946 3195 de
979 3145 1278 3217 quorum
1306 3125 1592 3198 consilio
1638 3134 1706 3198 te
1740 3124 1830 3198 ad
1870 3124 1943 3198 id
1976 3127 2048 3197 in
2086 3125 2454 3220 principio,
2495 3125 2722 3198 medio
2768 3133 2834 3197 et
2880 3123 3019 3198 fine
3055 3124 3421 3220 procedere

600 3245 779 3318 sicut
807 3247 1067 3340 pluries
1090 3248 1464 3343 promisisti
1506 3247 1865 3333 decuerat,
1891 3250 2188 3346 prompti
2219 3260 2527 3323 nostrum
2561 3271 2833 3323 summo
2864 3248 3182 3322 creditori
3215 3251 3425 3322 exol-

606 3390 774 3443 vere
805 3370 1116 3444 debitum
1147 3370 1567 3446 invenimur.
1604 3372 1835 3457 Quare
1862 3373 2195 3468 premissa
2214 3427 2234 3464 ,
2269 3395 2460 3447 more
2493 3373 2774 3445 artificis
2807 3375 3005 3467 cujus
3027 3355 3490 3484 considera-'l

601 3493 771 3567 tioni
806 3516 884 3568 se
918 3496 1234 3590 primitus
1262 3495 1556 3568 offerunt
1584 3518 1721 3590 que
1752 3496 1994 3570 ultimo
2025 3498 2096 3568 in
2124 3500 2520 3593 operatione
2551 3509 3003 3589 concurrunt,
3029 3497 3424 3590 diligentius

603 3616 1057 3710 attendenteS,
1096 3619 1288 3690 illum
1317 3628 1396 3690 ut
1428 3641 1552 3714 per
1590 3641 1749 3692 eum
1788 3630 2093 3693 nostrum
2127 3621 2567 3716 impleremus
2598 3622 3055 3693 ministerium
3087 3622 3421 3714 elegimus

603 3741 677 3812 in
716 3741 848 3814 hac
875 3754 1068 3836 parte
1101 3743 1527 3834 ministrum,
1558 3743 1679 3837 qui
1721 3753 1791 3816 et
1833 3743 1957 3816 tibi
2001 3753 2069 3815 et
2102 3744 2657 3838 quibuscumque
2688 3742 3241 3816 discordantibus
3278 3744 3423 3814 mi-

603 3866 754 3938 nori
806 3875 1037 3961 posset
1072 3866 1308 3940 haberi
1342 3866 1609 3939 ratione
1653 3876 2047 3961 suspectus,
2092 3888 2234 3960 quo
2285 3868 2436 3957 ejus
2480 3888 2674 3938 mens
2724 3866 3009 3937 terrenis
3057 3864 3424 3938 desideriis

604 3989 916 4061 absoluta
954 3991 1101 4063 suis
1149 3992 1421 4063 actibus
1471 3991 1784 4063 fermenti
1820 3991 2051 4061 minus
2093 3990 2432 4083 ingereret
2485 3989 2626 4061 odii
2677 3989 2785 4060 vel
2831 3988 3117 4080 amoris,
3155 3988 3279 4080 qui
3322 4010 3425 4061 se·

601 4112 829 4207 ipsum
860 4122 930 4186 et
965 4135 1092 4185 sua
1125 4114 1521 4207 relinquens
1546 4113 1619 4185 in
1646 4112 1864 4186 divini
1904 4113 2156 4185 amoris
2185 4111 2614 4185 altitudinem
2641 4112 3003 4184 evolasset.
3041 4111 3212 4196 Quis
3238 4103 3454 4184 illius&

602 4237 974 4310 sinceritati
1013 4258 1258 4332 rugam
1299 4237 1711 4333 suspicionis
1746 4237 2078 4330 objicere,
2117 4237 2276 4330 quis
2329 4235 2516 4309 illius
2565 4234 2930 4332 puritatem
2963 4256 3147 4308 nevo
3182 4233 3416 4329 dupli-

603 4361 828 4432 citatis
856 4361 1169 4455 opposito
1202 4362 1450 4455 poterit
1474 4361 1844 4452 offuscare,
1877 4381 2086 4455 quem
2123 4369 2442 4454 suscepta
2470 4360 2910 4454 professionis
2945 4359 3147 4432 beate
3181 4357 3422 4452 religio

679 4563 748 4633 (l)
785 4562 938 4619 Hanc
960 4561 1297 4635 imperatoris
1325 4560 1605 4635 epistolam
1633 4560 1830 4617 frustra
1859 4559 2289 4632 disquisivimus,
2319 4574 2496 4633 neque
2533 4559 2729 4616 nullam
2755 4558 2915 4618 aliam
2949 4561 3067 4634 ejus
3097 4560 3422 4619 mentionem

607 4659 928 4715 invenimus.
946 4658 1004 4716 Si
1027 4658 1149 4731 quis
1176 4674 1302 4715 vero
1331 4658 1556 4715 miretur
1577 4657 1718 4731 quod
1745 4657 1801 4713 in
1827 4657 2049 4730 regestis
2083 4655 2383 4730 papalibus,
2412 4662 2474 4712 ut
2499 4654 2726 4727 solebat,
2746 4655 3065 4731 transcripta
3096 4672 3202 4716 non
3238 4657 3415 4728 fuerit,

608 4755 911 4813 omissionis
935 4770 1155 4813 causam
1177 4771 1244 4813 ex
1272 4755 1465 4813 acriori
1487 4753 1708 4813 forsitan
1733 4752 2015 4811 scribentis
2035 4752 2177 4828 stylo
2199 4752 2461 4827 suspicari
2495 4753 2708 4827 poterit.
