4500 5956
1568 535 1820 601 INDEX
1869 538 2563 602 DOCUMENTORUM.
3313 540 3468 600 1007

659 738 877 814 1255

660 863 893 940 [martio
1074 862 1256 941 Apud
1407 862 1777 927 Her-mannus
1811 863 1973 927 miles
1994 866 2064 928 de
2098 864 2367 949 Rietberq
2394 868 2770 927 donationem
2803 866 3096 928 bonorum
3123 884 3365 928 suorum
3403 870 3465 927 in

636 956 914 1041 exeunte]
978 957 1342 1038 Spigelberg.
1488 961 1873 1025 Ulvensheim
1901 966 2178 1025 ecclesiae
2202 966 2480 1027 Uterinae
2506 964 2690 1027 Vallis
2715 980 2752 1024 a
2778 981 2841 1024 se
2866 964 3086 1025 factam
3120 968 3295 1026 tertio
3329 983 3463 1042 pro-

1487 1062 1763 1131 testatur,
1792 1061 2048 1122 Hem-ico
2073 1078 2209 1141 rege
2236 1062 2393 1139 apud
2419 1061 2756 1140 Spigelberg
2790 1069 3092 1139 praesente
3124 1069 3185 1122 et
3216 1079 3464 1122 consen·

1486 1155 1687 1216 tiente.
3346 1168 3460 1218 ‘122

660 1258 692 1310 8
720 1253 886 1311 maii.
993 1249 1111 1327 Ap.
1134 1251 1334 1311 West-
1407 1248 1692 1311 Hem-icus
1731 1249 1858 1313 dua:
1893 1252 2250 1314 Brabaneiae
2286 1255 2359 1314 de
2396 1254 2681 1315 mandato
2713 1255 3115 1316 Romanorum
3154 1257 3465 1331 imperato-

936 1350 1377 1407 monasterium.
1489 1348 1591 1421 ris,
1622 1349 1685 1407 in
1727 1353 2055 1426 praesentia
2082 1353 2257 1428 regis,
2288 1355 2693 1428 episcoporum
2726 1357 2786 1410 et
2813 1356 3159 1429 magnatum
3185 1350 3457 1428 Angliae,

1486 1453 1920 1507 sacramentum
1944 1454 2202 1525 praestat
2224 1454 2350 1508 tam
2367 1448 2442 1508 de
2468 1448 2965 1508 dominalsabella
2977 1447 3388 1524 desponsanda
3401 1454 3461 1508 et

1484 1540 1822 1600 coronanda
1849 1540 1927 1601 ab
1953 1543 2304 1619 imperatore
2335 1558 2516 1620 quam
2539 1542 2615 1601 de
2654 1558 2723 1601 ea
2748 1557 2851 1617 per
2885 1548 3103 1601 terram
3138 1558 3308 1602 suam
3335 1542 3461 1601 du-

1486 1633 1672 1693 cenda
1699 1641 1791 1707 et,
1822 1639 1872 1697 si
1902 1653 2077 1698 casus
2117 1640 2352 1698 sinister
2377 1638 2679 1711 acciderit,
2709 1639 2773 1697 in
2800 1637 3076 1716 Angliam
3102 1637 3454 1697 reducenda.

632 1824 736 1909 [20
774 1830 908 1907 julii
939 1869 1369 1891 .......
1406 1827 1707 1889 Com-adm
1749 1827 2224 1891 Hilduloemensis
2261 1831 2550 1911 episcopus
2590 1832 2872 1910 Gregorio
2905 1846 3089 1906 papae
3131 1742 3459 1907 gmnnaftsst·

629 1927 907 2005 circiter.]
1479 1927 1557 1988 de
1596 1943 1740 2005 pace
1777 1927 2123 2002 reformata,
2153 1932 2506 2006 nuntiatque
2531 1931 2942 2006 imperatorem
2957 1970 2976 1999 ,
3007 1926 3128 1986 filio
3159 1929 3345 2004 ipsius
3379 1928 3453 1988 ad

1480 2028 1611 2102 ejus
1634 2026 1886 2103 gratiam
1924 2027 2237 2087 accedente
2257 2070 2275 2100 ‚
2305 2044 2445 2087 suas
2469 2027 2627 2103 apud
2655 2028 3051 2087 Wormatiam
3076 2027 3313 2100 nuptias
3350 2041 3460 2084 ce-

1480 2121 1798 2183 lebravisse
1851 2129 1912 2183 et
1952 2125 2176 2184 curiam
2224 2125 2544 2184 solemnem
2603 2122 2682 2184 ad
2724 2121 3096 2199 Moguntiam
3146 2122 3455 2185 indixisse.

3173 2226 3310 2290 729,
3345 2228 3460 2280 730

675 2313 865 2388 [circa
932 2351 1368 2376 .......
1399 2313 1733 2377 ivi-ederim
1767 2334 1946 2377 coma
1982 2315 2052 2377 de
2086 2314 2324 2377 Zollern
2353 2317 2649 2379 Friderico
2684 2317 3085 2377 Romanorum
3124 2318 3461 2393 imperatori

632 2414 904 2493 julium.]
1479 2415 1685 2475 scribit
1710 2416 2007 2492 quomodo
2042 2417 2201 2493 apud
2228 2416 2478 2476 Achaim
2503 2415 2773 2476 obsessus
2802 2414 3019 2474 damna
3054 2416 3115 2473 in
3150 2416 3460 2474 servienti-

1478 2509 1595 2571 bus
1625 2518 1687 2571 et
1711 2512 2190 2572 ministerialibus
2223 2514 2349 2572 suis
2378 2528 2415 2571 a
2441 2510 2759 2572 marscalco
2785 2507 2881 2591 [de
2908 2506 3241 2590 Justingen]
3267 2517 3328 2570 et
3351 2511 3459 2570 do-

1478 2609 1641 2668 mino
1666 2609 1742 2668 de
1767 2608 1966 2671 Nissen
1992 2608 2168 2670 fuerit
2192 2624 2530 2685 perpessus,
2560 2607 2849 2667 auxilium
2887 2613 2950 2666 et
2973 2606 3304 2666 subsidium
3338 2609 3457 2667 im-

1475 2703 1733 2781 plorans.
3337 2711 3453 2763 732

680 2796 864 2880 [circa
932 2839 1363 2860 .......
1400 2798 1703 2861 conradus
1735 2798 1806 2859 dc
1838 2796 2191 2875 Holoenloclt,
2229 2800 2535 2861 Heinrioue
2570 2796 2912 2858 marscalcus
2949 2795 3019 2857 de
3059 2796 3453 2877 Bappenleeim

638 2897 902 2977 julium]
1475 2905 1536 2958 et
1591 2898 1662 2959 C.
1710 2895 1781 2956 de
1813 2894 2165 2980 Blochinqm
2204 2900 2541 2974 imperatori
2585 2898 2865 2956 nuntiant
2905 2895 3202 2973 quomodo
3256 2912 3453 2956 comes

1475 2997 1675 3076 Egeno
1702 2998 1778 3058 de
1802 2997 2058 3076 Friburg
2101 3013 2164 3057 se
2204 2999 2268 3056 in
2310 2994 2505 3056 Urach
2535 2996 2879 3067 muniverit,
2909 2994 3055 3054 dum
3079 2996 3192 3071 ipsi
3228 2994 3451 3056 viribus

1475 3093 1742 3154 destituti
1767 3099 2027 3154 castrum
2051 3092 2285 3169 Nipben
2312 3090 2579 3151 obsidere
2602 3106 2719 3150 non
2746 3093 2991 3168 possint.
3333 3101 3448 3153 733

627 3188 902 3268 [octabu]
1055 3188 1234 3267 Apud
1399 3188 1559 3266 Ouo,
1577 3207 1758 3250 comes
1774 3186 2079 3269 palatinus
2109 3189 2260 3248 Rem·
2288 3195 2345 3249 et
2375 3185 2501 3248 dux
2521 3188 2843 3263 Bawariae,
2873 3190 2937 3248 in
2963 3191 3288 3266 praesentia
3315 3190 3448 3250 Fri-

965 3285 1321 3364 Augustam.
1474 3287 1653 3348 derici
1687 3288 2086 3348 Romanorum
2120 3288 2485 3364 imperatoris
2503 3330 2522 3359 ,
2552 3302 2687 3345 cum
2715 3286 2969 3346 Henrico
2994 3285 3206 3346 abbate
3230 3288 3301 3347 de
3337 3290 3450 3349 Te·

660 3442 882 3521 1256
1474 3399 1718 3462 gernsee
1751 3383 1966 3444 dividit
2000 3386 2063 3444 in
2107 3385 2496 3444 matrimoniis
2537 3384 2855 3443 contractis
2893 3388 3000 3443 aut
3037 3384 3452 3445 contrahendis

1472 3482 1629 3541 inter
1655 3496 1795 3541 suos
1820 3486 1880 3541 et
1903 3480 2170 3559 ejusdem
2194 3481 2473 3541 ecclesiae
2501 3480 2930 3541 ministeriales.
3064 3503 3065 3506 ¹
3335 3491 3443 3543 791

635 3568 897 3635 decemb.
950 3574 1338 3656 Nuremberg.
1400 3574 1725 3653 conradus,
1744 3575 2033 3637 Fvidm‘d
2055 3578 2444 3637 Romanorum
2467 3577 2832 3656 imperatoris
2846 3573 3046 3654 filim,
3077 3578 3449 3638 donationem

1476 3692 1658 3753 quam
1683 3676 2058 3736 Hermannus
2093 3675 2287 3734 dictus
2324 3673 2605 3752 Anguilla
2644 3680 2705 3733 et
2742 3689 2894 3734 uxor
2932 3676 3061 3750 ejus
3086 3673 3304 3733 Bertba
3330 3673 3447 3733 fra·

1474 3772 1667 3833 tribus
1701 3772 2009 3848 hospitalis
2041 3770 2294 3832 Sanctae
2330 3772 2555 3831 Mariae
2589 3770 3088 3831 Tbeutonicorum
3125 3773 3188 3830 in
3224 3771 3279 3831 N
3282 3774 3448 3830 urin·

1473 3867 1612 3929 berc
1638 3868 1712 3928 de
1746 3867 2211 3946 possessionibus
2236 3869 2360 3927 suis
2385 3866 2605 3927 ibidem
2631 3868 2760 3927 sitis
2785 3865 2896 3925 sub
2923 3865 3279 3942 quibusdam
3306 3884 3446 3927 con-

1473 3963 1798 4025 ditionibus
1822 3963 2102 4037 fecerant,
2132 3962 2461 4024 confirmat.
3334 3973 3451 4023 926

631 4052 893 4118 decemb.
943 4057 1335 4138 Nuremberg.
1396 4059 1672 4118 Testatur
1722 4057 2055 4119 conradum
2112 4057 2543 4136 butegelarium
2608 4055 2684 4116 de
2739 4052 3101 4133 Nuremberg
3117 4100 3135 4133 ‚
3188 4059 3446 4118 auctori-

1474 4160 1597 4216 tate
1621 4157 1807 4232 patris
1833 4157 1927 4216 sui
1962 4161 2022 4215 et
2058 4172 2195 4230 sua,
2228 4154 2513 4232 quasdam
2542 4169 2706 4214 areas
2743 4152 3019 4229 hospitali
3044 4153 3294 4215 Sanctae
3319 4156 3453 4215 Ma-

1475 4256 1597 4315 riae
1620 4254 2125 4315 Thcutonicorum
2157 4256 2222 4313 in
2249 4253 2614 4332 Nuremberg
2649 4254 2791 4313 olim
2834 4253 3102 4328 donatas,
3135 4254 3208 4314 de
3234 4256 3452 4332 quibus

1473 4353 1741 4428 quaestio
1786 4350 2156 4426 movebatur,
2198 4351 2390 4411 eidem
2432 4350 2707 4430 hospitali
2752 4351 3176 4411 sententialiter
3216 4352 3452 4428 adjudi-

1473 4463 1657 4509 casse.
3336 4460 3448 4510 927
