4500 5956
1772 568 2390 632 ADmTAMENTA.
3380 570 3496 630 941

680 725 887 797 quam
932 705 1222 795 futuris,
1268 705 1591 777 volumus
1644 727 1796 779 esse
1833 715 2112 796 notum,
2162 705 2352 801 quod
2404 703 2833 797 Volquinus‚
2880 703 3293 775 venerabilis
3341 726 3490 776 ma-

681 827 892 920 gister
923 828 1208 898 fratrum
1240 827 1482 901 militie
1514 827 1765 901 Christi
1808 830 1877 901 in
1912 829 2224 918 Livonia,
2277 827 2500 900 fidelis
2537 836 2791 917 noster,
2836 827 3226 899 celsitudini
3268 838 3497 900 nostre

680 950 1096 1044 supplicavit
1139 951 1487 1024 humiliter
1536 960 1607 1024 et
1642 953 1926 1045 devote,
1970 962 2048 1023 ut
2096 971 2457 1046 personam
2506 972 2731 1038 suam,
2786 950 3025 1021 fratres
3063 956 3132 1020 et
3184 949 3497 1023 homines

680 1095 843 1145 suos
897 1084 965 1146 et
1033 1096 1461 1148 successores
1518 1097 1797 1166 eorum,
1855 1096 2016 1148 cum
2079 1074 2404 1147 omnibus
2452 1073 2653 1144 bonis
2718 1093 2955 1143 eorum
3003 1071 3365 1144 stabilibus
3430 1081 3499 1145 et

683 1195 1085 1285 mobilibuS‚
1139 1208 1278 1269 tam
1335 1198 1838 1289 ecclesiasticis,
1898 1219 2108 1291 quam
2152 1195 2560 1285 mundanis,
2615 1195 2746 1266 sub
2783 1194 3202 1288 protectione
3242 1205 3317 1267 et
3362 1194 3498 1267 de-

683 1319 988 1391 fensione
1018 1330 1248 1392 nostra
1289 1331 1359 1392 et
1391 1322 1659 1416 imperii
1697 1321 2002 1415 recipere
2044 1319 2529 1412 dignaremur3
2571 1338 2899 1413 personas
2938 1339 3175 1389 eorum
3197 1372 3215 1406 ‚
3255 1318 3499 1393 domos

682 1464 840 1514 cum
896 1444 1451 1538 possessionibus
1508 1445 1858 1539 acquisitis
1911 1466 1994 1516 ac
2040 1443 2367 1537 deinceps
2415 1443 2600 1534 justo
2649 1442 2846 1513 titulo
2892 1441 3369 1534 acquirendis,
3423 1442 3496 1513 in

682 1565 1007 1639 manibus
1041 1569 1292 1640 nostris
1327 1577 1397 1641 et
1442 1568 1712 1663 imperii
1751 1568 2146 1652 retinentes,
2196 1566 2369 1637 nulli
2409 1565 2541 1637 alie
2583 1585 2874 1659 persone
2920 1564 3352 1637 advocatiam
3390 1565 3497 1661 ip-

680 1711 911 1764 sorum
946 1693 1182 1788 aliquo
1231 1693 1630 1767 advenienti
1668 1706 1971 1787 tempore
2005 1692 2384 1765 concedere
2421 1689 2862 1763 deberemus.
2904 1692 3043 1762 Nos
3081 1691 3291 1783 igitur
3328 1713 3495 1785 sup-

680 1814 1077 1908 plicationes
1121 1817 1429 1911 ipsorum
1480 1818 1943 1891 favorabiliter
1973 1815 2449 1906 admittentes,
2499 1816 2834 1909 prefatum
2873 1815 3311 1908 magistrum,
3362 1817 3499 1888 fra-

679 1949 817 2011 tres
839 1950 910 2011 et
938 1962 1367 2014 successores
1393 1962 1661 2031 eorum,
1703 1963 1862 2013 cum
1889 1940 2237 2033 domibus,
2265 1939 2814 2034 possessionibus
2847 1949 2918 2010 et
2940 1939 3262 2011 omnibus
3298 1940 3498 2012 bonis

679 2063 850 2153 suis,
897 2073 1037 2134 tam
1071 2064 1468 2156 mobilibuS,
1512 2087 1727 2158 quam
1758 2064 2156 2153 stabilibuS‚
2197 2063 2675 2137 ecclesiasticis
2715 2071 2786 2135 et
2817 2062 3216 2151 mundanis,
3249 2086 3387 2158 que
3423 2064 3494 2135 in

679 2187 1170 2279 presentiarum
1198 2189 1384 2280 juste
1418 2187 1804 2283 possident,
1832 2187 2156 2261 videlicet
2186 2187 2260 2257 in
2299 2187 2610 2276 Livonia,
2653 2184 2894 2276 Lettia,
2929 2186 3163 2276 Osilia,
3202 2208 3330 2259 nec
3360 2210 3494 2260 non

679 2317 747 2382 et
792 2320 1007 2382 terras
1038 2312 1358 2403 Sackele,
1396 2313 1664 2402 Moche,
1707 2312 2093 2407 Alenboys,
2133 2309 2655 2400 Normekunde,
2705 2311 3015 2400 Jervven,
3059 2309 3495 2383 medietatem

682 2441 858 2504 terre
897 2434 1259 2529 Waygele‚
1313 2457 1470 2507 cum
1506 2435 1933 2531 pertinentiis
1963 2457 2229 2524 earum,
2273 2445 2341 2506 et
2373 2443 2634 2530 partem
2669 2442 2867 2523 terre,
2906 2455 3114 2526 quam
3147 2435 3497 2529 possident

679 2554 750 2626 in
801 2556 1192 2652 Semigallia
1224 2570 1294 2631 et
1339 2559 1742 2648 Curlandia,
1795 2569 1864 2630 et
1913 2580 2050 2653 que
2095 2558 2166 2628 in
2206 2559 2517 2629 futurum
2554 2557 2626 2627 in
2682 2555 2943 2628 eisdem
2989 2556 3186 2628 terris
3218 2567 3286 2628 et
3334 2558 3500 2629 alibi

669 2681 856 2772 justo
904 2681 1104 2755 titulo
1155 2691 1480 2778 poterunt
1534 2683 1865 2778 adipisci,
1923 2682 2056 2754 sub
2117 2681 2534 2777 protectione
2572 2701 2654 2751 ac
2704 2677 3106 2751 defensione
3157 2690 3381 2752 nostra
3429 2690 3500 2753 et

679 2803 945 2899 imperii
990 2807 1434 2902 recipientes,
1485 2807 1576 2880 de
1612 2807 1812 2880 solita
1852 2805 2293 2899 benignitatis
2331 2812 2559 2876 nostre
2606 2802 2863 2895 gratia,
2900 2823 3041 2897 qua
3082 2801 3317 2876 fideles
3351 2804 3498 2875 im-

677 2929 849 3023 perii
912 2943 980 3004 et
1042 2932 1424 3027 specialiter
1471 2931 1720 3004 Christi
1777 2927 2076 3003 servitiis
2119 2929 2524 3025 deputatoS,
2560 2926 3050 3001 consuevimus
3094 2927 3495 3022 prevenire,

679 3052 846 3147 ipsis
894 3056 1260 3128 clementer
1299 3056 1630 3129 duximus
1678 3054 2196 3127 concedendum
2220 3108 2239 3143 ,
2283 3064 2359 3126 ut
2391 3052 2583 3126 omni
2624 3050 2829 3124 modo
2869 3052 2943 3122 in
2977 3052 3230 3125 nostris
3254 3062 3323 3124 et
3353 3052 3497 3123 im-

677 3177 850 3271 perii
905 3180 1230 3251 manibus
1276 3188 1792 3269 conserventur,
1839 3187 1908 3250 et
1945 3178 2115 3249 nulli
2154 3197 2448 3273 persone
2490 3174 2966 3249 advocationis
3006 3176 3165 3268 jure
3215 3176 3496 3249 eosdem

680 3299 771 3373 de
803 3311 1030 3376 cetero
1074 3303 1563 3396 subjiciamus,
1623 3302 1965 3375 universis
2001 3311 2070 3374 et
2110 3300 2402 3393 singulis
2442 3299 2712 3394 imperii
2759 3297 3084 3372 fidelibus
3122 3299 3497 3392 injungen-

680 3433 781 3496 tes
828 3427 1155 3519 quatinus
1204 3428 1395 3500 nulla
1428 3426 1758 3523 deinceps
1788 3447 2078 3520 persona
2114 3423 2575 3497 ecclesiastica
2609 3423 2719 3493 vel
2764 3420 3146 3513 mundana,
3184 3421 3498 3493 sublimis

677 3550 790 3621 vel
818 3550 1127 3640 humilis,
1181 3553 1523 3645 prefatum
1564 3549 1992 3643 magistrum,
2056 3551 2291 3621 fratres
2338 3558 2408 3620 et
2451 3567 2884 3619 successores
2935 3566 3209 3632 eorum,
3262 3554 3497 3617 contra

678 3684 1061 3765 presentem
1119 3674 1422 3747 divalem
1482 3674 1802 3769 paginam
1856 3671 2297 3767 protectionis
2349 3681 2417 3742 et
2461 3669 2881 3742 defensionis
2934 3668 3238 3762 ipsorum
3287 3686 3497 3759 super

681 3798 1027 3888 premissis
1100 3798 1439 3893 impedire
1511 3798 1623 3869 vel
1687 3798 2048 3870 molestare
2129 3802 2501 3890 presumat.
2545 3790 2747 3877 Quod
2811 3791 2931 3883 qui
3007 3788 3488 3884 presumserit,

678 3929 905 4013 preter
958 3921 1505 4015 indignationem
1558 3922 1768 3995 nostri
1808 3920 2162 4011 culminis,
2220 3939 2468 4013 penam
2514 3925 2789 3988 centum
2835 3914 3165 3984 librarum
3216 3913 3364 3984 auri
3418 3933 3495 3985 se

679 4046 1216 4138 compositurum
1267 4055 1627 4141 agnoscat,
1671 4045 2107 4119 medietatem
2172 4041 2360 4114 curie
2420 4050 2649 4113 nostre
2705 4048 2775 4111 et
2834 4037 3170 4130 reliquam
3233 4045 3494 4130 partem

675 4167 900 4261 passis
962 4168 1281 4260 injuriam
1344 4172 1755 4243 soluturum.
1825 4166 1933 4240 Ad
1982 4168 2191 4259 hujus
2250 4166 2486 4259 itaque
2536 4163 2932 4236 memoriam
2994 4159 3095 4231 rei
3158 4170 3226 4231 et
3283 4160 3498 4231 robur

678 4300 1007 4386 perpetue
1041 4292 1413 4387 firmitatiS,
1449 4302 1829 4389 presentem
1861 4290 2160 4363 divalem
2201 4290 2523 4386 paginam
2561 4287 2710 4359 fieri
2753 4296 2823 4358 et
2850 4285 3040 4356 bulla
3077 4304 3320 4374 aurea,
3373 4293 3498 4380 ty—

681 4416 872 4508 pario
913 4426 1144 4489 nostre
1185 4418 1556 4509 majestatis
1592 4417 1959 4511 impressa,
2003 4414 2338 4506 jussimus
2373 4411 2807 4486 communiri.

776 4539 997 4631 Hujus
1035 4541 1132 4613 rei
1170 4551 1375 4614 testes
1408 4552 1570 4614 sunt
1607 4567 1625 4612 2
1665 4539 2009 4614 Berardus
2037 4536 2138 4634 (a)
2185 4538 2739 4629 Panormitanus,
2795 4535 3089 4608 Iacobus
3132 4533 3499 4629 Capuanus

764 4675 846 4754 (a)
891 4679 962 4738 In
987 4679 1272 4756 impresso
1297 4678 1431 4741 Per.
