4500 5956
746 579 945 638 lantcr-
976 575 1065 653 9.]
1641 575 2034 636 HISTORIA
2083 571 2663 633 D1PLOMATICA.
3440 578 3559 640 903

745 731 954 807 super
991 709 1128 782 hiis
1160 730 1300 807 que
1334 709 1665 784 honorem
1701 711 1902 784 Urbis
1936 719 2006 783 et
2052 708 2241 780 orbis
2275 708 2654 803 respiciunt
2694 718 2856 781 vota
2908 716 3135 780 vestra
3165 709 3559 802 plenissime

745 833 1143 924 conferatis;
1202 853 1380 927 quos
1431 834 1672 924 etiam,
1720 843 1923 928 prout
1976 833 2332 926 negotium
2380 840 2643 904 tantum
2682 828 3044 919 condecet,
3089 831 3438 906 instruatis
3485 845 3559 907 ut

748 955 843 1028 ad
872 956 1083 1028 totius
1122 955 1499 1049 reipublice
1531 956 1835 1028 Romane
1884 954 2101 1028 decus
2143 964 2213 1027 et
2254 962 2503 1025 statum
2539 963 2926 1047 respectum
2970 952 3336 1044 habentes,
3379 957 3560 1029 circa

747 1100 876 1150 nos
918 1100 957 1148 a
996 1076 1289 1149 sinistris
1323 1098 1465 1150 non
1513 1076 1876 1150 dexterent
1917 1087 1985 1150 et
2032 1075 2127 1149 ad
2163 1076 2522 1150 dexteram
2568 1096 2708 1147 non
2752 1074 3126 1147 sinistrent.
3182 1077 3321 1148 Nos
3375 1078 3558 1148 enim

746 1203 818 1271 in
881 1209 1022 1272 tam
1084 1200 1323 1272 arduis
1384 1210 1454 1272 et
1514 1201 1808 1273 excelsis
1856 1201 2152 1292 negotiis
2224 1220 2363 1271 non
2413 1209 2549 1269 tam
2609 1197 2861 1269 utiliter
2911 1220 3120 1290 quam
3177 1201 3561 1272 necessario
3580 1182 3591 1283 ,ἶ

747 1322 946 1394 nobis
984 1323 1172 1416 ipsos
1207 1324 1735 1417 assumpsimus,
1776 1333 1855 1395 ut
1888 1323 2057 1418 quia
2099 1343 2326 1416 usque
2369 1319 2925 1415 prepedientibus
2965 1321 3119 1393 aliis
3157 1323 3368 1395 Rome
3406 1298 3585 1417 pre-²

748 1445 1038 1518 sentiam
1099 1446 1353 1520 habere
1411 1468 1552 1518 non
1616 1468 2023 1542 possumus,
2082 1446 2325 1518 saltem
2388 1444 2753 1516 consilium
2807 1443 3209 1516 habeamus,
3264 1443 3376 1517 Ad
3430 1446 3558 1518 hec

746 1589 884 1661 que
917 1569 1168 1640 Hector
1202 1567 1292 1642 de
1327 1569 1676 1642 Montiscis
1707 1568 1815 1666 (⁴)
1847 1567 2071 1641 fidelis
2121 1577 2352 1640 noster
2399 1566 2598 1641 vobis
2631 1588 2725 1638 ex
2764 1576 2957 1660 parte
2999 1579 3230 1639 nostra
3274 1567 3555 1658 dixerit,

747 1690 1219 1763 indubitanter
1258 1692 1578 1764 credatis.

851 2285 1141 2370 Eodem
1187 2309 1420 2394 ann0‚
1459 2285 1626 2371 XVI
1662 2286 2011 2396 augusti,
2050 2286 2412 2370 dominus
2446 2286 2870 2372 Fridericus
2923 2289 3334 2399 imperator
3386 2317 3564 2375 cum
3679 2313 3902 2416 tm&

747 2416 994 2503 tribus
1036 2418 1378 2502 millibus
1413 2418 1787 2502 militibus
1830 2418 2262 2503 Teutonicis
2305 2420 2509 2503 venit
2541 2421 2962 2527 Veronam,
3011 2431 3086 2503 et
3137 2422 3217 2504 in
3272 2448 3562 2508 mona-
3613 2422 3751 2465 ¹⁸·³¹
3771 2421 3962 2475 mm·

750 2552 976 2635 sterio
1012 2551 1270 2635 Sancti
1305 2550 1631 2634 Zenonis
1666 2550 1995 2661 benigne
2028 2563 2373 2661 receptus
2409 2562 2524 2636 est
2565 2577 2702 2661 per
2742 2553 3144 2636 dominum
3187 2552 3563 2640 Icerinum

747 2684 843 2767 de
908 2683 1256 2768 Romano
1282 2746 1307 2792 ,
1373 2693 1666 2794 partem
1734 2682 2327 2770 Monticulorum
2388 2694 2466 2768 et
2523 2684 3118 2794 quatuorviginti
3179 2687 3314 2796 qui
3381 2699 3565 2772 tunc

747 2815 1116 2924 regebant
1175 2816 1554 2900 civitatem
1607 2816 1851 2901 Veron
1859 2840 1975 2900 ae.
2035 2816 2397 2926 Sequenti
2451 2840 2630 2900 vero
2681 2817 2807 2900 die
2856 2817 3105 2900 dictus
3158 2818 3567 2926 imperator

748 2972 922 3032 cum
978 2946 1144 3058 eJus
1199 2947 1530 3033 exercitu
1584 2947 1718 3033 ivit
1766 2947 2189 3032 Vacaldum
2204 3010 2229 3053 ,
2272 2957 2348 3032 et
2380 2947 2665 3032 ibidem
2717 2974 2853 3059 per
2899 2949 3334 3059 quindecim
3405 2952 3566 3036 dies

750 3080 977 3164 stetit.
1037 3079 1535 3164 Postmodum
1572 3079 1924 3164 transivit
1974 3081 2177 3164 ultra
2210 3079 2560 3168 Menzum
2603 3082 2704 3165 ad
2751 3082 3203 3166 Cremonam
3249 3086 3560 3168 vadens,

749 3212 995 3294 Puus,
1039 3238 1131 3294 nn
1170 3213 1490 3321 Cannu,
1547 3212 1890 3296 chronic.
1946 3218 2245 3320 Veron„
2292 3238 2418 3323 ap.
2462 3212 2877 3322 Munnom,
2919 3215 3199 3326 Script.
3251 3225 3308 3298 t.
3360 3216 3568 3326 VIII,

749 3368 827 3452 p.
871 3345 1057 3427 629.
3183 3347 3186 3352 ”

857 3856 1269 3967 Gregorius
1331 3885 1529 3969 papa
1601 3859 2164 3969 archiepiscopo
2235 3860 2647 3944 Ravennati
2718 3872 2792 3945 et
2854 3862 3353 3972 suffraganeis
3406 3863 3571 3974 ejus
3663 3894 3881 4001 1⁹¹3?AEss
3882 3949 3935 3990 u.

752 3987 1014 4073 scribit
1047 3988 1145 4073 de
1177 3999 1383 4074 recta
1425 3992 1843 4076 intentione
1882 4017 2120 4102 quam
2156 3992 2319 4101 ipse
2351 3991 2622 4075 habuit
2655 3991 2735 4074 in
2775 4003 2936 4076 toto
2970 4018 3327 4103 processu
3362 3998 3572 4105 pacis

750 4121 947 4204 inter
981 4122 1515 4232 imperatorem
1550 4123 2020 4209 Fridericum
2053 4134 2130 4207 et
2173 4122 2644 4208 Lombardos
2661 4183 2686 4232 ,
2727 4124 3055 4207 suadens
3101 4135 3187 4208 ut
3220 4151 3391 4210 eam
3426 4127 3570 4237 ipsi

755 4252 1191 4363 imperatori
1227 4256 1614 4340 insinuent
1645 4266 1724 4341 et
1756 4257 1965 4368 pacis
2002 4257 2294 4341 bonum
2329 4266 2760 4367 procurent.

826 4569 897 4643 (⁴)
932 4571 1145 4629 Nomen
1171 4572 1312 4632 male
1346 4589 1663 4650 expressum
1689 4574 2044 4650 suspicamur.
2072 4575 2321 4633 Forsitan
2344 4574 2542 4633 Hector
2574 4572 2639 4631 de
2676 4573 3037 4633 Montichiello
3068 4573 3155 4634 vel
3176 4574 3354 4649 potius
3375 4573 3578 4632 Hector

754 4670 820 4727 de
846 4671 1246 4746 Montefuscolo.
