4500 5956
550 612 744 671 Ῑιωιοτ.
785 609 907 685 10.]
1446 601 1840 662 HISTORIA
1891 602 2475 665 DIPLOMATICA.
3247 602 3362 663 921

551 745 668 816 lex
715 741 986 815 Domini
1048 746 1458 812 convertens
1497 736 1763 808 animas
1799 736 1899 808 sic
1943 757 2181 808 omnes
2218 737 2455 810 fideles
2503 738 2860 810 seduceret
2895 736 3085 832 quod
3121 757 3241 808 eos
3274 731 3369 809 de'

551 866 824 937 fornace
869 865 1088 935 ferrea
1118 858 1494 931 Pharaonis
1520 857 1803 930 eductos
1839 857 1930 930 ad
1959 878 2122 930 vere
2157 856 2322 929 fidei
2356 861 2667 932 notitiam
2700 859 3046 932 evocaret!
3089 859 3361 931 Utinam

552 1006 792 1058 omnes
844 984 1085 1058 fideles
1130 983 1230 1054 sic
1279 1002 1442 1053 suos
1487 981 1870 1074 superiores
1927 979 2353 1054 offenderent
2396 982 2586 1076 quod
2634 980 2724 1054 ad
2777 980 3197 1055 auditorium
3252 1002 3362 1052 ce-

553 1108 722 1178 leste
760 1108 981 1179 vocati
1020 1104 1296 1200 preooni
1332 1113 1646 1197 parerent
1677 1103 2048 1192 dominico,
2089 1113 2157 1175 et
2199 1105 2269 1174 in
2316 1126 2392 1176 se
2432 1115 2570 1175 tam
2611 1105 2888 1176 salutari
2931 1105 3360 1175 contumacia

554 1249 832 1299 suorum
888 1226 1218 1299 offensam
1279 1224 1667 1318 principum
1725 1222 2214 1317 provocarent!
2252 1224 2581 1296 Tolosano
2629 1224 2857 1296 comiti
2916 1225 3040 1295 etsi
3096 1225 3228 1295 lata
3286 1225 3355 1294 in

554 1369 712 1421 eum
771 1346 1505 1419 excommunicationis
1566 1346 1903 1417 sententia
1971 1347 2360 1438 nequiverit
2418 1345 2857 1440 privilegium
2916 1345 3363 1416 immunitatis

555 1468 794 1542 afferre
839 1471 952 1542 vel
989 1470 1128 1560 J'uri
1163 1479 1284 1540 tuo
1314 1468 1772 1563 prejudicium
1813 1490 2164 1561 generare,
2200 1468 2440 1541 debuit
2482 1479 2712 1540 tamen
2743 1469 2807 1540 ei
2838 1470 3138 1540 favorem
3173 1489 3359 1539 com·

556 1591 906 1663 munionis
949 1590 1321 1684 imperialis
1359 1591 1653 1678 auferre,
1694 1611 1905 1682 quam
1933 1591 2068 1661 sibi
2112 1590 2451 1683 nequibas
2493 1598 2718 1683 preter
2749 1591 2974 1662 anime
3020 1600 3137 1662 tue
3184 1589 3362 1685 peri-

557 1714 785 1785 culum
826 1735 965 1807 que
996 1713 1121 1784 tibi
1156 1714 1344 1784 omni
1378 1713 1701 1784 thesauro
1737 1712 1947 1785 debet
1969 1735 2120 1784 esse
2152 1715 2396 1799 carior,
2437 1713 2818 1804 indulgere,
2855 1721 2931 1784 ut
2964 1714 3095 1786 hoc
3124 1713 3362 1785 saltem

557 1836 807 1907 rubore
838 1836 1159 1928 perfusus
1202 1835 1296 1907 ad
1331 1836 1559 1906 sinum
1603 1836 1842 1906 matris
1881 1835 2132 1907 rediret
2177 1836 2481 1907 Ecclesie
2505 1845 2574 1906 et
2612 1835 2733 1906 tibi
2767 1837 2914 1908 sine
2958 1836 3196 1907 salutis
3249 1845 3365 1908 tue

558 1957 922 2051 dispendio
968 1967 1200 2052 posset
1241 1957 1552 2029 debitum
1600 1959 1958 2029 servitium
2003 1958 2352 2030 exhibere.
2410 1958 2724 2030 Ceterum
2777 1981 2864 2030 ne
2907 1969 3134 2031 nostro
3179 1960 3368 2053 quod

559 2099 801 2151 verum
833 2090 938 2151 est
972 2081 1420 2173 patefaciente
1463 2102 1794 2174 responso
1836 2081 2021 2152 dicta
2059 2102 2484 2174 exaggerare
2527 2103 2855 2173 cogamur
2885 2094 2955 2153 et
2990 2093 3212 2175 gesta,
3253 2104 3365 2154 ca·

559 2202 737 2274 lamo
785 2213 1015 2274 nostro
1063 2203 1467 2275 brevitatem
1505 2204 1900 2293 indicimus,
1943 2214 2013 2275 et
2047 2226 2134 2275 ne
2172 2227 2379 2298 super
2414 2225 2498 2276 eo
2537 2205 2725 2298 quod
2764 2205 2853 2277 de
2884 2206 3037 2298 lege
3073 2207 3261 2297 regia
3298 2215 3368 2277 et

561 2324 895 2419 episcopis
921 2327 1292 2419 scripseras
1321 2326 1645 2398 honorem
1672 2336 1869 2397 tuum
1902 2327 2100 2399 obice
2125 2328 2437 2398 veritatis
2464 2336 2852 2421 exasperet,
2891 2328 3360 2421 prohibemus.

561 2447 695 2517 Sed
732 2448 915 2519 vade
942 2448 1033 2519 ad
1078 2459 1348 2520 tuorum
1399 2451 1797 2522 memoriam
1839 2451 2394 2543 predecessorum
2436 2460 2505 2523 et
2550 2452 2843 2544 inspice,
2892 2451 3102 2522 transi
3144 2451 3234 2523 ad
3272 2452 3367 2523 fe-

563 2569 710 2640 licis
745 2571 1235 2643 recordationis
1265 2572 1716 2661 Constantini,
1766 2574 1986 2644 Caroli
2022 2575 2282 2666 magni,
2325 2573 2601 2645 Arcadii
2634 2584 2704 2644 et
2736 2573 3190 2645 Valentiniani
3235 2573 3365 2644 im-

561 2698 947 2783 peratorum
970 2695 1309 2787 exempla,
1334 2704 1405 2764 et
1430 2715 1513 2765 ea
1552 2695 1951 2788 diligentius
1975 2697 2333 2790 speculare
2366 2695 2487 2767 ubi
2516 2695 2912 2767 infaillibilis
2950 2691 3366 2791 solutio[nis]

561 2813 909 2884 conclusio
946 2815 1095 2884 sine
1137 2814 1457 2885 instantia
1498 2837 1708 2909 super
1753 2817 2097 2908 premissis
2137 2817 2497 2911 accipitur,
2543 2816 2663 2888 ubi
2717 2816 3149 2911 reprobanda
3198 2817 3367 2888 false

562 2934 903 3028 opinionis
977 2939 1358 3033 assumptio
1413 2940 1834 3011 confutatur.
1898 2939 2075 3012 lllud
2140 2950 2368 3011 autem
2424 2939 2704 3013 minime
2769 2940 3171 3036 preterimus
3245 2940 3367 3013 toti

562 3062 823 3133 mundo
859 3063 1137 3156 publice
1187 3064 1621 3136 manifestum
1653 3065 1842 3158 quod
1870 3065 2217 3159 predictus
2264 3067 2743 3137 Constantinus
2780 3067 2903 3159 qui
2946 3065 3363 3158 singularem

564 3204 770 3276 super
802 3185 1125 3255 universa
1177 3186 1421 3257 mundi
1471 3186 1741 3257 climata
1789 3189 2252 3260 monarchiam
2296 3189 2681 3276 obtinebat,
2712 3211 2848 3261 una
2888 3211 3042 3261 cum
3077 3198 3216 3262 toto
3254 3211 3362 3261 se-

566 3316 724 3377 natu
762 3316 832 3378 et
864 3308 1118 3401 populo
1155 3330 1292 3380 non
1324 3310 1545 3380 solum
1580 3311 1818 3399 Urbis,
1849 3311 1971 3381 sed
2003 3312 2073 3381 in
2111 3320 2253 3383 toto
2283 3313 2588 3384 Romano
2633 3312 2918 3408 imperio
2967 3313 3359 3402 constituto,

562 3432 873 3502 unanimi
911 3433 1223 3504 omnium
1274 3434 1651 3508 accedente
1703 3456 2037 3507 consensu
2061 3494 2076 3523 ,
2129 3437 2420 3530 dignum
2463 3460 2612 3511 esse
2652 3438 3028 3512 decernens
3070 3452 3148 3511 ut
3189 3441 3367 3512 sicut

563 3554 890 3649 principis
937 3556 1417 3649 Apostolorum
1463 3560 1764 3631 vicarius
1796 3561 1862 3630 in
1923 3570 2061 3632 toto
2110 3563 2277 3633 orbe
2321 3563 2680 3635 sacerdotii
2720 3574 2788 3634 et
2838 3564 3221 3634 animarum
3257 3586 3364 3635 re-

564 3679 766 3769 gebat
810 3679 1209 3773 imperium,
1252 3682 1352 3752 sic
1404 3683 1473 3752 in
1532 3685 1853 3756 universo
1902 3686 2164 3757 mundo
2220 3707 2451 3757 rerum
2508 3686 2842 3758 obtineret
2885 3697 2955 3758 et
3001 3708 3364 3781 corporum

565 3801 1060 3896 principatum,
1100 3813 1170 3875 et
1201 3805 1607 3878 existimans
1649 3807 1838 3877 illum
1897 3815 2159 3879 terrena
2206 3807 2458 3879 debere
2501 3809 2631 3879 sub
2662 3808 2936 3880 habena
2964 3809 3222 3901 justitie
3262 3830 3367 3879 re·

564 3940 724 4010 gere
760 3925 872 3994 cui
926 3925 1290 3996 Dominum
1332 3941 1619 3999 noverat
1650 3929 1722 3999 in
1758 3930 1953 4000 terris
2004 3930 2353 4000 celestium
2399 3931 2706 4020 regimen
2737 3931 3186 4022 commisisse,
3233 3933 3367 4004 Ro-

567 4065 767 4116 mano
817 4046 1123 4140 pontifici
1168 4051 1363 4142 signa
1412 4060 1482 4121 et
1514 4061 1779 4144 sceptra
1823 4052 2232 4147 imperialia,
2278 4054 2526 4124 Urbem
2556 4074 2715 4124 cum
2751 4062 2891 4125 toto
2937 4054 3191 4125 ducatu
3239 4075 3366 4126 suo

564 4186 772 4257 quam
797 4170 1054 4262 sparsis
1084 4169 1154 4240 in
1176 4191 1265 4276 fea
1293 4174 1609 4265 pecuniis
1638 4173 1834 4245 nobis
1857 4174 2130 4246 turbare
2160 4175 2417 4245 moliris
2444 4174 2504 4268 (l
2523 4175 2573 4268 ),
2602 4175 2784 4246 illius
2809 4196 3101 4268 sequens
3127 4198 3380 4249 exem-⁷

636 4479 706 4552 (⁴)
744 4481 860 4536 Huc
880 4484 1130 4540 convenit
1151 4486 1294 4557 quod
1323 4502 1470 4543 more
1499 4503 1598 4545 suo
1628 4488 1865 4546 breviter
1887 4497 2034 4547 notat
2069 4473 2358 4550 Riccardus
2397 4491 2465 4550 de
2486 4493 2682 4551 Sancto
2710 4493 3014 4553 Germano:
3045 4516 3073 4552 α
3092 4499 3205 4558 Hoc
3230 4517 3370 4562 anno

569 4579 705 4633 ⁴236
732 4578 920 4635 Petrus
944 4580 1243 4654 FraJapane
1280 4585 1336 4640 in
1364 4586 1499 4642 urbe
1541 4587 1703 4643 Roma
1740 4603 1839 4660 pro
1864 4595 2020 4680 parte
2046 4590 2381 4664 imperatoris
2398 4607 2647 4663 guerram
2667 4599 2858 4680 ‘movet
2890 4601 3076 4652 contra
3098 4613 3293 4672 papam
3317 4608 3372 4658 et

566 4680 882 4745 senatorem,
911 4683 967 4732 et
990 4677 1180 4736 seditio
1212 4679 1351 4737 facta
1382 4689 1466 4740 est
1487 4684 1654 4739 multa
1678 4684 1732 4740 in
1758 4685 1974 4759 populo.
1998 4705 2025 4738 »

722 4773 831 4835 IV.
877 4786 991 4835 Pu·
1016 4795 1060 4837 π.
2943 4798 3054 4850 116
