4500 5956
540 585 736 643 Iunior.
773 575 856 658 7.]
1444 572 1836 634 HISTORIA
1889 574 2472 636 DIPLOMATICA.
3244 574 3365 636 683

547 713 884 786 dinalium
926 707 1238 782 omnium
1289 705 1835 799 indignationem
1876 708 2354 799 gravissimam
2407 708 2860 800 incurrimuS,
2935 707 3117 779 sicut
3158 707 3360 780 etiam

547 835 978 931 principibus
1005 831 1331 905 omnibus
1364 850 1505 901 non
1532 830 1870 921 ignotum.
1901 830 2015 903 Ad
2049 831 2178 904 bec
2201 855 2363 905 cum
2385 831 2837 922 Ludewicus,
2866 831 3028 902 olim
3054 830 3206 904 dux
3231 832 3362 904 Ba-

545 959 764 1049 varie,
825 956 1109 1029 domino
1150 963 1220 1028 et
1253 953 1434 1048 patri
1471 963 1706 1025 nostro
1750 955 2185 1048 opposuisset
2220 976 2297 1026 se
2335 977 2494 1027 cum
2534 957 2679 1028 suis
2725 954 3107 1027 fautoribus
3141 954 3360 1026 mani·

544 1084 743 1169 feste,
783 1101 915 1152 nos
952 1079 1238 1152 collecto
1273 1075 1584 1148 exercitu
1630 1098 1790 1148 cum
1821 1098 1959 1149 non
1993 1078 2266 1151 modico
2292 1100 2519 1151 rerum
2548 1087 2928 1150 nostrarum
2956 1076 3353 1172 dispendio,

546 1216 791 1278 terram
820 1224 1020 1276 suam
1055 1201 1392 1274 hostiliter
1416 1198 1874 1292 ingrediendo
1900 1201 2255 1294 coegimus
2289 1223 2448 1274 eum
2483 1203 2675 1296 quod
2706 1225 2747 1274 a
2776 1202 3148 1274 vexatione
3167 1209 3237 1273 et
3257 1218 3360 1272 re-

545 1330 847 1401 sistentia
885 1327 1098 1421 patris
1126 1325 1339 1397 nostri
1374 1324 1634 1397 destitit
1657 1334 1726 1396 et
1753 1326 2075 1416 cessavit,
2115 1346 2201 1396 ac
2224 1325 2506 1398 obsides
2539 1326 2707 1399 dare
2730 1326 3129 1418 promiserat
3149 1345 3360 1419 super

542 1475 654 1544 ec,
688 1454 850 1525 licet
875 1452 1316 1549 postmodum
1354 1451 1584 1523 causis
1612 1450 1768 1522 aliis
1795 1452 2311 1545 emergentibus
2349 1472 2488 1523 non
2516 1450 2787 1523 dederit
2819 1451 2948 1547 (4).
2995 1453 3147 1537 Quo
3178 1452 3358 1523 sacto

545 1579 799 1650 reversi
826 1578 917 1650 de
951 1576 1246 1649 Bavaria
1272 1596 1432 1646 cum
1472 1574 1855 1669 triumpho,
1896 1575 2110 1646 alium
2159 1575 2562 1669 collegimus
2607 1575 2988 1647 exercitum
3038 1573 3129 1646 ad
3164 1573 3358 1647 obsi-

547 1700 851 1775 dendum
885 1699 1077 1796 apud
1105 1699 1557 1793 Argentinam
1601 1697 1991 1793 predictum
2035 1699 2452 1771 cardinalem
2488 1699 2625 1793 (2),
2682 1698 2805 1791 qui
2832 1708 2912 1770 ut
2951 1696 3214 1770 dictum
3256 1706 3362 1771 est

546 1824 1040 1898 Allemanniam
1078 1825 1451 1896 intraverat
1487 1821 1581 1894 ad
1619 1821 2193 1917 impedimentum
2234 1832 2303 1894 et
2340 1821 2883 1894 humiliationem
2933 1820 3365 1916 imperatorie

548 1948 939 2039 majestatis.
976 1950 1467 2020 Verumtamen
1504 1946 1596 2019 ad
1634 1947 2029 2017 instantiam
2060 1957 2130 2018 et
2162 1946 2526 2018 consilium
2551 1946 2925 2017 multorum
2942 1945 3361 2040 principum,

547 2071 866 2145 videlicet
897 2070 1566 2165 archiepiscoporum
1609 2079 1678 2142 et
1712 2070 2188 2165 episcoporum
2231 2078 2301 2140 et
2351 2069 2558 2141 etiam
2596 2078 2998 2161 magnatum
3045 2068 3360 2165 imperii,

547 2194 875 2266 solvimus
904 2192 1289 2265 exercitum
1325 2203 1636 2265 nostrum
1673 2201 1743 2263 et
1768 2193 2158 2264 dimisimus
2194 2193 2311 2263 illa
2347 2192 2503 2263 vioe
2510 2244 3357 2264 ...........

549 2368 1460 2390 ............
1517 2316 1866 2389 laboribus
1907 2325 1977 2388 et
2007 2315 2360 2411 expensis.
2402 2316 2580 2387 Sane
2613 2337 2771 2387 cum
2811 2325 3092 2410 propter
3118 2337 3362 2389 causas

546 2440 876 2535 quasdam
885 2440 1122 2532 junior
1140 2439 1291 2513 dux
1306 2441 1601 2512 Bavarie
1627 2441 1987 2513 manifeste
2004 2461 2080 2513 se
2101 2448 2482 2536 opponeret
2504 2441 2675 2534 patri
2699 2448 2951 2531 nostro,
2974 2441 3357 2512 exercitum

549 2566 942 2659 collegimus
972 2566 1213 2637 iterato
1247 2574 1485 2637 contra
1513 2564 1874 2656 eumdem,
1916 2573 2257 2637 arctantes
2298 2566 2528 2660 ipsum
2574 2565 2741 2635 dare
2781 2564 3093 2637 obsidem
3139 2565 3357 2635 filium

544 2712 768 2781 suum,
785 2691 903 2762 tali
926 2688 1237 2762 adhibito
1261 2688 1705 2762 laudamento
1722 2688 1913 2783 quod
1931 2711 2288 2783 nunquam
2311 2709 2388 2759 se
2412 2709 2762 2783 opponere
2784 2688 3355 2783 attemptaretim-

546 2813 875 2908 peratorie
912 2813 1028 2886 vel
1076 2814 1269 2905 regie
1315 2814 1654 2904 majestati
1702 2812 1830 2909 (3).
1884 2815 2174 2885 Demum
2224 2812 2460 2883 habito
2508 2813 2624 2882 tali
2677 2812 3023 2906 triumpho
3067 2810 3156 2883 de
3204 2812 3357 2906 ipso

547 2937 719 3012 duee
738 2993 760 3026 ,
799 2938 894 3014 ad
925 2939 1286 3012 consilium
1313 2938 1702 3034 principum
1723 2946 1793 3011 et
1829 2947 2227 3033 magnatum
2254 2958 2381 3033 pro
2421 2958 2593 3032 pace
2620 2945 2688 3010 et
2716 2936 3199 3031 tranquillitate
3218 2958 3357 3032 pa-

546 3064 662 3136 trie
687 3065 1130 3136 reformanda
1159 3073 1228 3134 et
1254 3084 1376 3157 pro
1409 3062 1564 3134 aliis
1591 3063 2001 3156 urgentibus
2036 3062 2330 3155 negotiis
2358 3069 2440 3133 ac
2461 3060 2866 3133 nominatim
2886 3060 2979 3133 ad
3005 3061 3360 3156 extirpan-

546 3185 697 3258 dam
731 3187 1106 3260 hereticam
1140 3187 1584 3282 pravitatem,
1625 3187 2045 3282 solempnem
2074 3187 2336 3258 curiam
2363 3185 2550 3281 apud
2573 3185 3024 3258 Frankeufort
3056 3186 3360 3258 celebra·

546 3307 766 3383 vimus
803 3310 1102 3404 gloriose
1131 3308 1272 3405 (4),
1341 3311 1465 3382 ubi
1503 3318 1690 3382 tanta
1732 3318 1879 3383 erat
1923 3311 2311 3406 principum
2355 3308 2730 3383 multitudo
2769 3310 2998 3404 qualis
3050 3309 3256 3404 longe
3316 3331 3359 3382 a

544 3434 887 3506 retroactis
911 3435 1331 3528 temporibus
1361 3456 1502 3507 non
1537 3444 1642 3506 est
1673 3435 1852 3507 visa.
1897 3436 1974 3507 In
1998 3456 2141 3528 qua
2174 3435 2366 3506 curia
2403 3435 2653 3505 multas
2675 3434 3140 3507 intelleximus
3170 3455 3358 3529 que-

544 3556 863 3629 rimonias
892 3556 983 3630 de
1008 3557 1250 3630 castris
1274 3567 1344 3630 et
1370 3557 1868 3629 munitionibus
1884 3556 2069 3646 aliis,
2104 3557 2194 3630 de
2212 3558 2473 3652 quibus
2500 3558 2739 3652 rapine
2777 3566 2846 3630 et
2869 3557 3187 3630 incendia
3208 3557 3355 3630 fieri

546 3689 1078 3769 consueverunt,
1120 3691 1189 3753 et
1225 3680 1529 3754 dictante
1553 3682 1889 3754 sententia
1917 3682 2307 3776 principum
2345 3692 2414 3753 et
2456 3683 2743 3753 aliorum
2777 3681 3137 3770 nobilium,
3171 3681 3353 3752 diffi-

547 3804 840 3877 nivimus
861 3803 1232 3877 statuendo
1255 3805 1448 3898 quod
1477 3804 1723 3878 eadem
1762 3813 1978 3877 castra
2009 3813 2079 3877 et
2100 3805 2515 3876 munitiones
2546 3813 2821 3898 propter
2857 3805 3156 3897 dampna
3192 3802 3355 3875 data

549 3937 607 3996 et
621 3929 939 4002 incendia
961 3938 1346 4024 perpetrata
1370 3928 1669 4001 debeant
1691 3928 1950 4001 destrui
1976 3937 2045 4000 et
2067 3928 2380 4001 funditus
2408 3926 2747 3999 demoliri.
2779 3927 2865 3996 Et
2891 3927 3055 4018 quia
3082 3926 3351 4016 singula

550 4051 683 4123 loca
714 4074 855 4125 non
891 4061 1288 4148 poteramus
1327 4053 1774 4147 personaliter
1807 4051 2254 4147 pertransire,
2300 4049 2390 4122 de
2425 4049 2794 4145 prudentia
2834 4048 3096 4120 consilii
3137 4049 3353 4120 nostri

2727 4223 2916 4230 0——1-

3282 4223 3346 4236 σε·

609 4309 673 4381 (4)
710 4309 796 4365 De
826 4308 929 4366 hac
952 4309 1289 4383 expeditione
1311 4310 1380 4369 ad
1408 4326 1606 4367 annum
1626 4311 1766 4367 4229
1793 4324 1978 4365 mense
1993 4307 2127 4381 julio
2147 4306 2358 4364 circiter
2373 4305 2693 4375 collocanda,
2715 4304 2917 4362 nullum
2949 4304 3090 4364 aliud
3107 4313 3355 4381 superest

548 4405 927 4476 documentum,
962 4406 1104 4462 sicut
1127 4423 1292 4481 supra
1314 4408 1638 4465 monuimus.
1658 4407 1739 4464 Cf.
1772 4412 1813 4462 t.
1839 4406 1930 4474 Ill,
1956 4422 2012 4478 p.
2042 4408 2167 4475 445,
2188 4409 2300 4461 not.
2321 4408 2377 4474 2,
2405 4409 2530 4478 etp.
2561 4407 2684 4473 399,
2716 4408 2826 4459 not.
2854 4406 2905 4458 4.

612 4502 675 4573 (2)
710 4503 833 4559 Vid.
856 4519 1042 4576 supra,
1067 4510 1108 4559 t.
1132 4505 1224 4575 111,
1251 4522 1306 4577 p.
1332 4508 1458 4575 224,
1479 4510 1591 4561 not.
1614 4507 1666 4572 4,
1691 4510 1819 4577 etp.
1850 4505 1974 4570 399,
1996 4507 2108 4558 not.
2137 4503 2191 4559 2.

611 4600 677 4671 (3)
715 4600 991 4657 mensibus
1018 4601 1223 4658 scilicet
1243 4608 1467 4675 augusto
1484 4608 1541 4658 et
1565 4600 1858 4676 septembri
1882 4601 2041 4657 4233.
2070 4598 2193 4657 vid.
2222 4613 2408 4672 supra,
2436 4616 2494 4672 p.
2520 4601 2623 4655 649
2641 4604 2696 4654 et
2714 4614 2866 4673 seqq.

615 4693 677 4768 (4)
712 4695 1006 4753 Februario
1036 4700 1207 4767 4234;
1238 4697 1347 4756 vid.
1377 4713 1542 4772 supra
1566 4713 1625 4772 p.
1649 4701 1772 4756 630.
