4500 5956
589 622 775 681 lamet.
812 621 898 695 7.]
1481 617 1879 679 HISTORIA
1928 616 2516 679 mPLOMATch.
3294 622 3413 685 627

591 759 861 828 functus
897 776 1155 850 pueros
1183 754 1511 827 habuerit
1526 756 1650 849 qui
1684 755 2162 829 condicionem
2188 778 2387 828 suam
2416 763 2818 849 sequantur,
2839 755 3028 848 quod
3049 758 3261 849 vulgo
3288 759 3410 831 di·-

591 879 764 951 citur
798 899 1004 973 gnoz,
1039 886 1208 953 tunc
1237 876 1414 951 inoer
1443 876 1680 951 habita
1708 878 1901 972 quod
1937 880 2185 952 melius
2199 879 2428 967 fuerit,
2462 878 2641 949 sicut
2673 878 3051 968 vulgariter
3075 879 3212 952 dici
3239 884 3413 955 solet

589 1003 991 1097 Ffirstegut,
1054 1002 1149 1075 ad
1182 1023 1388 1076 usum
1406 1001 1707 1075 *ecclesie
1736 1002 1959 1076 cedet.
2002 1004 2076 1075 Si
2109 1024 2282 1076 vero
2314 1001 2513 1098 pueri
2552 1001 3017 1075 conditionem
3056 1013 3409 1100 paternam

589 1145 722 1198 non
758 1135 1120 1217 secuntur,
1165 1136 1333 1199 tunc
1369 1126 1717 1201 medietas
1740 1128 2054 1201 omnium
2106 1126 2500 1200 habitorum
2548 1134 2619 1198 et
2667 1148 3137 1222 possessorum
3180 1132 3413 1224 pueris

592 1249 827 1338 cedet;
878 1251 1016 1323 alia
1059 1271 1230 1323 vero
1278 1251 1615 1324 medietas
1654 1250 1942 1325 ecclesie
1986 1248 2398 1325 remanebit.
2460 1252 2563 1322 De
2605 1251 2971 1323 novalibus
3023 1274 3303 1347 quoque
3338 1255 3414 1327 in

594 1374 762 1448 silva
786 1372 1157 1447 Altorfensi
1183 1376 1479 1447 excultis
1507 1383 1645 1448 tam
1669 1376 1741 1446 in
1767 1375 1951 1470 agris
1972 1398 2183 1471 quam
2205 1375 2277 1446 in
2301 1374 2517 1470 pratis
2537 1374 2692 1446 etin
2720 1375 3007 1448 decimis
3028 1378 3408 1471 novalium,

595 1498 830 1592 quein
871 1498 1022 1593 ipsa
1058 1498 1233 1570 silva
1264 1496 1667 1589 Altorfensi,
1726 1498 1986 1571 scilicet
2024 1498 2261 1571 Ouriet
2305 1507 2376 1570 et
2402 1498 2572 1570 alias
2613 1499 2682 1568 in
2732 1498 2907 1570 silva
2958 1501 3410 1592 excoluntur,

594 1621 765 1693 sicut
797 1631 1003 1694 antea
1035 1642 1161 1693 nos
1186 1618 1429 1699 fecisse
1454 1622 2013 1716 recognoscimus
2050 1619 2189 1716 (⁴),
2237 1621 2333 1692 ita
2371 1622 2650 1714 quoque
2680 1620 2914 1693 denuo
2942 1644 3066 1716 per
3094 1622 3226 1695 hoc
3260 1625 3417 1718 pri-

593 1743 921 1837 vilegium
974 1744 1321 1837 sepedicte
1371 1744 1663 1816 ecclesie
1687 1745 1990 1839 plenum
2034 1745 2149 1834 jus
2195 1743 2268 1812 in
2320 1753 2727 1838 perpetuum
2760 1745 3216 1836 conferimus3
3276 1767 3418 1819 vo·-

593 1864 807 1938 leutes
855 1867 1063 1938 etiam
1114 1875 1193 1937 ut
1231 1874 1851 1960 quantumcunque
1895 1888 2019 1961 per
2064 1866 2488 1938 excisionem
2538 1867 2883 1960 lignorum
2924 1867 3036 1940 vel
3091 1869 3417 1941 fruticum

595 1989 681 2060 ad
729 1990 1068 2061 culturam
1144 2010 1469 2083 agrorum
1541 1989 1858 2062 homines
1917 1991 2205 2063 ecclesie
2268 1989 2574 2083 predicte
2632 1991 2985 2062 elaborare
3052 2001 3413 2086 poterunt,

597 2121 805 2185 totum
839 2113 974 2207 ipsi
1002 2113 1290 2189 ecclesie
1333 2113 1407 2183 in
1452 2114 1689 2207 quieta
1739 2114 2170 2207 possessione
2209 2122 2543 2208 perpetuo
2580 2113 2970 2208 pertinebit.
3007 2114 3422 2208 Quicunque

600 2236 790 2308 etiam
825 2237 1119 2307 aliorum
1156 2236 1513 2308 hominum
1545 2238 1941 2330 cuicunque
1968 2237 2459 2330 pertinentium
2506 2237 2579 2307 in
2621 2236 2990 2309 novalibus
3026 2236 3210 2309 dicte
3245 2239 3422 2315 silve

606 2357 856 2451 aliquid
891 2358 1386 2447 elaboraverit,
1431 2359 1521 2432 de
1556 2358 1910 2433 laboribus
1944 2361 2092 2433 suis
2125 2361 2312 2433 dicte
2347 2361 2638 2432 ecclesie
2674 2359 3014 2435 decimam
3050 2361 3417 2455 persolvet.

605 2481 978 2554 Statuentes
1011 2482 1218 2555 etiam
1244 2491 1324 2554 ut
1357 2483 1789 2578 sepedictum
1817 2484 2308 2557 monasterium
2349 2484 2538 2578 ligna
2569 2481 2660 2554 de
2696 2482 2876 2555 silva
2913 2481 3140 2556 Altorf
3163 2484 3256 2557 ad
3288 2506 3426 2557 ne—

611 2606 974 2678 cessarium
1002 2605 1271 2701 ignem,
1307 2606 1397 2679 ad
1433 2608 1669 2680 omnia
1698 2605 1963 2681 edifitia
1997 2618 2066 2681 et
2101 2607 2195 2681 ad
2231 2608 2494 2679 victum
2529 2627 2895 2702 porcorum
2934 2607 3183 2680 habeat
3218 2608 3427 2680 suffi-

606 2728 854 2802 tienter.
891 2731 1208 2802 Preterea
1242 2729 1335 2802 de
1358 2731 1620 2803 colonis
1647 2730 1769 2824 qui
1806 2729 2051 2826 predia
2079 2731 2417 2825 prelibate
2452 2730 2737 2803 ecclesie
2762 2731 3154 2821 coluerunt,
3186 2732 3426 2803 statui·

607 2873 755 2924 mus·
797 2861 878 2923 ut
931 2853 1253 2948 cuiquam
1317 2852 1626 2948 ipsorum
1670 2874 1811 2926 non
1862 2854 2066 2927 liceat
2113 2857 2274 2947 jure
2338 2854 2465 2927 fori
2518 2874 2750 2926 aream
2802 2855 2876 2924 in
2929 2853 3162 2927 Altorf
3202 2856 3316 2927 vel
3351 2857 3424 2927 in

605 2976 1040 3073 Ravenspurc
1069 2978 1464 3073 possidere3
1530 2980 1625 3051 ita
1658 2980 1850 3072 quod
1881 2988 2197 3075 pretextu
2228 2980 2384 3052 talis
2416 2978 2867 3074 possessionis
2892 2980 3042 3072 agri
3075 2981 3428 3075 sepedicte

606 3101 877 3173 ecclesie
913 3102 1154 3173 inculti
1187 3103 1701 3197 relinquantur,
1746 3124 1876 3175 nec
1912 3104 2089 3176 inter
2116 3104 2306 3176 cives
2332 3104 2444 3175 vel
2470 3111 2881 3175 mercatores
2907 3112 3178 3176 nostros
3200 3157 3221 3195 ,
3265 3105 3425 3176 licet

606 3223 904 3314 ejusdem
939 3225 1227 3298 ecclesie
1263 3226 1399 3298 sint
1429 3226 1775 3317 homines,
1815 3235 2244 3322 reputentur.
2281 3227 2352 3296 Si
2379 3237 2566 3297 'vero
2605 3226 2857 3319 aliquis
2891 3235 3422 3299 memoratorum

608 3349 986 3420 colonorum
1007 3403 1027 3436 ,
1074 3348 1498 3442 agricultura
1523 3350 1933 3445 postposita,
1977 3349 2069 3423 ad
2102 3349 2536 3444 supradictos
2569 3349 2759 3422 cives
2795 3371 2871 3422 se
2901 3351 3320 3422 transtulerit
3354 3362 3425 3422 et

606 3493 821 3544 aream
853 3475 1017 3564 jure
1053 3471 1179 3546 fori
1235 3473 1494 3547 ibidem
1532 3474 1965 3568 acquisierit,
2025 3476 2082 3545 si
2111 3474 2290 3545 iufra
2333 3495 2595 3546 annum
2623 3473 2842 3546 abbas
2886 3474 3428 3568 Winegartensis

605 3596 817 3688 ipsum
842 3597 1228 3691 repetierit,
1289 3619 1450 3668 cum
1488 3598 1691 3692 pleno
1719 3600 1874 3690 jure
1900 3598 2300 3669 restituatur
2332 3597 2583 3671 eidem.
2622 3599 2911 3693 Insuper
2939 3608 3423 3673 conservantes

602 3720 726 3814 ipsi
755 3722 1043 3793 ecclesie
1081 3722 1556 3794 concessiones
1577 3731 1645 3794 et
1669 3723 1923 3813 gratias
1951 3744 2127 3814 quas
2165 3722 2391 3794 eidem
2421 3723 2893 3816 progenitores
2919 3723 3131 3795 nostri
3168 3723 3258 3796 de
3291 3724 3423 3795 im-

601 3845 929 3933 peratoria
970 3854 1039 3915 et
1080 3845 1274 3937 regia
1320 3844 1454 3916 sibi
1501 3844 1909 3917 celsitudine
1950 3847 2176 3918 facere
2228 3845 2731 3934 decreverunt;
2791 3845 3227 3938 indulgentes
3283 3846 3422 3940 ipsi

599 3967 1006 4039 monasterio
1035 3968 1228 4060 quod
1261 3967 1467 4039 faciat
1496 3968 1908 4062 emptiones,
1951 3970 2485 4064 permutationes
2510 3977 2578 4041 et
2605 3968 2875 4040 cambia
2910 3969 3422 4064 possessionum

599 4110 874 4162 suarum
893 4112 1047 4162 cum
1074 4091 1381 4163 ecclesiis
1406 4099 1475 4162 et
1491 4090 1889 4194 hominibus
1917 4094 2190 4185 nostris,
2218 4091 2668 4165 concedimus
2685 4092 2890 4189 etiam
2907 4094 3097 4186 quod
3117 4090 3233 4198 [si]
3252 4116 3422 4188 pos-

599 4214 931 4287 sessiones
951 4236 1371 4309 quocunque
1397 4214 1487 4287 ad
1525 4237 1651 4287 nos
1671 4216 1948 4288 nomine
1976 4218 2389 4311 pertinentes
2419 4225 2634 4314 ,tama
2661 4213 3225 4316 ministerialibus
3241 4211 3421 4308 'bur-

600 4338 929 4426 gensibus
954 4339 1206 4412 nostris
1231 4360 1442 4432 quam
1471 4339 1562 4412 ab
1583 4340 1743 4413 aliis
1776 4338 2178 4413 hominibus
2199 4342 2451 4414 nostris
2482 4339 2576 4413 ad
2603 4361 2735 4422 ¹nos
2767 4362 3188 4437 quocunque
3220 4343 3419 4426 titulo

677 4723 746 4796 (l)
781 4723 859 4780 Cf.
888 4739 1053 4797 supra
1078 4730 1119 4780 t.
1152 4724 1207 4792 1,
1236 4738 1293 4797 p.
1323 4725 1448 4781 722.
