4500 5956
662 2393 965 2467 (interamne.
986 2405 1001 2458 ἶ

732 2469 931 2524 ionum.
984 2461 1001 2516 j

1054 583 1175 646 870
2041 581 2482 643 munemel
2529 583 2877 645 ssscnnm
3487 587 3647 665 [Aa.
3688 589 3865 653 1236.

1058 713 1509 789 Tannenrode
1523 767 1544 806 ,
1598 713 2011 791 Godefridus
2065 718 2154 791 de
2197 719 2546 791 Hoenloch
2586 739 2815 793 comes
2857 719 3255 794 Romaniole
3270 773 3293 812 ,
3345 720 3732 797 Fridericus
3779 724 3868 798 de

1056 838 1618 934 Truhendingen,
1659 839 2012 914 Conradus
2042 841 2369 936 pincerna
2411 841 2501 916 de
2533 842 3017 936 Winterstede,
3054 852 3124 917 et
3155 844 3271 917 alii
3298 847 3765 942 quamplures.

1152 965 1440 1056 Signum
1478 963 1735 1036 domini
1771 963 2098 1038 Friderici
2142 964 2432 1038 secundi
2449 1022 2466 1051 ,
2508 966 2632 1039 Dei
2669 967 2888 1061 gratia
2931 966 3366 1041 invictissimi
3407 971 3863 1045 Romanorum

1059 1087 1485 1181 imperatoris
1512 1084 2055 1182 (Monam-amma)
2084 1109 2358 1183 semper
2389 1091 2699 1181 augusti,
2730 1091 3105 1163 Jerusalem
3145 1099 3216 1162 et
3243 1092 3475 1165 Sicilie
3508 1095 3715 1188 regis.

1153 1209 1326 1284 Acta
1385 1219 1547 1283 sunt
1603 1211 1733 1284 hec
1796 1233 1978 1285 anno
2038 1211 2383 1284 dominice
2434 1212 2919 1287 incarnationis
2980 1214 3340 1288 millesimo
3395 1215 3865 1293 ducentesimo

1063 1336 1408 1408 tricesimo
1448 1335 1591 1427 V10,
1643 1357 1881 1408 mense
1913 1336 2122 1430 junii,
2180 1357 2361 1409 none
2397 1336 2825 1428 indictionis,
2876 1337 3255 1433 imperante
3305 1338 3587 1413 domino
3638 1350 3866 1415 nostro

1058 1459 1429 1551 Friderioo,
1448 1459 1936 1551 gloriosissimo
1959 1459 2420 1533 Romanorum
2439 1460 2848 1555 imperatore
2872 1482 3144 1556 semper
3158 1471 3476 1557 augusto,
3493 1465 3861 1538 Jerusalem

1059 1594 1128 1658 et
1160 1585 1386 1657 Sicilie
1427 1605 1590 1678 rege
1639 1583 2128 1673 invictissimo,
2168 1605 2353 1657 anno
2397 1584 2684 1657 Romani
2717 1585 2986 1680 imperii
3033 1587 3184 1678 ejus
3225 1587 3517 1681 septimo
3567 1588 3859 1681 decimo,

1063 1709 1260 1801 regni
1299 1708 1661 1780 Ierusalem
1690 1707 1836 1797 XF,
1868 1707 2063 1801 regni
2094 1728 2264 1780 vero
2287 1707 2515 1780 Sicilie
2544 1709 2910 1782 xxxv11·.
2945 1709 3193 1783 Amen.

1152 1834 1400 1904 Datum
1444 1829 1634 1926 apud
1678 1830 2029 1922 Werdam,
2072 1851 2281 1924 anno,
2320 1852 2554 1906 mense
2593 1841 2663 1904 et
2701 1832 3075 1907 indictione
3105 1833 3521 1930 prescriptis.

1165 2404 1575 2515 Gregorius
1618 2429 1818 2514 papa
1863 2404 2245 2490 Friderico
2299 2406 2818 2492 Romanorum
2863 2408 3303 2516 imperatori
3346 2407 3649 2490 nuntiat
3691 2406 3871 2516 epi-

1059 2562 1374 2646 scopum
1439 2538 1966 2621 Prenestinum
2032 2564 2079 2620 a
2130 2564 2210 2621 se
2274 2539 2374 2622 ad
2426 2551 2678 2648 partes
2741 2540 3241 2624 Lombardiae
3287 2542 3384 2623 de
3435 2565 3620 2649 pace
3672 2565 3871 2648 pro-

1061 2672 1435 2757 movenda
1489 2670 1722 2753 fuisse
1775 2670 2235 2754 destinatum
2252 2734 2276 2779 ,
2332 2671 2836 2781 hortaturque
2889 2681 2978 2755 ut
3026 2673 3481 2783 magistrum
3535 2672 3874 2756 Theuto—

1058 2807 1406 2889 uicorum
1442 2804 1541 2887 ad
1577 2828 1798 2885 suam
1833 2804 2342 2912 praesentiam
2378 2804 2542 2886 sine
2575 2803 2937 2888 dilatione
2971 2805 3460 2888 transmittat.

1226 3034 1430 3115 (Edid.
1466 3035 1831 3115 Rumam„
1873 3030 2089 3095 annal.
2133 3030 2375 3109 Eodem,
2411 3038 2558 3095 tom.
2603 3033 2775 3105 xxl,
2807 3033 2842 3114 5
2871 3034 2989 3112 VI,
3032 3034 3110 3094 ad
3146 3050 3289 3095 ann.
3335 3042 3519 3109 1236,
3554 3051 3591 3096 e
3634 3038 3870 3113 regest„

1301 3140 1405 3201 lib.
1434 3141 1514 3212 X,
1544 3150 1612 3199 n⁰
1646 3148 1779 3214 108,
1810 3140 1914 3200 scd
1936 3142 2135 3201 minus
2162 3143 2420 3220 integre3
2449 3143 2545 3202 cui
2572 3141 3064 3218 complementum
3096 3141 3369 3203 addimus
3391 3158 3469 3203 ex
3495 3142 3721 3202 collect.
3756 3141 3873 3201 La-

1299 3250 1468 3323 porte
1493 3245 1575 3305 du
1602 3245 1770 3305 Theil
1797 3247 1858 3305 in
1885 3246 2162 3307 Biblioth.
2187 3249 2392 3325 imper.
2425 3244 2785 3325 Parislensl.)

1164 3444 1564 3538 GregoriuS,
1608 3453 1774 3535 etc.,
1818 3443 2170 3516 carissimo
2218 3445 2292 3515 in
2335 3444 2596 3518 Christo
2646 3445 2788 3518 filio
2836 3446 2943 3535 R,
2978 3446 3441 3519 Romanorum
3488 3442 3875 3539 imperatori

1070 3589 1338 3661 semper
1393 3575 1727 3660 augusto,
1774 3568 2147 3640 Jerusalem
2184 3579 2255 3639 et
2278 3568 2511 3640 Sicilie
2560 3569 2707 3662 regi
2752 3569 3021 3657 illustri,
3079 3570 3408 3659 salutem,
3457 3579 3588 3640 etc.
3646 3567 3874 3639 Acce-

1065 3693 1339 3765 dentem
1405 3690 1498 3763 ad
1558 3689 1806 3762 Sedem
1854 3690 2315 3786 Apostolicam
2374 3692 2698 3766 dilectum
2770 3691 2988 3764 filium
3044 3693 3446 3785 magistrum
3509 3691 3875 3784 Rogerium

1065 3816 1473 3889 canonicum
1504 3815 2043 3909 Salernitanum,
2082 3817 2405 3889 nuntium
2443 3827 2675 3907 tuum,
2727 3817 3027 3912 benigne
3067 3818 3452 3912 recepimus
3493 3825 3563 3888 et
3608 3826 3749 3888 tam
3794 3838 3877 3889 ea

1064 3961 1204 4034 que
1257 3940 1444 4013 idem
1494 3960 1723 4012 coram
1773 3940 1976 4013 nobis
2028 3962 2411 4036 proponere
2460 3941 2681 4014 voluit
2728 3963 2939 4035 quam
2986 3963 3128 4037 que
3192 3952 3310 4014 tue
3363 3939 3584 4012 littere
3644 3940 3879 4012 conti-—

1066 4066 1355 4154 nebant,
1397 4065 1863 4137 intelleximus
1915 4065 2301 4157 diligenter.
2340 4067 2592 4139 Verum
2646 4088 2803 4137 cum
2858 4067 3024 4139 olim
3070 4064 3162 4138 ad
3214 4074 3515 4137 nostram
3570 4063 3877 4137 notitiam

1066 4188 1490 4282 pervenisset
1549 4187 1739 4280 quod
1793 4189 1863 4258 in
1926 4188 2406 4261 Lombardiam
2470 4210 2829 4297 processus
2893 4210 3059 4261 suos
3120 4187 3494 4282 imperialis
3545 4187 3880 4259 celsitudo

1072 4312 1426 4405 dirigeret,
1463 4331 1595 4384 nos
1619 4310 1811 4382 illum
1846 4312 1967 4405 qui
2002 4312 2148 4384 sola
2179 4312 2323 4384 Deo
2354 4312 2604 4406 placita
2637 4312 2907 4385 efficere
2950 4333 3032 4384 ac
3061 4311 3249 4383 omni
3289 4331 3735 4405 personarum
3769 4332 3880 4383 ac·

1068 4432 1381 4528 ceptione
1416 4441 1677 4505 remota
1720 4453 1957 4527 pacem
2006 4432 2429 4505 desideraret
2471 4443 2541 4505 et
2589 4434 3023 4507 concordiam
3061 4453 3503 4529 promovere,
3547 4432 3711 4505 illuc
3763 4432 3881 4505 di-

1066 4558 1286 4649 rigere
1342 4557 1730 4651 cupientes,
1765 4556 2228 4629 venerabilem
2279 4559 2554 4631 fratrem
2616 4568 2922 4630 nostrum
2971 4559 3369 4653 episcopum
3406 4556 3877 4629 Prenestinum

1065 4680 1158 4754 ad
1202 4689 1427 4775 partes
1481 4679 1889 4753 Lombardie
1935 4678 2027 4753 de
2068 4683 2355 4754 fratrum
2405 4690 2793 4755 nostrorum
2846 4681 3130 4756 oonsilio
3176 4680 3610 4777 providimus
3659 4679 3881 4754 desti-
