4500 5956
653 658 856 722 lxma.
887 656 979 737 5.]
1568 650 1962 714 HISTORIA
2010 648 2597 714 nmouA'rch.
3352 645 3474 708 579

764 1225 1138 1310 Henricus
1160 1286 1186 1333 ‚
1244 1223 1767 1307 Romanorum
1808 1247 1944 1304 rex
1957 1282 1982 1328 ‚
2042 1228 2311 1305 notum
2363 1219 2545 1301 facit
2595 1243 2678 1303 se
2720 1217 3036 1302 minime
3079 1230 3425 1306 monetas
3446 1285 3471 1331 ‚

665 1357 986 1468 pedagia
1029 1365 1107 1439 et
1147 1354 1484 1466 justitias
1533 1352 1863 1462 episcopi
1902 1351 2519 1463 osnaburgensis
2542 1411 2567 1457 ,
2623 1376 2822 1460 quae
2857 1377 2905 1433 a
2948 1351 3108 1436 suis
3143 1353 3476 1462 praede-

669 1488 1093 1574 cessoribus
1126 1496 1379 1593 tenet,
1426 1486 1671 1568 minui
1705 1484 1899 1569 velle
1921 1546 1947 1593 ‚
1990 1485 2125 1567 sed
2159 1511 2203 1567 e
2236 1493 2503 1567 contra
2535 1483 2724 1565 haec
2756 1483 3003 1566 eidem
3044 1484 3127 1564 in
3161 1484 3481 1593 pristino

671 1631 869 1706 statu
913 1619 1353 1704 confirmari
1369 1679 1395 1726 ‚
1461 1642 1617 1702 non
1682 1615 2167 1702 obstantibus
2226 1615 2499 1699 litteris
2549 1640 2748 1723 quae
2801 1640 2848 1697 a
2892 1640 2975 1698 se
3015 1615 3135 1699 vel
3179 1615 3281 1699 ab
3326 1617 3487 1700 im-

674 1760 1016 1862 peratore
1075 1760 1292 1861 patre
1351 1773 1492 1833 suo
1556 1748 1637 1831 in
1700 1747 1906 1858 praej
1912 1747 2250 1832 udicium
2304 1746 2634 1856 episcopi
2697 1745 3037 1856 ejusdem
3100 1746 3485 1858 impetrari

671 1884 1072 1993 potuerint.

833 2094 1032 2174 (Edit.
1072 2111 1169 2173 ap.
1210 2095 1457 2168 Mosen,
1497 2091 1747 2157 omabr.
1781 2089 2008 2167 Gesclt„
2039 2097 2088 2152 t.
2127 2090 2235 2165 IV,
2265 2108 2325 2169 p.
2363 2099 2502 2168 850,
2535 2093 2600 2151 in
2642 2091 2784 2154 edlt.
2815 2091 2889 2153 de
2907 2108 3062 2154 anno
3105 2102 3289 2172 18⁴8,
3317 2096 3491 2173 cujus

903 2200 1204 2279 exemplar
1231 2199 1495 2261 nondum
1521 2200 1771 2277 reperire
1798 2193 2148 2276 potuimus.)

767 2380 1017 2452 Datum
1052 2377 1246 2474 apud
1272 2376 1801 2470 Franohenfnrt‚
1844 2395 2028 2448 anno
2060 2374 2336 2448 Domini
2375 2375 2470 2448 Μ.
2497 2374 2624 2447 CC.
2646 2374 2925 2467 XXXII,
2974 2375 3064 2448 111
3114 2398 3330 2449 nonas
3368 2399 3492 2450 au-

670 2503 890 2595 gusti,
929 2501 1307 2576 indictione
1337 2502 1422 2574 V.

1118 2802 2630 2817 'mommo—*m
2643 2804 2698 2814 Q
2707 2802 3040 2817 —ffl-

784 3069 1156 3154 Henricus
1170 3132 1195 3178 ‚
1261 3068 1784 3154 Romanorum
1854 3093 2027 3178 rex,
2103 3068 2548 3153 auctoritate
2598 3069 2810 3184 regia
2849 3079 2927 3154 et
2975 3098 3069 3155 ex
3128 3081 3495 3184 potestate

646 3225 918 3312 quam
952 3223 1197 3310 nuper
1231 3224 1279 3283 a
1311 3199 1694 3285 Friderico
1736 3199 2190 3310 imperatore
2230 3209 2448 3308 patre
2488 3224 2629 3284 suo
2672 3201 2992 3311 adeptus
3035 3215 3188 3313 est,
3234 3209 3495 3293 omnia

648 3332 1075 3444 privilegia
1118 3330 1220 3414 ab
1263 3329 1866 3416 anteoessoribus
1911 3330 2074 3416 suis
2113 3330 2406 3416 civibus
2452 3332 3139 3420 Wormatiensibus
3197 3338 3496 3425 indulta

645 3467 1084 3553 confirmat
1104 3529 1128 3575 ,
1177 3473 1256 3551 et
1278 3463 1501 3576 jubet
1556 3490 1650 3549 ea
1709 3464 1791 3547 in
1825 3463 2099 3550 robore
2151 3463 2447 3576 absque
2477 3467 2913 3578 calumpnia
2962 3470 3045 3553 in
3105 3483 3494 3581 posterum

636 3620 1094 3685 remanere.

838 3811 1112 3887 (Edtder.
1155 3809 1218 3872 J.
1256 3811 1371 3873 Fn.
1407 3807 1676 3883 Momm,
1706 3805 2098 3894 Abhmdlunq
2126 3826 2239 3872 von
2276 3807 2380 3871 der
2403 3808 2582 3875 Stude
2626 3812 2874 3888 ΨΜ,
2913 3815 3197 3893 append..
3244 3833 3306 3896 p.
3340 3826 3486 3891 168,

917 3925 986 3979 n·
1021 3925 1117 3978 11.
1133 3915 1706 3989 —Emssnmum‚
1732 3912 2163 3996 Diplomatiscle.
2188 3916 2402 3978 Beweis
2425 3914 2523 3979 des
2540 3915 2743 3980 haum
2775 3916 3034 3992 Holoenl„
3062 3926 3110 3981 t.
3134 3921 3218 3997 11,
3238 3939 3294 4001 p.
3318 3923 3490 4007 277.)

775 4101 854 4172 In
898 4099 1182 4174 nomine
1228 4109 1466 4173 sancte
1510 4108 1583 4172 et
1624 4098 1987 4174 individue
2028 4100 2397 4174 Trinitatis.
2444 4101 2779 4176 Henricus
2818 4103 3152 4199 septimus
3174 4161 3191 4194 ‚
3248 4106 3492 4186 divina

688 4219 955 4296 favente
1012 4223 1374 4297 clementia
1429 4244 1562 4297 rex
1612 4233 1683 4296 et
1735 4244 2005 4318 semper
2061 4232 2424 4318 augustus.
2480 4224 2550 4296 Si
2602 4245 2686 4300 ea
2732 4246 2873 4320 que
2919 4247 3049 4322 per
3105 4231 3491 4307 sanctiones

696 4339 1005 4421 divorum
1051 4355 1509 4440 augustorum
1557 4346 2049 4442 imperatorum
2097 4368 2183 4420 ac
2224 4367 2466 4442 regum
2508 4348 2874 4422 salubriori
2920 4353 3202 4427 consilio
3258 4353 3489 4451 dispo-

706 4479 982 4560 nuntur,
1043 4469 1237 4565 regio
1267 4470 1648 4566 patrocinio
1692 4467 2216 4563 confirmamus,
2268 4471 2429 4562 jura
2464 4490 2591 4544 sua
2651 4471 2844 4545 illesa
2890 4473 3173 4549 cuilibet
3217 4473 3491 4551 conser-

709 4601 966 4680 vantes,
1014 4590 1257 4668 fideles
1298 4592 1569 4688 imperii
1610 4591 1955 4666 credimus
2001 4613 2127 4688 per
2159 4593 2292 4665 hoc
2336 4591 2428 4665 ad
2460 4595 2877 4691 promptiora
2911 4598 3245 4693 obsequia
3295 4601 3494 4674 invi-

714 4716 942 4789 tantur.
980 4716 1262 4790 Noverit
1308 4716 1518 4811 igitur
1551 4723 1692 4789 tam
1730 4736 2016 4813 presens
2039 4725 2185 4789 etas
2224 4738 2435 4811 quam
2471 4738 2872 4794 sucoefflura
2907 4721 3267 4816 posteritas
3302 4723 3496 4817 quod

3538 1237 3878 1346 Fmssissfuurt,

3575 1348 3605 1391 8
3635 1346 3830 1400 sugunt.

3552 3101 3849 3199 Ρηιιιιξῗιῗιιη
3859 3185 3877 3211 ,

3587 3210 3635 3252 in
3658 3208 3844 3252 solemni

3630 3263 3751 3305 curin
