4500 5956
999 595 1119 659 838
1990 595 2421 659 FRIDERICI
2469 596 2814 660 SECUNDI
3435 595 3594 680 [Axii.
3633 595 3805 657 1236.

1004 732 1263 806 habere
1292 740 1365 805 et
1394 730 1797 806 confirmare
1825 732 1915 806 de
1945 741 2178 807 nostra
2212 734 2435 828 gratia
2461 732 2934 827 dignaremur.
2970 731 3183 825 Cujus
3224 730 3462 826 scripti
3490 739 3686 804 tenor
3707 741 3811 803 est

1002 878 1127 954 per
1155 856 1387 930 omnia
1418 856 1617 928 talis:

1099 984 1175 1055 In
1209 980 1488 1053 nomine
1516 978 1818 1052 Domini.
1873 979 2120 1054 Amen.
2162 977 2276 1053 Ad
2319 981 2658 1054 cautelam
2706 976 3072 1053 scribenda
3105 988 3266 1052 sunt
3311 978 3619 1073 negotia,
3670 986 3804 1050 etc.

1010 1103 1230 1205 [Quod
1254 1105 1535 1175 habetur
1564 1125 1655 1174 eoe
1689 1104 2002 1197 oriqinali
2024 1126 2201 1176 anno
2227 1105 2450 1177 eodem
2482 1105 2710 1193 ⁴236,
2739 1105 2836 1174 IV
2857 1103 3014 1174 idus
3037 1101 3263 1172 martii
3287 1097 3347 1196 (⁴
3365 1101 3454 1196 ).]

1097 1228 1238 1302 Nos
1270 1229 1484 1322 igitur
1514 1228 1662 1301 suis
1686 1228 2302 1323 supplicationibus
2335 1238 2753 1318 annuentes,
2799 1227 2869 1299 in
2910 1226 3215 1299 savorem
3247 1225 3638 1299 monasterii
3663 1246 3810 1298 me-

1002 1353 1246 1428 morati
1273 1350 1462 1446 quod
1496 1353 1710 1425 multa
1748 1351 2051 1446 dampna
2094 1374 2376 1447 passum
2422 1353 2644 1425 fuerat
2686 1373 2810 1447 per
2863 1349 3203 1442 eundem,
3260 1349 3592 1444 scriptum
3637 1348 3812 1420 iufra

1003 1484 1399 1551 contentum
1432 1486 1503 1548 et
1523 1474 1756 1549 omnia
1777 1496 1916 1570 que
1944 1475 2380 1549 continentur
2400 1476 2471 1547 in
2502 1456 2587 1548 eo
2621 1484 2766 1547 rata
2792 1474 3130 1547 habemus
3149 1482 3222 1546 et
3242 1472 3330 1545 de
3353 1473 3589 1545 innata
3614 1471 3813 1545 nobis

1003 1601 1223 1693 gratia
1251 1598 1767 1673 confirmamus.
1797 1598 1907 1672 Ad
1935 1600 2135 1692 cujus
2159 1599 2260 1671 rei
2284 1599 2681 1672 memoriam
2718 1609 2789 1672 et
2824 1598 3139 1672 stabilem
3173 1597 3598 1682 firmitatem,
3656 1617 3814 1691 pre·

1002 1745 1160 1798 sens
1190 1723 1517 1819 scriptum
1549 1720 1695 1794 fieri
1725 1730 1794 1794 et
1823 1721 2050 1816 sigillo
2081 1729 2310 1796 nostro
2337 1723 2672 1815 jussimus
2695 1720 3129 1795 communiri.

1097 1848 1346 1919 Datum
1390 1845 1582 1940 apud
1616 1846 1962 1940 spineam,
2003 1866 2186 1918 anno
2227 1845 2574 1919 dominice
2617 1845 3103 1918 incarnationis
3141 1843 3503 1916 millesimo
3539 1840 3813 1917 ducen-

1004 1970 1248 2045 tesimo
1278 1969 1623 2042 tricesimo
1650 1978 1848 2043 sexto
1857 2022 1880 2064 ‚
1917 1988 2156 2043 mense
2184 1969 2386 2068 aprili
2406 2023 2428 2058 ,
2461 1990 2644 2043 none
2672 1967 3091 2044 indictionis,

1465 2294 1498 2305 -
1512 2293 3367 2306 —o———n———u-m——o—--————-

1108 2584 1525 2694 Imperator
1578 2596 1928 2669 moturus
1989 2586 2280 2670 bellum
2333 2586 2859 2697 Longobardis
2912 2587 3059 2672 sibi
3093 2586 3505 2670 rebellibus
3529 2647 3553 2694 ,
3591 2612 3823 2696 prae-

1003 2717 1234 2800 mittit
1268 2718 1727 2828 quingentos
1772 2717 2057 2802 milites
2093 2720 2530 2804 mensurnis
2574 2719 2968 2829 stipendiis
3019 2721 3435 2803 conductos
3461 2780 3485 2826 ‚
3542 2719 3823 2829 quibus

1004 2851 1345 2961 praeficit
1375 2851 1712 2935 nobilem
1755 2852 2006 2936 virum
2055 2863 2132 2936 et
2182 2853 2413 2937 rebus
2450 2853 2740 2937 bellicis
2793 2863 3186 2963 expertum
3224 2854 3696 2939 Geveardum
3731 2856 3826 2936 de

1008 2984 1430 3069 Harnesten
1469 2984 1635 3094 (2),
1676 2996 1765 3069 ut
1816 2987 2026 3094 apud
2067 2985 2447 3069 Veronam
2499 2995 2838 3095 expectet
2887 2987 3362 3096 imperatoris
3413 2986 3825 3071 exercitum

1008 3117 1622 3225 subsequentem.
1671 3118 1989 3202 Gousra.
2038 3118 2304 3201 Conon.
2355 3145 2482 3229 ap.
2523 3118 2909 3227 Bonum,
2945 3127 3235 3218 Fontes,
3275 3131 3329 3203 t.
3371 3119 3466 3223 II,
3507 3147 3588 3230 p.
3632 3121 3817 3205 Ι568.

1005 3296 1115 3312 -
1148 3249 1437 3331 Deinde
1506 3249 1899 3357 praemisit
1949 3250 2362 3358 imperator
2421 3252 2835 3334 exercitum
2888 3250 2969 3333 in
3029 3251 3568 3336 Lombardiam
3628 3253 3827 3335 cirea

1007 3382 1287 3465 festum
1341 3379 1664 3489 Philippi
1710 3390 1788 3463 et
1835 3380 2092 3465 Jacobi
2146 3382 2229 3493 (1
2272 3382 2487 3494 maii)
2527 3385 2627 3468 ad
2675 3383 3213 3468 confortandos
3250 3409 3428 3467 suos
3458 3384 3821 3491 fautoreS‚

1009 3514 1292 3625 quibus
1346 3512 1705 3622 praefecit
1766 3514 2197 3599 Gotfridum
2250 3514 2543 3598 dictum
2591 3516 2940 3601 Pullaere
2993 3515 3145 3626 (5).
3203 3518 3467 3599 Annal.
3527 3520 3819 3626 Arqent.

1006 3674 1131 3756 ap.
1173 3646 1556 3753 Bosnmsn,
1595 3647 1825 3756 Ibid„
1858 3657 1916 3731 t.
1959 3646 2088 3756 111,
2129 3674 2209 3758 p.
2261 3649 2439 3730 110.

1079 4022 1152 4097 (4)
1191 4022 1371 4092 Quum
1406 4022 1637 4080 editores
1667 4022 1914 4081 Menum.
1943 4022 2091 4080 Boio.
2126 4036 2586 4096 supervacaneum
2628 4023 2877 4080 duxerint
2909 4022 3325 4080 instrumentum
3357 4020 3562 4079 Altami
3595 4021 3650 4079 in
3684 4021 3828 4077 inte-

1009 4136 1162 4193 grum
1188 4121 1505 4193 producere,
1528 4136 1627 4178 nos
1646 4120 1699 4176 id
1725 4119 1937 4177 aliunde
1961 4120 2158 4178 frustra
2182 4119 2498 4194 requisitum
2524 4120 2625 4177 sub
2645 4120 2857 4178 silentio
2884 4119 3311 4194 praetermittere
3334 4119 3591 4193 cogimur.

1080 4219 1154 4289 (2)
1194 4237 1222 4271 α
1245 4220 1406 4288 4236,
1438 4221 1506 4275 46
1548 4216 1695 4275 maii.
1740 4217 2024 4275 Gaboardo
2052 4218 2402 4278 ambassador
2432 4218 2572 4277 dello
2598 4218 2905 4293 imperador
2931 4218 3186 4292 Federigo
3221 4233 3396 4275 venne
3423 4233 3457 4275 a
3482 4218 3694 4277 Verona
3727 4232 3827 4274 con

1012 4316 1115 4370 500
1151 4313 1399 4371 cavalieri
1433 4319 1488 4371 et
1521 4330 1621 4372 eon
1660 4317 1761 4373 too
1795 4314 2077 4372 halestreri
2104 4331 2138 4373 a
2175 4317 2441 4389 guardare
2478 4318 2690 4376 Verona
2731 4320 2920 4391 aposta
2957 4315 3097 4374 dello
3136 4315 3248 4373 dito
3288 4314 3642 4391 imperadore.
3670 4335 3699 4369 n
3730 4316 3828 4372 ΖΑ-

1010 4426 1180 4482 eam,
1212 4412 1460 4470 Chronic.
1494 4412 1704 4483 Veron„
1731 4430 1787 4486 p.
1821 4415 1912 4470 32.

1078 4506 1150 4581 (3)
1187 4509 1397 4565 Nomen
1421 4508 1678 4567 hactenus
1701 4509 2015 4581 inauditum,
2041 4516 2098 4568 et
2127 4511 2350 4570 forsitan
2380 4512 2634 4571 mendose
2658 4517 2957 4570 exaratum.
