4500 5956
1104 609 1223 670 716
2147 612 2490 672 HENRICI
2541 611 2877 672 SEPTml
3540 613 3700 691 [Anu.
3738 615 3911 676 1235.

1107 754 1332 814 sumat
1369 765 1614 817 vocare
1644 747 1758 818 vel
1792 747 2061 819 trahere
2098 747 2188 819 ad
2223 746 2569 838 judicium
2609 746 2940 817 seculare.
2984 744 3055 816 Si
3085 765 3253 817 vero
3285 766 3517 817 coram
3548 747 3746 820 vobis
3772 748 3913 840 juri

1104 873 1287 937 stare
1323 866 1696 956 voluerint,
1739 870 2059 941 volumus
2091 881 2159 941 et
2195 867 2606 941 mandamus
2659 877 2736 938 ut
2772 876 2976 939 testes
3010 866 3179 940 dicti
3208 866 3482 939 abbatis
3517 877 3584 940 et
3633 891 3914 942 suorum

1105 989 1540 1060 subditorum
1593 992 1713 1083 qui
1765 1001 2172 1064 censeantur
2230 992 2505 1078 idonei,
2555 1011 2693 1062 non
2748 991 3063 1062 obstante
3116 990 3470 1062 civitatum
3533 1003 3914 1065 vestrarum

1105 1111 1629 1203 consuetudine,
1672 1113 2041 1208 recipiatis.
2091 1113 2297 1198 Quod
2332 1116 2388 1184 si
2426 1113 2583 1206 quis
2633 1112 3010 1205 predictam
3070 1112 3362 1204 gratiam
3413 1114 3743 1207 prelibate
3787 1135 3916 1186 ec-

1106 1235 1310 1307 clesie
1348 1233 1439 1307 de
1474 1235 1758 1309 Abusen
1797 1236 2171 1331 infringere
2204 1236 2699 1331 presumpserit
2726 1236 2836 1308 vel
2890 1235 3202 1325 turbare,
3244 1235 3576 1308 offensam
3625 1246 3695 1308 et
3729 1236 3917 1308 indi-

1102 1358 1496 1449 gnationem
1533 1369 1833 1432 nostram
1869 1382 1946 1432 se
1974 1361 2246 1433 noverit
2282 1360 2746 1431 incursurum.

1199 1482 1449 1553 Datum
1481 1482 1673 1576 apud
1704 1483 2218 1572 Nuoerimberc,
2243 1503 2424 1554 anno
2456 1463 2802 1554 dominice
2826 1480 3311 1554 incarnationis
3332 1480 3916 1572 M⁹CC⁶XXX⁰V⁶,

1104 1605 1315 1677 tercio
1349 1605 1677 1678 kalendas
1715 1606 2065 1699 februarii,
2109 1607 2484 1680 indictione
2518 1606 2716 1679 V111·.

1214 2229 1583 2312 Henricus
1608 2291 1632 2337 ‚
1691 2229 2211 2313 Romanorum
2271 2255 2406 2311 rex
2428 2291 2452 2337 ,
2518 2228 2911 2313 Walthero
2955 2227 3213 2311 abbati
3267 2236 3341 2309 et
3384 2226 3782 2310 conventui
3824 2227 3919 2308 de

1105 2360 1565 2443 Heilsbronn
1601 2360 1866 2444 villam
1901 2360 2314 2467 Kelminze,
2353 2387 2590 2470 quam
2624 2359 2999 2442 Rudolfus
3043 2361 3139 2441 de
3174 2359 3629 2442 Lewenrode
3664 2385 3711 2441 a
3746 2385 3920 2468 rege

1103 2494 1184 2573 in
1237 2492 1468 2575 feudo
1522 2494 1964 2600 possederat
2023 2502 2099 2574 et
2151 2493 2610 2575 monasterio
2661 2491 3148 2598 vendiderat,
3210 2491 3354 2573 sibi
3405 2492 3866 2601 resignatam
3892 2553 3915 2597 ,

1102 2650 1243 2733 pro
1279 2625 1616 2709 remedio
1656 2625 1956 2707 animae
1993 2650 2174 2707 suae
2210 2635 2286 2707 et
2319 2624 2891 2735 progenitorum
2927 2648 3242 2706 suorum
3277 2623 3702 2706 confirmat.

1267 2838 1456 2917 (Edit.
1487 2841 1548 2899 in
1576 2840 1934 2913 Wonmn,
1963 2838 2185 2901 Hister.
2215 2837 2481 2901 Nor-imb.
2517 2836 2857 2918 diplomat„
2887 2844 2936 2899 t.
2965 2838 3056 2912 11,
3088 2854 3150 2914 p.
3185 2847 3288 2910 96,
3316 2838 3382 2897 n⁰
3416 2846 3515 2898 ¹0.
3542 2870 3625 2882 —
3650 2838 3916 2910 Scmz,

1345 2946 1563 3005 Hister.
1596 2945 1968 3020 Brundenb„
1998 2947 2220 3025 sylloge
2266 2954 2375 3023 74,
2403 2956 2471 3006 n⁰
2501 2954 2595 3007 37.
2623 2976 2702 2991 -
2729 2945 3006 3018 Onrm,
3047 2944 3168 3004 Von
3194 2941 3307 3003 den
3330 2943 3655 3019 Minium,
3685 2960 3746 3021 p.
3778 2951 3915 3006 273.

1341 3086 1424 3096 —
1451 3053 1715 3113 Monam.
1750 3055 1907 3114 Boic.
1929 3097 1946 3126 ,
1974 3060 2017 3113 t.
2054 3053 2255 3127 XXX,
2285 3069 2420 3130 pars
2454 3061 2532 3127 1⁸,
2562 3069 2624 3129 p.
2657 3061 2803 3126 235,
2832 3060 2899 3112 n·
2926 3061 3076 3129 733,
3106 3068 3183 3112 ex
3228 3051 3499 3128 originali
3531 3054 3707 3129 cujus
3748 3050 3920 3129 sigilli

1346 3157 1678 3236 fragmenta
1705 3159 2027 3219 adhaerent
2050 3157 2166 3218 filis
2191 3160 2393 3218 sericis
2418 3162 2719 3235 purpurei,
2749 3159 2956 3219 viridis
2979 3163 3040 3218 et
3068 3156 3189 3218 albi
3215 3156 3474 3234 coloris.)

1206 3343 1283 3413 In
1316 3342 1594 3412 nomine
1645 3353 1882 3415 sancte
1925 3351 1996 3415 et
2040 3342 2403 3416 individue
2438 3344 2809 3416 Trinitatis.
2866 3342 3115 3418 Amen.
3164 3341 3525 3414 Heinricus
3563 3341 3916 3436 septimuS,

1108 3464 1348 3538 divina
1400 3465 1678 3537 favente
1715 3466 2078 3538 clementia
2115 3467 2574 3538 Romanorum
2607 3488 2733 3538 rex
2769 3478 2839 3538 et
2872 3487 3144 3560 semper
3174 3474 3543 3557 augustus,
3583 3462 3925 3535 universis

1107 3597 1496 3684 presentem
1552 3588 1816 3659 literam
1867 3588 2118 3661 visuris
2159 3590 2684 3684 imperpetuum.
2728 3588 2898 3660 Cum
2931 3587 3170 3661 divine
3198 3585 3471 3682 pietatis
3506 3586 3925 3657 incrementa

1107 3712 1181 3784 in
1229 3711 1430 3784 nobis
1465 3712 1793 3783 continua
1846 3712 2225 3784 sentiamus
2248 3765 2269 3804 ,
2307 3713 2597 3805 dignum
2636 3734 3031 3801 censemus,
3084 3710 3249 3804 quia
3286 3708 3637 3781 credimus
3667 3729 3795 3779 nos
3833 3706 3923 3780 ad

1106 3835 1240 3908 hoc
1274 3835 1367 3907 ad
1395 3835 1591 3929 regni
1627 3836 1898 3931 apicem
1936 3837 2373 3926 sublimatoS,
2413 3846 2492 3908 ut
2522 3837 2846 3909 ecclesias
2881 3837 3005 3908 Dei
3037 3845 3103 3907 et
3130 3835 3281 3908 loca
3306 3843 3542 3906 sancta
3571 3832 3694 3903 ubi
3740 3830 3925 3904 idem

1109 3955 1431 4031 laudatur
1473 3966 1543 4030 et
1577 3958 1858 4047 colitur,
1901 3981 1984 4031 ac
2030 3980 2355 4055 personas
2395 3961 2466 4031 in
2510 3960 2806 4048 eisdem,
2854 3980 3150 4052 quorum
3186 3978 3393 4029 voces
3433 3968 3502 4028 et
3546 3963 3808 4026 mentes
3851 3954 3924 4025 in

1109 4080 1474 4153 celestibus
1550 4080 1907 4173 habitant,
1972 4083 2222 4155 nostris
2265 4084 2753 4178 temporalibus
2809 4080 3140 4154 subsidiis
3180 4100 3586 4173 augeamus.
3648 4078 3793 4147 Hac
3831 4074 3927 4145 si-

1113 4202 1396 4294 quidem
1430 4204 1694 4276 ratione
1726 4215 1966 4277 notum
2001 4227 2152 4278 esse
2205 4207 2527 4302 cupimus
2576 4217 2714 4279 tam
2746 4204 3179 4301 presentibus
3207 4226 3415 4298 quam
3458 4201 3709 4274 suturis
3733 4195 3926 4293 quod

1117 4324 1523 4396 constitutus
1557 4326 1629 4396 in
1685 4336 1917 4399 nostra
1948 4330 2288 4422 presentia
2328 4326 2552 4402 fidelis
2585 4338 2814 4401 noster
2855 4328 3195 4402 Rudolfus
3245 4326 3444 4399 miles
3490 4323 3581 4397 de
3634 4324 3926 4396 Lewen-

1116 4444 1284 4517 rode
1321 4446 1553 4517 villam
1605 4469 1744 4540 que
1782 4448 2037 4522 dicitur
2079 4451 2466 4544 Kelminze,
2525 4473 2737 4547 quam
2781 4451 2964 4523 idem
3011 4473 3053 4523 a
3103 4449 3302 4521 nobis
3337 4449 3409 4519 in
3447 4444 3661 4519 feudo
3702 4444 3927 4539 possi-

1116 4567 1367 4657 debat,
1409 4569 1481 4639 in
1529 4593 1777 4643 manus
1819 4584 2083 4645 nostras
2132 4598 2290 4647 cum
2337 4576 2522 4647 omni
2558 4575 2718 4667 jure
2753 4586 2822 4647 et
2866 4575 3009 4647 suis
3054 4572 3479 4670 pertinentiis
3512 4567 3921 4662 resignavit3

1115 4692 1512 4786 supplicans
1543 4694 1880 4784 majestati
1917 4709 2144 4770 nostre
2184 4708 2259 4771 ut
2315 4699 2478 4792 quia
2526 4699 2753 4773 dictus
2787 4700 2985 4771 miles
3020 4697 3265 4772 eadem
3300 4696 3480 4769 bona
3515 4690 3930 4769 vendiderat
