4500 5956
816 567 971 632 10:22
1982 555 2239 618 INDEX
2287 558 2690 621 NOMINUM.

808 698 1146 766 Ladovicus,
1173 710 1269 752 rex
1287 693 1633 761 Francorum,
1660 693 1784 760 353,
1813 691 1938 759 354,
1961 691 2086 758 355,
2106 691 2233 760 539,

883 785 1008 852 570,
1038 783 1163 837 595.

815 867 1112 925 Ludovicus
1139 863 1202 920 de
1233 860 1592 934 Hels'emtein,
1621 861 1747 926 680,
1773 860 1899 912 684.

814 950 1115 1008 Βυάουίοιιε
1154 947 1218 1003 de
1249 943 1605 1014 osthenberq,
1637 943 1741 998 848
1780 945 1836 996 et
1869 944 1980 994 not.
2023 943 2074 994 3.
2112 938 2233 995 vid.

883 1032 1188 1089 Ludovicus
1204 1073 1218 1099 ,
1254 1028 1580 1100 lantgravius
1606 1024 1675 1082 de
1700 1022 2093 1094 Luchtimberg.

812 1116 1119 1174 Ludovicus
1142 1113 1205 1170 de
1223 1111 1476 1185 Schipfa,
1504 1111 1631 1180 563,
1660 1112 1787 1177 580,
1815 1109 1938 1175 589,
1961 1107 2087 1173 624,
2110 1105 2235 1174 653,

884 1202 1010 1268 762,
1040 1201 1166 1254 763.

817 1283 1136 1352 Ludwicus,
1161 1295 1343 1338 comes
1369 1279 1438 1334 de
1464 1274 1850 1349 Spizimberch,
1880 1274 2005 1330 547.

818 1367 1152 1424 Luitharias
1172 1365 1237 1421 da
1261 1361 1568 1420 Hohenstat
1593 1360 1710 1416 sive
1732 1358 1796 1415 de
1813 1353 2236 1421 Hohenstaeden,

888 1451 1004 1506 sive
1028 1446 1382 1504 Hostadensis
1404 1459 1604 1514 comes,
1635 1446 1759 1511 288,
1786 1445 1909 1509 820,
1937 1440 2063 1496 844.

819 1532 1118 1606 lupoldus,
1147 1530 1402 1588 scultetus
1427 1530 1482 1585 in
1506 1527 1833 1595 Rotenburc,
1863 1529 1986 1595 599,
2016 1525 2141 1581 700.

822 1615 1098 1691 Lupoldus
1122 1613 1514 1681 Putticlarias,
1541 1612 1665 1667 697.

823 1699 1095 1772 Lupoldus
1120 1698 1283 1770 Spete
1305 1698 1517 1769 Spiser,
1545 1698 1670 1751 600.

823 1784 1059 1855 Lappert
1086 1780 1349 1854 (ωροτε),
1379 1783 1507 1836 703.

826 1866 1092 1924 Lutoldus
1119 1865 1182 1921 de
1206 1864 1446 1934 Rotelin,
1473 1865 1599 1920 644.

823 1950 1110 2007 Latwinus
1130 1946 1192 2003 de
1214 1945 1591 2006 Sanninberch
1604 1987 1621 2016 ,
1651 1947 1775 2003 547.

824 2032 1146 2101 Luzelinus,
1169 2030 1399 2100 villicus,
1428 2029 1552 2085 834.

823 2121 910 2176 Μ.
942 2117 1005 2173 de
1031 2117 1226 2174 Carcio
1251 2114 1368 2187 (P),
1394 2113 1651 2183 notarius,
1682 2114 1770 2182 55,
1798 2116 1912 2167 not.
1945 2112 2000 2166 4.

822 2202 1144 2261 Machor-ius
1158 2242 1172 2270 ,
1203 2199 1407 2256 electus
1432 2203 1727 2255 conventus
1757 2194 1938 2254 Sancti
1961 2192 2253 2251 salvatoris

898 2285 1038 2360 apud
1058 2286 1393 2353 Messanam,
1422 2285 1545 2339 438.

825 2371 1107 2438 Maczeus,
1137 2371 1261 2424 365.

825 2450 1167 2524 Maqnardus
1185 2494 1199 2521 ‚
1251 2464 1433 2507 comes
1475 2450 1544 2506 de
1588 2447 1838 2521 Mulburg
1893 2445 2006 2504 sive
2053 2447 2255 2503 Mune-

897 2536 1061 2608 geult,
1093 2551 1191 2591 seu
1214 2532 1520 2606 Mulegeult,
1547 2533 1674 2603 272,
1694 2533 1799 2589 273
1827 2535 1883 2587 et
1904 2535 2015 2588 not.
2043 2529 2093 2600 b,
2124 2531 2250 2600 275,

899 2623 1023 2689 328,
1053 2622 1178 2675 568.

827 2702 1166 2778 Maynardus
1197 2702 1261 2758 de
1287 2700 1614 2771 (ἔνο-1656614,
1645 2701 1768 2757 373.

826 2791 1092 2860 Maynus,
1122 2787 1231 2843 dux
1253 2785 1536 2855 saxoniae,
1563 2785 1686 2842 444.

829 2873 1169 2944 Majorinus,
1199 2873 1323 2927 470.

829 2954 1184 3028 Μαηοροὶάω
1210 2953 1274 3010 de
1312 2952 1603 3027 Wiltporc,
1633 2951 1758 3007 699.

831 3038 1154 3114 Manfredus
1181 3038 1243 3094 de
1267 3037 1430 3096 Curta
1454 3038 1610 3094 Nova
1628 3076 1643 3105 ,
1676 3040 1918 3108 potestas
1940 3033 2255 3105 Mediolani,

902 3128 1028 3192 705,
1055 3125 1182 3179 707.

836 3205 1152 3280 Manfridus
1169 3248 1184 3276 ,
1228 3203 1466 3261 marchio
1504 3203 1703 3271 Lauza,
1747 3216 1844 3257 seu
1888 3202 2110 3271 Lantza,
2162 3215 2261 3257 seu

906 3289 1152 3358 Lanziae,
1183 3303 1280 3344 seu
1304 3285 1518 3348 Lancia,
1545 3287 1670 3356 272,
1692 3286 1819 3353 279,
1839 3288 1966 3356 290,
1989 3286 2114 3355 304,
2133 3287 2257 3356 342,

909 3375 1032 3443 314,
1064 3376 1189 3441 348,
1218 3373 1343 3434 374,
1375 3370 1497 3439 407,
1531 3367 1651 3436 444,
1681 3369 1806 3437 445,
1839 3369 1964 3437 430,
1988 3367 2111 3437 487,
2129 3370 2256 3439 732,

906 3464 1018 3515 not.
1046 3461 1110 3527 2;
1144 3458 1268 3513 942.

835 3545 1160 3612 nantinus,
1187 3554 1413 3612 magnae
1439 3536 1618 3594 curiae
1651 3539 1708 3593 et
1733 3533 2042 3591 Bar-ensium
2072 3533 2257 3607 judex,

908 3630 1039 3697 368,
1071 3628 1193 3682 369.

831 3714 987 3771 Mar.
1018 3711 1081 3768 de
1102 3708 1481 3780 Summaripa,
1505 3705 1631 3761 705.

833 3797 1055 3854 Marcus
1083 3796 1355 3862 Minutor,
1385 3793 1508 3848 429.

836 3877 1216 3949 Ματρατειὴα,
1238 3890 1459 3934 consors
1482 3871 1698 3930 Henrici
1721 3871 1958 3945 septimi,
1987 3872 2112 3944 687,
2131 3873 2261 3943 742,

908 3963 1035 4028 743,
1068 3962 1191 4016 882.

839 4044 1211 4117 Maryaardas
1227 4085 1240 4112 ,
1270 4042 1609 4116 praepositus
1633 4038 1817 4098 Sancti
1840 4038 1989 4096 Pauli
2014 4037 2071 4095 in
2092 4040 2266 4097 Wor-

909 4127 1110 4197 macia,
1138 4127 1264 4183 744.

839 4209 1114 4278 Mas-holt,
1143 4212 1269 4267 703.

841 4293 1100 4351 Marinus
1117 4335 1131 4359 ,
1160 4289 1401 4347 Bai-ensis
1426 4288 1890 4363 archiepiscopus,
1925 4291 2048 4348 424.

842 4377 1130 4443 Marinus,
1156 4373 1413 4431 Cloiensis
1436 4375 1746 4448 episcopus,
1775 4375 1897 4430 347.

839 4462 1087 4519 Marotta
1115 4456 1177 4513 de
1208 4457 1544 4527 crescentio,
1577 4459 1702 4514 469.

844 4544 1212 4620 marquardus
1254 4542 1318 4598 de
1343 4544 1567 4617 Sneite,
1606 4545 1774 4616 judex
1815 4543 2233 4604 wormaciensis
2250 4590 2266 4617 ,

915 4633 1041 4702 76⁴,
1070 4631 1198 4698 763,
1229 4627 1324 4683 644
1361 4634 1417 4682 et
1438 4633 1548 4683 not.
1573 4629 1627 4683 4.

840 4714 1210 4790 Marquardus
1239 4710 1430 4782 Grato,
1459 4713 1584 4767 699.

2419 690 2790 766 Man-quaram
2819 689 3094 761 Orfanus,
3121 691 3244 744 699.

2420 778 2735 844 Martinus,
2764 773 3051 831 Misnensis
3078 773 3396 847 episcopus,
3427 773 3554 829 547.

2424 862 2708 921 Martinus
2729 859 2793 916 de
2815 860 3135 926 Bonaoosis,
3166 858 3293 928 348,
3320 858 3443 912 353.

2424 945 2707 1001 Martinus
2737 941 3036 1011 Barbellus,
3071 943 3192 996 429.

2429 1028 2709 1085 Martinus
2734 1026 2911 1085 Mallo
2934 1041 3031 1082 seu
3053 1024 3356 1096 Ballionus,
3388 1026 3512 1092 426,
3540 1023 3644 1081 427
3649 1066 3662 1077 .

2427 1110 2841 1180 Malchthildis,
2871 1110 2975 1165 544
2994 1151 3008 1178 ,
3039 1111 3166 1164 624.

2429 1194 2706 1263 Alatheus,
2721 1194 2831 1250 dux
2858 1193 3248 1264 Lotharingiae,
3277 1194 3338 1246 54
3350 1195 3401 1257 4,
3427 1193 3553 1260 548,
3576 1194 3702 1263 553,
3725 1192 3849 1260 595,

2499 1284 2613 1335 not.
2644 1281 2696 1347 ⁴3
2727 1279 2860 1347 646,
2895 1278 3020 1347 762,
3050 1278 3175 1345 767,
3203 1277 3327 1345 799,
3354 1278 3480 1345 soi,
3514 1277 3636 1331 666.

2429 1361 2714 1432 Alatheus,
2745 1361 2949 1418 Salerni
2969 1359 3152 1431 judex,
3178 1362 3304 1430 520,
3336 1361 3463 1417 524.

2431 1445 2712 1515 Mathoae,
2739 1444 3013 1517 magister,
3044 1445 3168 1499 470.

2431 1528 2714 1599 Mathoae,
2744 1529 3016 1595 notarius,
3050 1532 3174 1585 900.

2433 1612 2717 1682 Mothous,
2749 1612 2991 1670 notarius
3018 1611 3208 1684 (alter),
3238 1614 3361 1669 429.

2431 1697 2685 1755 Alatheus
2711 1695 2775 1754 de
2803 1697 3049 1754 Concilio
3065 1739 3079 1766 ,
3107 1696 3242 1752 civis
3266 1695 3548 1767 TrojanuS,
3574 1694 3701 1764 780,
3730 1693 3856 1748 782.

2433 1780 2687 1837 Mathoae
2714 1777 2778 1836 de
2804 1781 3053 1853 Dompna
3078 1780 3367 1849 suzanna,
3398 1781 3520 1834 469.

2436 1863 2691 1920 Mathoae
2719 1864 2783 1920 de
2808 1864 3052 1935 Dompno
3080 1863 3306 1932 Mauro,
3332 1863 3453 1918 470.

2436 1949 2692 2005 Mathoae
2718 1946 3031 2018 Galabrese,
3068 1948 3190 2001 470.

2434 2031 2690 2088 Alatheus
2714 2031 3121 2105 capam-assus,
3152 2031 3279 2086 520.

2437 2116 2693 2174 Mathoae
2717 2116 3040 2185 Fornismae,
3069 2118 3196 2171 469.

2437 2201 2691 2258 Mathoae
2722 2199 3116 2273 Marchasaba,
3149 2201 3271 2254 463.

2440 2284 2694 2343 nameus
2720 2286 3010 2357 Βηστίας,
3038 2286 3164 2353 520,
3196 2285 3320 2339 524.

2440 2368 2767 2440 mathildis,
2797 2385 2931 2427 uxor
2956 2368 3226 2426 Reinmari
3251 2368 3320 2423 de
3346 2363 3671 2434 Crumbach,
3702 2363 3830 2420 928.

2440 2453 2787 2525 Matthaeus,
2821 2454 3026 2515 Salerni
3052 2453 3319 2521 notarius,
3351 2454 3441 2520 98,
3469 2455 3581 2507 not.
3615 2450 3669 2504 4.

2440 2535 2756 2594 Mammas
2803 2538 3023 2595 Grittus
3039 2579 3056 2607 ,
3097 2535 3482 2610 Neapolitanus
3533 2532 3711 2600 milae,
3767 2532 3866 2599 46,

2512 2625 2624 2677 not.
2662 2624 2714 2677 4.

2442 2704 2803 2765 Meiahardas
2836 2706 3035 2779 iunior,
3062 2720 3245 2763 comes
3271 2706 3340 2761 de
3363 2702 3584 2771 Gonia,
3611 2716 3709 2757 seu
3731 2699 3872 2756 Mei·

2514 2788 2721 2846 nardus
2748 2790 2811 2846 de
2849 2790 3075 2859 Goem,
3114 2793 3236 2859 348,
3271 2793 3328 2845 34
3343 2791 3396 2857 9,
3429 2788 3553 2856 324,
3586 2786 3711 2855 328,
3744 2784 3868 2851 329,

2518 2877 2578 2930 54
2591 2875 2642 2944 4,
2673 2876 2797 2930 548.

2447 2955 2805 3015 Heinhardus
2827 2957 3025 3029 senior,
3051 2972 3256 3027 comes,
3290 2959 3415 3028 348,
3449 2957 3572 3011 349.

2446 3042 2809 3099 Μοίηὴατάω
2832 3041 2895 3097 de
2918 3041 3182 3116 Tundorf,
3217 3041 3342 3098 584.

2447 3125 2834 3186 Malioi-antias
2863 3126 2928 3183 de
2960 3115 3225 3194 Trissino,
3252 3126 3377 3181 959.

2447 3209 2702 3268 Μοηαὸοι·
2714 3251 2729 3280 ,
2760 3215 2936 3266 rector
2957 3223 3057 3282 pro
3082 3207 3324 3264 Ferraria
3337 3249 3352 3276 ,
3381 3206 3505 3263 348.

2448 3292 2822 3362 Μαιαάταρυσ
2844 3291 2908 3348 do
2935 3290 3232 3362 Mandello,
3263 3290 3392 3346 707.

2447 3373 2699 3434 Μοτὸοάο
2727 3373 2790 3431 de
2819 3373 3225 3443 Savelenhaeim,
3254 3373 3379 3428 646.

2448 3459 2813 3529 Mmoaldus,
2847 3458 3286 3527 triscamerariuS‚
3319 3457 3442 3525 360,
3476 3456 3598 3510 362.

2449 3541 2689 3599 Michael
2712 3542 2933 3613 Scotas,
2962 3545 3085 3599 384.

2448 3625 2762 3696 Mirabilis,
2810 3625 3076 3694 notarius,
3120 3623 3373 3697 magister
3413 3621 3705 3691 rationum,
3748 3621 3876 3689 247,

2522 3711 2649 3766 248.

2452 3792 2724 3848 Min-amus
2750 3793 3026 3866 Horiqia,
3057 3793 3183 3848 707.

2454 3876 2880 3951 Hadalbarqas,
2905 3877 3073 3951 judex
3096 3876 3410 3948 Mediolani,
3440 3877 3565 3934 707.

2453 3963 2548 4032 Ν.,
2580 3961 2752 4019 65566
2776 3962 2845 4019 de
2865 3960 3106 4031 Abusen,
3138 3963 3266 4033 278,
3299 3963 3428 4018 745.

2454 4047 2548 4116 Ν.,
2587 4046 2758 4103 65566
2815 4046 2883 4103 de
2926 4045 3280 4103 Bebenhusen
3320 4061 3416 4102 seu
3456 4042 3844 4102 Bebenhausen
3862 4083 3878 4111 ,

2527 4132 2652 4200 623,
2683 4131 2806 4200 324,
2836 4132 2961 4199 596,
2993 4132 3118 4186 594.

2455 4214 2549 4283 Ν.,
2577 4212 2749 4270 65566
2774 4212 2956 4270 Sancti
2986 4213 3255 4271 Benedicti
3284 4213 3353 4270 de
3372 4213 3580 4283 tirone,
3607 4214 3730 4269 324.

2454 4297 2548 4367 Ν.,
2578 4296 2749 4354 65566
2773 4302 3071 4355 conventus
3096 4298 3164 4354 de
3200 4297 3586 4372 Creutzlingen,
3608 4299 3733 4368 589,
3754 4297 3881 4353 590.

2457 4381 2517 4439 Ν
2520 4421 2557 4451 .,
2587 4379 2757 4437 65566
2783 4379 3137 4452 Elwacensis,
3165 4382 3292 4438 757.

2456 4464 2516 4522 Ν
2519 4506 2555 4535 .,
2582 4463 2750 4520 65566
2777 4464 2957 4522 Sancti
2981 4465 3310 4534 Bmmerani‚
3338 4465 3465 4521 786.

2458 4549 2518 4607 Ν
2520 4589 2557 4618 .,
2586 4547 2757 4604 65566
2776 4547 2958 4604 Sancti
2982 4549 3194 4621 Georgii
3222 4549 3366 4624 apud
3389 4547 3567 4620 Stein,
3603 4550 3730 4619 565,
3756 4549 3885 4605 566.

2458 4633 2518 4691 Ν
2520 4675 2557 4702 .,
2584 4632 2753 4690 65566
2779 4633 2849 4690 de
2876 4633 3248 4705 lleisterbacb,
3279 4635 3404 4690 800.

2458 4717 2559 4787 Ν.,
2591 4715 2762 4773 65566
2789 4717 3240 4788 monasteriensis,
3269 4718 3392 4789 273,
3424 4720 3548 4776 275.
