4500 5956
677 676 865 736 lxmcr.
901 676 989 752 5.]
1571 669 1961 732 HISTORIA
2010 667 2596 731 DIPLOMATch.
3370 669 3489 731 563

774 1286 1144 1370 Henricus
1160 1347 1184 1392 ,
1224 1285 1746 1370 Romanorum
1796 1308 1928 1366 rex
1944 1343 1969 1390 ,
2008 1283 2520 1367 venditionem
2556 1309 2604 1365 a
2638 1282 3018 1367 Ludovico
3050 1284 3147 1365 de
3183 1284 3491 1393 Schipfa
3563 1299 3688 1396 Πᾶς
3707 1302 3867 1408 ἔξω,

681 1421 1130 1504 monasterio
1166 1420 1262 1503 de
1298 1417 1705 1530 Otterberg
1754 1442 1933 1501 cum
1987 1443 2305 1501 assensu
2359 1442 2499 1500 suo
2549 1416 2827 1500 factam
2880 1418 2977 1502 de
3028 1416 3252 1505 bonis
3296 1445 3495 1530 quae
3566 1410 3621 1451 ²⁵
3647 1409 3868 1452 “mm'’

681 1552 998 1638 habebat
1033 1555 1113 1636 in
1153 1551 1653 1661 Ormisheim,
1695 1562 1958 1637 notam
1996 1551 2175 1635 facit
2208 1561 2284 1635 et
2317 1550 2740 1635 confirmat.

832 1813 1091 1894 (Edlder.
1115 1813 1283 1874 Fusv
1309 1819 1371 1874 et
1396 1812 1705 1886 Burnus,
1742 1808 2199 1873 Urkundenbuclt
2226 1809 2325 1872 des
2352 1813 2408 1873 K
2410 1812 2539 1874 lost.
2574 1809 2897 1892 otterberq,
2925 1828 2988 1890 p.
3020 1822 3120 1888 44,
3149 1823 3216 1874 11⁰
3244 1813 3373 1895 59.)

768 2054 1166 2137 Heinricus‚
1209 2053 1331 2124 Dei
1363 2052 1582 2147 gratia
1633 2052 2095 2124 Romanorum
2142 2073 2272 2125 rex
2312 2062 2384 2124 et
2417 2074 2689 2148 semper
2721 2064 3100 2148 augustus,
3154 2058 3494 2130 universis

684 2179 939 2275 imperii
984 2176 1309 2250 fidelibus
1360 2176 1619 2271 quibus
1657 2197 1941 2271 presens
1994 2177 2214 2248 littera
2272 2177 2479 2249 fuerit
2526 2189 2798 2250 ostensa
2848 2180 3134 2272 gratiam
3186 2202 3384 2254 suam
3427 2192 3497 2254 et

684 2324 875 2377 omne
907 2303 1198 2375 bonum.
1239 2302 1326 2374 Ut
1359 2302 1430 2371 in
1478 2301 1732 2373 nostris
1764 2300 2189 2396 temporibus
2228 2301 2665 2374 venditiones
2697 2312 2766 2375 et
2798 2304 3181 2399 emptiones
3217 2307 3391 2378 facte
3424 2308 3493 2377 in
3563 2312 3571 2323 '

683 2436 934 2499 nostros
952 2425 1361 2522 perveniant
1391 2431 1698 2518 posteros
1733 2431 1803 2495 et
1837 2444 1926 2493 ne
1959 2421 2097 2493 litis
2130 2423 2403 2496 occasio
2438 2435 2775 2518 prestetur
2800 2427 3206 2517 successori,
3235 2450 3318 2501 ea
3354 2451 3494 2523 que

685 2569 898 2622 coram
937 2547 1137 2621 nobis
1170 2556 1503 2643 geruntur
1533 2544 1968 2619 decrevimus
1999 2546 2337 2641 scripture
2367 2549 2751 2622 testimonio
2787 2551 3107 2623 eternari.
3145 2552 3494 2626 Memine—

685 2673 806 2745 rint
840 2673 1049 2766 igitur
1077 2680 1429 2766 presentes
1466 2678 1534 2743 et
1568 2670 1780 2741 futuri
1822 2668 2014 2765 quod
2048 2669 2272 2744 fidelis
2301 2681 2529 2744 noster
2566 2673 2982 2746 Lodowicus
3025 2674 3114 2748 de
3146 2676 3493 2773 Schiffpha

687 2797 987 2872 vendidit
1020 2796 1307 2871 ecclesie
1341 2795 1433 2869 de
1464 2794 1832 2890 Otterburg
1866 2815 1986 2891 per
2019 2818 2271 2868 manus
2323 2805 2625 2886 nostras,
2686 2796 2882 2869 nobis
2937 2797 3486 2893 licentiantibuS,

683 2920 847 2997 bona
881 2944 1009 2996 sua
1032 2941 1170 3016 que
1202 2919 1586 2994 dinoscitur
1612 2918 1944 2994 habuisse
1975 2920 2049 2993 in
2083 2920 2496 2994 Ormisheim
2524 2947 2540 2991 ε
2569 2918 2891 2994 videlicet
2916 2919 3254 2995 decimam
3285 2919 3494 3019 quin-

683 3069 805 3140 que
838 3046 1188 3119 mansium
1220 3053 1290 3119 et
1319 3043 1778 3140 quadraginta
1812 3045 2057 3139 jugera
2100 3066 2423 3140 agrorum
2462 3054 2531 3117 et
2566 3043 2904 3117 decimam
2939 3046 3148 3118 unius
3189 3048 3399 3121 vinee
3427 3059 3497 3121 et

682 3172 876 3245 unius
912 3170 1046 3245 orti
1090 3190 1215 3266 pro
1248 3178 1525 3242 centum
1554 3168 1751 3240 libris
1777 3168 2221 3242 metensium.
2265 3166 2434 3240 Cum
2476 3168 2689 3262 igitur
2729 3169 2887 3242 talis
2918 3170 3174 3267 emptio
3210 3180 3279 3243 et
3311 3194 3497 3246 ven-

681 3292 836 3370 ditio
880 3295 1085 3369 nobis
1129 3292 1717 3366 consentientibus
1752 3292 1842 3364 sit
1876 3293 2053 3365 facta
2101 3302 2168 3367 et
2216 3292 2599 3388 requisitis,
2652 3294 2874 3390 ipsam
2918 3303 3152 3370 tenore
3205 3317 3495 3392 presen-

683 3419 840 3493 tium
879 3416 1292 3517 profitemur
1339 3426 1409 3490 et
1453 3415 1964 3509 confirmamuS,
2027 3425 2106 3488 ut
2136 3439 2495 3514 nunquam
2532 3417 2783 3514 aliquis
2831 3441 3115 3493 suorum
3155 3419 3489 3495 heredum

679 3551 1115 3618 memoratam
1148 3540 1626 3614 venditionem
1676 3536 1935 3614 audeat
1985 3561 2313 3613 revocare
2358 3541 2472 3614 vel
2521 3542 2920 3637 infringere.
2963 3542 3168 3628 Quod
3202 3543 3325 3640 qui
3375 3546 3492 3619 fe-

684 3670 833 3740 cerit
863 3668 1039 3741 iram
1071 3675 1373 3740 nostram
1409 3666 1655 3737 sentiet
1690 3672 1758 3737 et
1783 3664 2141 3738 offensam.
2170 3666 2464 3738 Demum
2496 3665 2908 3739 mandamus
2944 3675 3012 3739 et
3041 3668 3173 3740 sub
3205 3669 3488 3742 obtentu

682 3792 884 3883 gratie
916 3799 1154 3864 nostre
1190 3788 1580 3862 firmissime
1605 3788 2029 3885 precipimus
2057 3798 2136 3861 ut
2160 3790 2396 3863 nullus
2422 3791 2511 3863 sit
2543 3792 2665 3885 qui
2697 3793 3099 3886 premissam
3131 3794 3483 3866 ecclesiam

682 3915 861 3988 nobis
902 3915 1222 3989 dilectam
1267 3913 1341 3985 in
1382 3922 1755 3986 memorata
1790 3914 2138 4008 emptione
2181 3914 2566 4008 inquietare
2608 3913 2863 3987 audeat
2896 3915 3012 3987 vel
3048 3936 3359 4009 gravare.
3405 3918 3489 3990 Et

682 4048 748 4110 ut
775 4040 997 4112 minor
1046 4038 1136 4110 sit
1187 4059 1395 4134 super
1431 4037 1582 4132 ipsa
1619 4037 1967 4132 emptione
2010 4036 2465 4130 ambiguitas,
2504 4043 2887 4133 presentem
2927 4036 3218 4112 litteram
3259 4040 3484 4137 sigillo

681 4174 893 4238 nostro
930 4161 1269 4237 duximus
1299 4160 1736 4234 communiri.

764 4289 991 4361 Testes
1023 4295 1187 4360 sunt
1219 4285 1294 4358 hi
1334 4311 1351 4356 ε
1386 4284 1776 4358 Fridericus
1818 4284 1911 4357 de
1947 4282 2453 4379 Truhindingin
2475 4338 2496 4377 ,
2537 4285 2933 4360 Burkardus
2973 4290 3358 4384 prepositus
3390 4290 3481 4365 de

687 4408 1217 4505 Aschaffinburg,
1257 4409 1686 4483 Ebirhardus
1716 4409 1806 4484 de
1833 4409 2378 4505 Hertingisberg,
2419 4418 2488 4484 et
2517 4410 2633 4483 alii
2665 4411 3134 4507 quamplures.

765 4534 1001 4607 Actum
1040 4533 1227 4630 apud
1269 4534 1723 4629 Herbipolim,
1770 4554 1954 4607 anno
2001 4532 2346 4607 dominice
2385 4534 2872 4609 incarnationis
2913 4536 3009 4609 M.
3040 4534 3163 4610 CC.
3192 4537 3473 4632 XXXII,

689 4655 904 4747 quinto
937 4656 1267 4731 kalendas
1300 4657 1553 4749 martii,
1590 4652 1968 4730 indictione
1995 4658 2080 4729 V.
