4500 5956
1051 604 1172 664 930
2044 597 2471 663 anmucl
2522 598 2866 660 SECUNDI
3485 601 3646 678 [An.
3686 602 3853 665 1236.

1053 745 1216 807 sunt
1244 734 1623 807 affectionis
1654 733 2023 806 certissima
2053 734 2342 830 pignora
2378 731 2705 827 principis
2736 729 2824 803 ad
2853 730 3234 821 subjectos,
3263 753 3421 804 cum
3451 734 3628 806 circa
3657 736 3859 808 latera

1051 857 1345 931 filiorum
1386 878 1714 952 generose
1756 857 2158 952 propaginis
2196 877 2324 929 sue
2355 857 2774 927 incrementa
2815 855 3308 948 circumspicit,
3349 856 3606 949 quibus
3651 855 3856 930 fidem

1051 991 1120 1054 et
1166 981 1453 1074 gratiam
1508 989 1821 1075 preparat
1868 977 2330 1052 subditorum.
2377 978 2549 1048 Nam
2593 998 2753 1048 cum
2796 976 2940 1049 vite
2984 977 3261 1072 proprie
3308 980 3637 1052 terminos
3684 978 3860 1051 finiri

1051 1104 1460 1199 precogitat,
1495 1103 1850 1197 propagari
1884 1100 2144 1197 gaudet
2172 1102 2243 1171 in
2274 1101 2510 1173 sobole
2543 1099 2833 1195 gratiam
2869 1098 3318 1195 principatus.
3352 1101 3437 1173 Et
3461 1123 3859 1196 quanquam

1053 1226 1125 1297 in
1161 1228 1353 1323 prole
1390 1227 1684 1299 feminea
1720 1246 2087 1320 regnorum
2107 1225 2264 1316 jura
2297 1234 2367 1295 et
2400 1223 2835 1316 regnantium
2871 1224 3040 1295 solia
3077 1245 3214 1295 non
3247 1224 3637 1317 quiescant,
3672 1236 3859 1320 grata

1051 1358 1276 1423 tamen
1313 1351 1440 1423 hec
1468 1349 1608 1423 filia
1642 1350 1850 1424 debet
1877 1371 2030 1423 esse
2064 1369 2223 1420 cnm
2256 1346 2615 1437 masculis3
2654 1366 2794 1440 que
2823 1347 3016 1419 velut
3044 1348 3450 1442 tempestiva
3484 1370 3859 1447 paranym-

1048 1474 1187 1569 pha
1231 1475 1666 1567 sequentium
1714 1483 1785 1546 et
1818 1472 2021 1544 arrha
2068 1470 2447 1543 certissima
2491 1469 2949 1542 masculorum
2972 1522 2992 1558 ,
3041 1490 3136 1540 ex
3185 1470 3642 1565 imperatricis
3683 1494 3860 1545 nove

1051 1598 1392 1670 consortio
1428 1595 1883 1668 indubitatam
1927 1594 2128 1668 nobis
2160 1603 2230 1666 et
2265 1593 2466 1666 vobis
2501 1592 2795 1664 Domino
2829 1593 3105 1665 favente
3139 1591 3229 1665 de
3275 1594 3556 1684 regibus
3592 1597 3857 1690 copiam

1047 1720 1459 1815 repromisit.

1148 1845 1394 1915 Datum
1453 1842 1555 1936 (l)
1564 1893 3852 1913 .............................

755 2468 895 2517 um
1064 2424 1067 2427 ’
1156 2428 1581 2511 Fridericus
1603 2489 1627 2534 ,
1703 2428 2221 2510 Romanorum
2312 2428 2760 2535 imperator,
2847 2427 3205 2510 omnibus
3285 2427 3709 2512 civitatibus
3789 2440 3865 2514 et

708 2520 935 2575 „mm
1047 2558 1402 2643 fidelibus
1458 2559 1614 2641 suis
1668 2560 1885 2669 regni
1950 2558 2248 2642 Siciliae
2309 2560 2624 2641 mandat
2677 2560 2887 2668 quod
2924 2559 3204 2642 faciant
3254 2560 3322 2641 ei
3386 2562 3811 2645 subsidium
3833 2626 3855 2666 ,

1046 2718 1289 2800 quum
1325 2692 1474 2774 hac
1514 2692 1676 2774 vice
1718 2716 1894 2773 cum
1942 2700 2153 2774 tanto
2197 2692 2528 2774 exercitu
2571 2691 3109 2774 Lombardiam
3155 2692 3454 2804 ingredi
3514 2695 3866 2805 disponat

1047 2824 1258 2933 quod
1301 2823 1700 2906 rebellium
1747 2850 2062 2908 suorum
2098 2823 2474 2934 protervia
2517 2824 3029 2908 conculcetur.

1212 3038 1404 3117 (Edit.
1434 3041 1497 3099 ln
1524 3039 1692 3099 Petri
1737 3038 1807 3098 de
1866 3040 1989 3099 Vin.
2019 3039 2210 3118 epist„
2241 3040 2345 3100 lib.
2373 3040 2485 3112 111,
2515 3057 2645 3117 cap.
2675 3038 2792 3114 1V3
2822 3038 2956 3101 coll.
2983 3057 3121 3101 cum
3148 3039 3333 3101 codic.
3363 3040 3642 3103 Biblioth.
3671 3041 3857 3103 Paris.

1286 3142 1694 3219 Notro-Dame,
1725 3162 1785 3221 p.
1820 3153 1960 3221 202,
1991 3151 2051 3205 et
2077 3144 2138 3205 S.
2169 3143 2361 3205 Germ.
2387 3141 2638 3223 Har-lay,
2668 3162 2730 3222 p.
2764 3148 2931 3218 455.)

1150 3327 1582 3418 Fredericus,
1624 3337 1757 3401 etc.
1794 3329 1871 3400 In
1907 3330 2242 3404 invidiam
2277 3331 2583 3404 omnium
2619 3331 3010 3421 nationum,
3050 3351 3190 3425 que
3220 3329 3646 3424 quibuslibet
3679 3332 3866 3404 orbis

1053 3451 1335 3543 regibus
1379 3460 1446 3522 et
1490 3461 1667 3524 terre
1711 3451 2138 3547 principibus
2182 3463 2343 3523 sunt
2389 3453 2734 3545 subJecte,
2786 3474 2924 3527 non
2966 3454 3188 3526 solum
3227 3452 3458 3527 debite
3500 3453 3701 3545 fidei,
3741 3456 3864 3528 sed

1053 3576 1285 3646 innate
1320 3575 1681 3667 cujusdam
1714 3574 2088 3650 affectionis
2117 3576 2337 3647 zelum
2372 3575 2609 3649 fideles
2637 3577 2833 3671 regni
2862 3575 3091 3650 Sicilie
3122 3599 3395 3672 semper
3425 3576 3517 3650 ad
3547 3577 3866 3651 dominos

1055 3698 1470 3771 habuerunt.
1528 3699 1664 3772 Sed
1714 3709 2077 3793 postquam
2127 3698 2221 3772 ad
2270 3701 2463 3794 regni
2512 3722 2765 3778 nomen
2816 3712 2992 3775 terre
3035 3711 3174 3775 tam
3224 3702 3474 3774 nobilis
3526 3702 3858 3792 ambitus,

1058 3846 1270 3917 quam
1303 3825 1478 3896 inter
1505 3846 1582 3897 se
1613 3846 1739 3921 per
1772 3824 2066 3898 vicarias
2091 3825 2573 3919 occupantium
2601 3826 2892 3917 injurias
2914 3827 3377 3899 Romanorum
3407 3834 3475 3897 et
3494 3826 3863 3898 Grecorum

1058 3947 1341 4041 imperia
1384 3944 1577 4045 [non]
1617 3948 1912 4043 placidis
1953 3947 2210 4020 finibus
2259 3948 2703 4038 dividebant,
2752 3950 3060 4022 virtuosa
3103 3950 3441 4041 majorum
3478 3958 3861 4022 nostrorum

1058 4079 1126 4140 et
1171 4071 1388 4164 prima
1441 4072 1982 4147 consolidatione
2029 4073 2379 4167 pervenit,
2435 4072 2507 4146 in
2560 4081 2825 4145 tantum
2876 4073 3064 4167 regie
3105 4071 3460 4165 dignitatis
3504 4094 3753 4145 nomen
3799 4083 3869 4144 et

1060 4193 1308 4264 solium
1364 4193 1670 4268 dilexere
1719 4197 2103 4290 regnicole,
2160 4208 2269 4287 ut,
2320 4194 2583 4269 eisdem
2630 4196 3175 4269 antecessoribus
3228 4195 3475 4268 nostris
3517 4195 3606 4268 ab
3654 4196 3754 4268 eis
3797 4196 3866 4267 in

1073 4390 1336 4399 ——ss-
1348 4391 1437 4399 -υ,

1134 4494 1207 4567 (t)
1241 4496 1320 4552 De
1346 4499 1585 4570 tempore
1607 4513 1714 4572 quo
1734 4498 1873 4557 haec
1893 4501 2091 4574 scripta
2111 4500 2270 4559 fuerit
2294 4500 2518 4574 epistola
2539 4500 2672 4559 satis
2695 4500 2836 4560 bene
2860 4515 2961 4559 nos
2981 4500 3268 4558 Riccardus
3295 4501 3363 4558 de
3389 4501 3584 4560 Sancto
3602 4501 3870 4558 Germano

1062 4593 1274 4664 edocet,
1302 4608 1426 4650 cum
1451 4594 1594 4651 dicat
1634 4611 1648 4650 ε
1691 4616 1719 4651 «
1747 4596 1932 4656 Mense
1966 4598 2235 4655 februario
2268 4598 2447 4671 (⁴2³7)
2477 4598 2687 4656 litterae
2719 4598 3023 4672 imperiales
3046 4598 3377 4660 lectaesuut
3418 4598 3473 4653 in
3501 4597 3697 4654 Sancto
3735 4598 3867 4655 Ger·

1061 4705 1220 4747 mano
1237 4691 1302 4747 de
1318 4690 1563 4765 captione
1580 4691 1889 4751 vincentiae
1906 4696 2046 4753 etde
2062 4711 2203 4753 nova
2224 4695 2560 4768 imperatoris
2579 4695 2725 4769 prole
2743 4697 2980 4770 feminea
3007 4695 3075 4752 de
3103 4710 3244 4753 nova
3273 4700 3521 4753 consorte
3545 4699 3813 4768 suscepta.
3839 4714 3864 4746 ι
