4500 5956
1184 560 1298 621 738
2174 560 2600 619 Fnlnssnlct
2652 558 3000 619 saeuum
3627 555 3785 635 [An.
3820 555 3990 616 1235.

1177 704 1402 787 geret,
1433 694 1629 787 quasi
1652 704 1829 766 esset
1849 694 2050 766 nobis
2072 694 2257 766 illata
2281 695 2558 786 injuria,
2587 693 2821 788 gravis
2848 714 2967 765 cor
2999 703 3309 765 nostrum
3333 693 3630 764 turbatio
3653 691 3990 784 fatigaret,

1177 817 1708 889 succedentibus
1740 817 2019 890 ultionis
2053 817 2398 911 condigne
2427 819 2678 891 studiis
2728 839 2872 913 que
2894 817 3133 890 haberi
3159 816 3489 891 condecet
3530 818 3604 888 in
3633 836 3995 911 presump-

1177 950 1402 1013 torum
1425 941 1828 1013 excessibus
1851 940 2298 1034 corrigendis,

1274 1065 1523 1136 Datum
1555 1064 1820 1137 Perusii
1837 1116 1859 1149 ,
1898 1067 1958 1137 V
1984 1065 2315 1138 kalendas
2338 1066 2612 1158 augusti
2630 1118 2652 1155 ‚
2691 1062 3127 1159 pontificatus
3146 1063 3359 1136 nostri
3382 1083 3568 1136 anno
3599 1082 3807 1134 nono.

1272 1188 1350 1258 In
1387 1186 1706 1260 eumdem
1752 1188 2037 1260 modum
2063 1190 2394 1284 scriptum
2426 1198 2533 1261 aet
2577 1189 2906 1281 magistro
2935 1198 3005 1261 et
3043 1188 3367 1260 fratribus
3421 1186 3668 1259 domus
3707 1184 3988 1257 militiae

1171 1312 1434 1406 Templi
1490 1311 2091 1406 Hierosolymitani
2162 1322 2230 1384 et
2292 1314 2718 1408 praeceptori
2772 1323 2841 1385 et
2892 1313 3217 1385 fratribus
3285 1309 3644 1406 hospitalis
3698 1309 3986 1381 Sanctae

1172 1435 1428 1508 Mariae
1459 1434 2035 1507 Theutonicorum
2072 1436 2144 1506 in
2174 1436 2407 1508 Accon
2437 1434 2569 1531 (⁴).

1670 1753 2456 1763 ο--η--υα-ο-οο--ι----.
2469 1754 2514 1761 ·,
2523 1755 2566 1761 --
2581 1749 3554 1762 φ--η--ο-κο-...α-...ι--ο

798 2062 1067 2172 ,33ξῇξῆ
1268 2055 1678 2165 Gregorius
1739 2081 1937 2165 papa
1988 2056 2340 2165 episcopo
2384 2054 2913 2165 Ratis'pcnensi
2957 2052 3275 2137 mandat
3317 2061 3404 2136 ut
3455 2051 3778 2136 Henrico
3819 2051 3977 2136 filio

1160 2187 1517 2273 Friderici
1538 2250 1563 2295 ,
1627 2190 2148 2274 Romanorum
2201 2189 2678 2298 imperatoris
2701 2252 2726 2296 ,
2784 2187 2885 2272 ab
2946 2187 3507 2297 archiepiscopo
3569 2184 3978 2268 Salzebur-

1160 2346 1391 2432 gense
1433 2323 2086 2405 excommunicato
2101 2381 2125 2428 ‚
2182 2347 2363 2404 cum
2407 2322 2506 2403 sit
2557 2322 2658 2404 ad
2718 2322 2956 2431 patris
3020 2320 3347 2430 gratiam
3375 2318 3541 2428 jam
3586 2343 3930 2402 reversus
3945 2377 3968 2422 ,

1159 2453 1556 2537 sufficienti
1629 2454 1728 2536 ab
1798 2480 1888 2538 eo
1961 2455 2310 2537 cautione
2370 2464 2670 2564 recepta
2684 2515 2709 2560 ,
2749 2453 3199 2537 beneficium
3254 2450 3753 2535 absolutionis
3805 2450 3969 2530 im-

1157 2587 1465 2695 pendat.

1317 2824 1500 2905 (Edit.
1529 2844 1628 2904 ap.
1656 2825 2229 2901 ninumstrmal„
2255 2824 2473 2903 eccles„
2495 2828 2576 2889 ad
2598 2843 2742 2889 ann.
2770 2823 3002 2906 1285,§
3031 2826 3110 2900 X,
3138 2840 3173 2885 e
3196 2831 3410 2904 regest.
3438 2824 3710 2904 Gregor„
3734 2823 3838 2885 ub.
3859 2822 3966 2895 lx,

1397 2942 1464 2994 n·
1497 2935 1660 3014 172.)

1253 3161 1618 3253 Gregorius
1637 3215 1656 3251 ‚
1682 3171 1847 3253 etc„
1878 3162 2202 3257 episcopo
2224 3160 2739 3256 Ratisponensi,
2769 3158 3146 3255 imperialis
3174 3158 3333 3232 aule
3359 3157 3796 3245 cancellario,
3834 3163 3965 3227 etc.

1157 3286 1328 3355 Cum
1366 3284 1613 3356 nobilis
1652 3285 1760 3356 vir
1791 3286 2122 3357 Henricus
2149 3294 2354 3356 natus
2394 3283 2772 3356 charissimi
2807 3284 2880 3355 in
2918 3282 3183 3355 Christo
3218 3281 3343 3354 filii
3379 3282 3595 3354 nostri
3649 3278 3973 3352 Friderici

1156 3408 1614 3479 Romanorum
1644 3407 2067 3502 imperatoris
2099 3428 2224 3502 pro
2260 3407 2562 3501 perjurio
2584 3406 2778 3502 quod
2810 3405 3097 3479 incurrit
3127 3428 3207 3478 se
3256 3405 3427 3502 patri
3461 3414 3715 3478 temere
3753 3423 3971 3499 oppo-

1157 3530 1421 3622 nend0,
1478 3532 1567 3602 sit
1601 3552 1727 3626 per
1768 3530 2234 3602 venerabilem
2289 3532 2562 3603 fratrem
2609 3539 2921 3603 nostrum
2965 3529 3576 3622 salzeburgensem
3622 3526 3974 3620 archiepi-

1156 3675 1445 3750 scopum
1476 3655 1875 3728 auctoritate
1907 3663 2137 3727 nostra
2169 3653 2902 3727 excommunicationis
2931 3653 3213 3726 vinculo
3240 3651 3636 3743 innodatus,
3677 3670 3975 3747 presen-

1155 3781 1331 3851 tium
1385 3779 1507 3852 tibi
1563 3779 1969 3852 auctoritate
2025 3777 2438 3851 mandamus
2497 3787 2841 3872 quatenus
2905 3777 3175 3869 eidem,
3245 3798 3405 3849 cum
3467 3777 3557 3848 sit
3602 3773 3695 3848 ad
3754 3773 3974 3868 ipsius

1158 3904 1581 3999 imperatoris
1619 3904 1906 3998 gratiam
1924 3905 2071 3997 jam
2102 3924 2424 3976 reversus
2457 3902 2597 3998 (2),
2647 3903 2854 3997 juxta
2887 3902 3174 3974 formam
3218 3899 3521 3973 Ecclesie
3561 3896 3973 3972 beneficium

1392 4126 1613 4135 ..ι-..ο-
2097 4127 2468 4135 ----„-,-—-..-—-
2481 4127 2615 4134 ...ο-.-

1229 4261 1302 4334 (4)
1342 4260 1507 4318 Adest
1529 4261 1690 4318 etiam
1727 4277 1814 4336 ap.
1843 4262 2148 4334 Rumnn„
2175 4262 2374 4319 Annal.
2404 4262 2576 4319 eccles.
2616 4261 2685 4318 ad
2717 4276 2844 4317 ann.
2877 4261 3047 4329 ⁴235,
3094 4258 3324 4332 gun,
3370 4256 3472 4314 sub
3509 4255 3649 4311 notis
3683 4252 3971 4310 chronolo-

1155 4354 1287 4427 gicis
1313 4356 1517 4412 eisdem
1543 4357 1645 4412 alia
1672 4357 1894 4430 epistola
1932 4357 2098 4414 nobili
2121 4358 2236 4414 viro
2271 4357 2459 4417 Joanni
2495 4358 2564 4413 de
2605 4356 2808 4415 lbe1ino
2853 4356 3083 4426 directa,
3126 4369 3250 4411 cum
3290 4351 3623 4409 invocatione
3659 4372 3686 4401 «ε
3717 4349 3972 4421 Spiritum

1154 4452 1356 4511 consilii
1383 4453 1639 4521 sanioris»,
1672 4472 1699 4505 »
1731 4469 1841 4525 qua
1861 4455 2093 4525 graviter
2121 4454 2268 4509 illum
2297 4470 2437 4528 papa
2460 4454 2706 4526 objurgat
2731 4469 2797 4510 ex
2821 4469 2886 4510 co
2913 4452 3059 4525 quod
3089 4466 3179 4508 res
3202 4449 3452 4524 syriacas
3476 4447 3709 4504 infestet.

1222 4554 1299 4622 (2)
1336 4549 1465 4606 Inde
1491 4549 1749 4607 discimus
1783 4564 1978 4622 papam
1994 4592 2008 4621 ,
2038 4550 2255 4608 ineunte
2286 4557 2512 4624 augusto
2532 4592 2548 4623 ,
2583 4550 2822 4608 nondum
2856 4549 3186 4624 comperisse
3222 4547 3457 4622 qualiter
3481 4544 3768 4615 Heni-icus,
3798 4541 3972 4616 primo

1152 4650 1207 4705 in
1238 4646 1460 4721 gratiam
1488 4651 1763 4719 receptus,
1791 4661 1916 4703 mox
1940 4663 1973 4702 e
2005 4647 2139 4704 solio
2167 4647 2223 4704 in
2249 4663 2521 4705 carcerem
2545 4647 2785 4721 dejectus
2807 4646 2987 4706 fuerit.
3082 4634 3086 4637 ’
