4500 5956
1566 614 1819 673 INDEX
1869 612 2564 676 DOCUMENTORUM.
3361 609 3482 670 965

677 814 893 891 1252

1500 956 1690 1020 negge
1731 942 2100 1002 ministeriali
2149 957 2260 1001 suo
2303 940 2575 999 collatam
2620 944 2680 998 et
2721 954 2759 996 a
2799 936 3082 997 fratribus
3139 938 3479 997 monasterii

1501 1036 1764 1114 ejusdem
1792 1037 2178 1113 redemptam.
3362 1042 3477 1093 330

700 1133 877 1192 maio.
1087 1130 1266 1206 Apud
1423 1164 1503 1179 —
1541 1135 1691 1195 Cum
1735 1134 1860 1194 filio
1896 1151 2004 1194 suo
2039 1135 2296 1193 Henrico
2334 1148 2471 1209 rege
2512 1132 2866 1191 conveniens
2879 1172 2899 1203 ,
2929 1135 3165 1207 rogatus
3193 1146 3228 1189 a
3253 1133 3477 1204 princi-

1015 1225 1347 1287 Sibidatum
1501 1232 1704 1309 pibus,
1731 1232 2038 1307 privilegia
2059 1233 2202 1306 ipsis
2228 1229 2305 1289 ab
2330 1229 2536 1288 eodem
2563 1243 2699 1304 rege
2720 1227 3084 1287 Wormatiae
3105 1243 3265 1286 anno
3299 1236 3473 1299 1231,

952 1324 1017 1382 in
1045 1324 1197 1383 Foro
1223 1324 1388 1384 Julii.
1507 1337 1564 1388 ι’
1590 1328 1730 1387 mali
1749 1371 1767 1399 ‚
1802 1343 2110 1398 concessa,
2139 1342 2277 1386 cum
2304 1324 2656 1401 quibusdam
2703 1329 2900 1383 tamen
2943 1320 3477 1382 modificationibus

1500 1428 1743 1483 renovat
1770 1429 1831 1482 et
1854 1421 2188 1482 confirmat.
3361 1427 3470 1478 331

701 1518 875 1575 maio.
977 1514 1090 1591 Ap.
1122 1514 1369 1576 Utinum
1427 1551 1501 1565 —
1538 1521 1999 1580 Renovationem
2040 1518 2475 1595 privilegiorum
2506 1530 2660 1592 quae
2686 1514 2980 1592 praecedit
3002 1514 3195 1575 denuo
3221 1513 3480 1592 promul-

952 1612 1015 1670 in
1043 1611 1196 1670 Foro
1224 1611 1386 1671 Julii.
1499 1621 1635 1692 gat,
1659 1615 1822 1675 bulla
1847 1630 2027 1674 aurea
2054 1615 2367 1673 munitam.
3361 1620 3475 1671 332

703 1710 878 1769 maio.
976 1707 1095 1784 Ap.
1116 1709 1364 1770 Utinum
1419 1743 1501 1756 —
1540 1711 1635 1771 Ad
1696 1712 2137 1787 requisitionem
2198 1709 2436 1768 Hearici
2488 1704 2940 1767 Wormatiensis
2991 1710 3245 1784 episcopi
3261 1750 3278 1777 ‚
3324 1710 3480 1768 cives

950 1806 1017 1864 in
1044 1807 1199 1866 Foro
1224 1806 1386 1866 Julii.
1497 1808 1958 1868 wormatienses
1983 1807 2389 1866 constitutioni
2423 1805 2486 1863 in
2529 1806 2693 1864 curia
2732 1804 3161 1864 Ravennatensi
3188 1805 3377 1865 editae
3403 1805 3480 1865 de

1497 1903 1799 1964 cassandis
1865 1901 2397 1963 communitatibus
2459 1903 2766 1961 civitatum
2820 1900 3058 1961 obedire
3102 1909 3438 1963 recusantes
3455 1950 3476 1979 ‚

1496 2000 1825 2078 proscribit.
3359 2010 3473 2062 335

692 2095 870 2154 maio.
978 2090 1091 2169 Ap.
1112 2090 1363 2153 Utinum
1417 2129 1497 2144 —
1533 2099 1785 2157 Henrico
1811 2098 2238 2157 Wormatiensi
2266 2097 2536 2173 episcopo
2564 2096 2670 2156 dat
2710 2097 2774 2154 in
2815 2097 3111 2158 mandatis
3136 2104 3204 2158 ut
3235 2099 3478 2160 domum

950 2186 1016 2244 in
1040 2186 1194 2246 Foro
1218 2186 1383 2246 Julii.
1492 2193 1930 2251 communitatis
1952 2193 2017 2250 in
2042 2190 2377 2251 Wormatia
2401 2187 2671 2249 funditus
2715 2189 2869 2248 dirui
2911 2189 3116 2262 faciat,
3147 2192 3200 2249 ei
3240 2195 3479 2270 insuper

1492 2288 1818 2349 concedens
1859 2287 2113 2348 fundum
2152 2286 2418 2364 ejusdem
2458 2286 2671 2347 domus
2716 2287 2779 2345 in
2817 2290 3170 2363 proprietate
3203 2291 3477 2352 ecclesiae

1491 2387 1971 2447 wormatiensis.
3359 2398 3476 2450 336

696 2479 876 2539 maio.
959 2473 1079 2552 Ap.
1103 2474 1372 2536 Utinum.
1411 2515 1495 2528 —
1533 2483 1913 2544 contractum
1948 2484 2101 2541 inter
2135 2482 2635 2559 archiepiscopum
2665 2479 3146 2559 salzburgensem
3174 2490 3235 2543 et
3260 2485 3476 2545 Henri-

1490 2595 1627 2639 cum
1655 2581 1929 2639 comitem
1956 2578 2031 2637 de
2058 2577 2394 2654 ortenburg
2415 2577 2491 2637 de
2516 2579 2714 2653 pueris
2748 2583 3090 2637 mutuorum
3117 2579 3474 2640 ministeria-

1491 2677 1639 2736 lium
1665 2677 1817 2734 inter
1842 2676 2003 2752 ipsos
2027 2674 2353 2751 aequaliter
2378 2672 2712 2733 dividendis
2735 2673 3309 2751 initum,confirmat.
3354 2684 3468 2736 337

700 2769 877 2828 maio.
971 2764 1087 2842 Ap.
1111 2766 1358 2827 Utinum
1410 2804 1496 2818 —-
1532 2771 1625 2832 Ad
1648 2772 2135 2849 supplicationem
2163 2770 2423 2846 Adolphi
2451 2772 2680 2830 comitis
2703 2769 3023 2843 Bolsatiae,
3044 2773 3474 2834 concessionem

944 2863 1011 2921 in
1035 2863 1194 2924 Foro
1215 2866 1251 2925 J
1256 2866 1381 2927 ulii.
1492 2885 1675 2947 quam
1716 2868 1878 2929 idem
1921 2883 2121 2928 comes
2160 2867 2516 2927 monasterio
2562 2865 2912 2926 monialium
2958 2867 3021 2923 in
3060 2866 3270 2926 Poretz
3295 2865 3432 2927 fecit
3446 2912 3466 2942 ,

1490 2965 1820 3028 confirmat.
3354 2973 3470 3027 333

698 3058 874 3122 maio.
969 3053 1080 3132 Ap.
1107 3057 1357 3118 Utinum
1413 3094 1492 3109 —
1531 3062 1628 3123 Ad
1670 3062 2016 3122 instantiam
2056 3057 2253 3121 Adolfl
2292 3059 2523 3119 comitis
2566 3057 2896 3131 Bolsatiae,
2927 3075 3115 3119 novae
3153 3062 3379 3121 civitati
3405 3064 3472 3123 in

942 3153 1005 3212 in
1030 3154 1183 3213 Foro
1212 3155 1248 3214 J
1252 3154 1376 3215 ulii.
1488 3158 1795 3235 Bamburg
1814 3162 1993 3236 juxta
2013 3156 2298 3217 Alstriam
2323 3155 2633 3216 confirmat
2658 3156 3058 3216 concessiones
3081 3162 3142 3216 et
3166 3158 3472 3237 privilegia

1489 3272 1526 3316 a
1578 3261 1748 3332 patre
1798 3255 2066 3333 ejusdem
2117 3254 2354 3313 comitis
2405 3253 2599 3313 eidem
2668 3252 2895 3311 civitati
2954 3254 3308 3331 jampridem
3373 3259 3467 3316 in-

1487 3353 1678 3413 dulta.
3354 3363 3469 3415 340

685 3446 863 3507 maio.
967 3442 1087 3519 Ap.
1104 3442 1355 3505 Utinum
1407 3480 1491 3494 —
1528 3448 1627 3509 Ad
1668 3448 2013 3509 instantiam
2056 3444 2254 3507 Adolfl
2299 3447 2529 3506 comitis
2572 3447 2903 3521 Bolsatiae,
2929 3451 3206 3526 antiquae
3241 3451 3471 3512 civitati

943 3542 1007 3600 in
1033 3541 1185 3601 Foro
1212 3541 1377 3600 Julii.
1487 3546 1552 3604 in
1596 3542 1904 3621 Bamburg
1947 3540 2258 3602 confirmat
2303 3544 2708 3604 concessiones
2760 3550 2821 3604 et
2879 3546 3185 3622 privilegia
3226 3562 3264 3604 a
3307 3553 3473 3623 patre

1486 3641 1750 3718 ejusdem
1790 3640 2024 3700 comitis
2049 3638 2242 3699 eidem
2270 3641 2495 3699 civitati
2522 3641 2875 3716 jampridem
2899 3641 3149 3700 indulta.
3353 3652 3462 3703 341

687 3736 862 3799 maio.
961 3733 1078 3810 Ap.
1095 3734 1368 3795 Utinum.
1410 3768 1491 3785 —
1529 3737 1773 3798 Civibus
1798 3734 2185 3813 Pupiensibus
2225 3735 2588 3810 amplissima
2612 3737 2919 3814 privilegia
2957 3735 3036 3795 ab
3078 3754 3192 3796 avo
3217 3743 3279 3797 et
3304 3745 3471 3815 patre

1492 3851 1602 3896 suo
1647 3840 1710 3895 et
1747 3850 1785 3892 a
1823 3835 2016 3909 seipso
2041 3847 2200 3891 anno
2233 3839 2410 3903 12¹9,
2444 3840 2520 3891 29
2548 3834 2814 3910 augusti,
2844 3848 3048 3892 eorum
3073 3834 3300 3893 civitati
3327 3850 3469 3895 con·

1492 3944 1686 4002 ema,
1716 3932 1964 3988 renovat
1989 3933 2050 3987 et
2073 3924 2402 3986 confirmat.
3355 3939 3468 3991 342

641 4031 714 4084 10
743 4025 910 4086 maii.
971 4023 1091 4101 Ap.
1113 4024 1358 4086 Portum
1411 4058 1494 4072 —
1531 4025 1789 4085 Benrico
1817 4025 2031 4085 seniori
2055 4028 2116 4083 et
2130 4023 2385 4082 Beni-ico
2399 4023 2619 4098 juniori
2640 4022 2713 4082 de
2731 4022 2997 4094 Plawen,
3013 4029 3252 4099 propter
3267 4041 3471 4087 eorum

1041 4123 1288 4185 Naonis.
1489 4127 1697 4181 contra
1719 4121 1990 4180 inimicos
2013 4118 2306 4179 Ecclesiae
2332 4120 2738 4178 strenuitatem
2752 4160 2772 4190 ,
2802 4121 2933 4177 auri
2959 4126 3020 4178 et
3045 4121 3272 4196 argenti
3314 4120 3472 4181 fodi-

1487 4234 1597 4279 nas
1623 4223 1684 4278 et
1708 4219 1908 4276 omnia
1932 4216 2170 4276 metalla
2194 4229 2348 4292 quae
2371 4215 2435 4273 in
2461 4216 2762 4275 territoriis
2786 4231 2988 4275 eorum
3023 4218 3280 4293 reperire
3304 4222 3473 4293 pote-

1488 4321 1632 4375 runt
1684 4313 1987 4388 concedit,
2036 4328 2173 4373 cum
2225 4310 2509 4372 facultate
2554 4328 2765 4373 aureos
2812 4328 3044 4391 grossos
3093 4319 3156 4373 et
3200 4314 3473 4376 denarios

642 4516 712 4568 10
748 4511 905 4570 maii.
966 4504 1083 4585 Ap.
1112 4507 1356 4569 Portum
1407 4410 1941 4568 —msszlffltiium
1993 4508 2343 4585 magistrum
2394 4506 2701 4583 hospitalis
2754 4507 3254 4569 ‘theutonicorum
3307 4422 3471 4570 ιιῗιῗιὲΞ

1038 4606 1282 4668 Naonis.
1485 4606 1637 4664 tium
1680 4610 1741 4664 et
1768 4610 2207 4682 procuratorem
2252 4619 2428 4665 suum
2466 4604 2698 4664 ordinat
2721 4605 2787 4664 in
2812 4605 3118 4667 discordiis
3146 4622 3301 4684 quae
3326 4623 3469 4667 ver-

1488 4710 1697 4764 tuntur
1720 4706 1873 4765 inter
1899 4720 1965 4765 se
1987 4710 2048 4765 et
2074 4706 2345 4766 civitates
2367 4703 2675 4765 societatis
2700 4704 3111 4766 Lombardiae.
3355 4714 3472 4766 344
