4500 5956
1117 581 1242 646 956
2210 585 2834 649 ADDITAMENTA.

1222 715 1439 794 ⁴234.
1476 717 1861 793 Fridericus
1896 722 1954 792 II
1992 722 2108 813 jus
2150 724 2570 798 succedendi
2610 722 2935 795 masculis
2974 723 3197 815 gentis
3225 722 3451 796 dictae
3480 725 3652 797 della
3676 728 3933 815 Murra,

1120 842 1423 917 exclusis
1467 843 1785 935 seminis,
1835 866 2060 938 usque
2107 846 2200 920 ad
2245 845 2592 920 decimum
2647 844 2941 939 gradum
2982 844 3330 936 concedit,
3365 870 3401 915 (ι
3429 869 3519 921 ne
3567 851 3938 945 antiquitas

1117 974 1336 1040 status
1365 965 1517 1039 sive
1552 975 1856 1038 statuum
1886 968 2190 1063 ipsorum
2231 991 2355 1065 per
2385 970 2755 1042 mulierum
2788 969 3291 1043 successionem
3327 970 3854 1046 diminueretur.
3893 1001 3930 1044 n

1117 1090 1319 1177 Quod
1350 1090 1790 1184 privilegium
1825 1112 1952 1162 rex
1981 1093 2310 1165 Robertus
2346 1104 2417 1165 et
2452 1092 2764 1165 Iohanna
2798 1093 2850 1164 1·
2886 1091 3485 1166 confirmaverunt.
3528 1095 3935 1190 L’originale

1115 1214 1190 1287 di
1224 1215 1450 1309 questi
1495 1223 1739 1286 stanno
1779 1214 1891 1286 nel
1927 1238 2245 1310 processo
2285 1226 2387 1288 tra
2420 1216 3025 1289 Giov.'Domenico
3062 1216 3240 1289 della
3276 1217 3499 1289 Marra
3534 1227 3602 1290 et
3649 1220 3700 1290 il
3745 1222 3933 1314 prin-

1117 1340 1271 1433 cipe
1317 1338 1389 1411 di
1430 1339 1762 1432 Stigliano
1813 1360 2017 1434 sopra
2055 1341 2104 1412 il
2143 1340 2442 1413 contado
2478 1340 2832 1431 d’AltanO,
2874 1339 3045 1413 etin
3074 1341 3449 1414 summaria
3493 1343 3672 1416 nella
3708 1344 3931 1417 banca

1112 1464 1187 1538 di
1236 1464 1457 1537 Florio
1500 1486 1544 1537 o
1580 1463 1695 1537 del
1731 1486 1862 1538 suo
1905 1486 2325 1538 successore.
2378 1467 2729 1556 Manu,
2776 1464 3062 1556 Famiql.
3109 1466 3341 1555 nobili,
3381 1488 3454 1561 p.
3494 1467 3665 1539 635.
3712 1468 3928 1542 Valde

1111 1590 1433 1663 dubium.

1213 1835 1428 1909 4235.
1493 1834 1864 1929 Imperator
1915 1833 2238 1928 hospitali
2296 1835 2584 1906 Sanctae
2641 1832 2899 1904 Mariae
2952 1831 3527 1920 'theutonicorum
3587 1832 3922 1927 quasdam

1111 1959 1430 2033 ecclesias
1462 1958 1554 2030 ab
1590 1957 1878 2053 imperio
1922 1956 2191 2030 dotatas
2227 1957 2300 2028 in
2332 1955 2588 2029 vicinia
2631 1954 3089 2049 Magdeburgi
3127 1956 3385 2050 positas
3425 1958 3771 2031 concedit.
3811 1960 3915 2031 cf.

1108 2086 1348 2176 Vorcr,
1387 2084 1614 2155 Gesch.
1653 2106 1778 2154 von
1812 2084 2163 2172 Preussen,
2205 2092 2259 2155 t.
2300 2082 2386 2175 ΙΙ,
2426 2105 2498 2177 p.
2533 2083 2703 2158 269.

1199 2329 1643 2421 Privilegium
1684 2331 2012 2404 Friderici
2042 2332 2101 2403 11
2140 2332 2229 2405 de
2269 2352 2452 2403 anno
2483 2329 2756 2402 Domini
2790 2327 3240 2401 MCCXXXVI
3275 2348 3402 2423 pro
3433 2326 3921 2400 communitate

1098 2454 1431 2525 Brenzoni
1468 2450 1699 2549 (Porto
1734 2456 2065 2527 Brenzoni
2100 2455 2193 2528 ad
2222 2456 2449 2527 lacum
2487 2451 2794 2548 Gardae)
2817 2505 2836 2541 ,
2871 2473 2997 2546 per
3027 2450 3218 2546 quod
3252 2451 3444 2525 aliud
3479 2449 3920 2548 privilegium

1098 2578 1426 2650 Friderici
1482 2579 1510 2650 Ι
1563 2577 2027 2651 confirmatur.
2071 2578 2489 2652 Memoratur
2523 2578 2597 2648 in
2629 2575 2995 2673 privilegio
3046 2574 3265 2647 Caroli
3312 2574 3539 2669 quinti
3594 2571 3685 2647 de
3737 2594 3919 2646 anno

1102 2698 1320 2774 4543.
1361 2703 1698 2789 Mamm,
1733 2703 2197 2790 Notizenblatt,
2235 2724 2401 2774 anu.
2445 2703 2662 2793 4853,
2704 2707 2778 2772 n⁰
2814 2696 2889 2789 7,
2925 2722 3000 2795 p.
3038 2700 3205 2775 402.

1988 3285 2582 3361 DOCUMENTA
2637 3281 3012 3358 SPURIA.

734 3497 987 3604 §mn
1197 3460 1622 3544 Fridericus
1637 3519 1662 3566 ,
1718 3459 2256 3544 Romanorum'
2305 3461 2747 3568 imperator,
2797 3455 3226 3567 Guglielmo
3278 3455 3375 3537 de
3425 3452 3712 3562 Burgio
3773 3476 3911 3561 pro

802 3607 924 3649 ¹²³²·
1096 3593 1255 3676 suis
1299 3600 1375 3675 et
1426 3616 1743 3676 suorum
1797 3602 2361 3675 antecessorum
2412 3592 2700 3676 devotis
2763 3588 3116 3695 servitiiS,
3154 3593 3493 3669 castrum
3532 3581 3911 3690 Calataje-

1091 3750 1416 3811 ronense
1463 3733 1539 3808 et
1596 3733 1836 3808 totam
1888 3724 2166 3809 vallem
2226 3723 2394 3809 Neti
2447 3723 2688 3834 ipsius
2747 3722 2900 3804 vita
2954 3721 3280 3804 durante
3331 3716 3907 3828 gubernandam

1092 3858 1521 3945 committit.

1259 4074 1465 4154 (Edid.
1500 4073 1640 4135 sn.
1668 4074 1888 4152 Pmu,
1919 4068 2062 4134 Cod.
2090 4066 2395 4151 diplomat.
2420 4063 2846 4129 delmcrooed.
2876 4062 3177 4144 diMalta,
3204 4069 3248 4123 t.
3281 4062 3335 4138 1,
3365 4078 3425 4139 p.
3458 4070 3568 4136 82,
3598 4073 3907 4121 exexem-

1328 4181 1481 4259 plarl
1504 4180 1669 4258 quod
1700 4179 1814 4241 sibi
1847 4196 1886 4241 a
1908 4179 2010 4241 Fr.
2036 4178 2331 4255 Giuseppe
2356 4175 2447 4237 de’
2472 4174 2671 4236 Nobili
2694 4173 3108 4234 transmissum
3133 4169 3314 4231 fuisse
3339 4168 3506 4229 dicit.
3521 4165 3616 4229 Cf.
3644 4159 3910 4245 Opuscols·

1332 4282 2209 4367 de91.aut.sicil.,t.v11,p.
2257 4281 2660 4360 salomem
2684 4285 2885 4340 tamen
2921 4278 3256 4356 privilegio,
3282 4273 3523 4348 falsum,
3554 4274 3675 4333 imo
3707 4269 3909 4331 falsis·

1327 4394 1544 4454 slmum
1568 4409 1695 4455 esse
1719 4409 1797 4454 ex
1822 4407 1944 4453 uno
1970 4392 2280 4453 oculorum
2304 4391 2427 4450 ictu
2452 4403 2630 4449 nemo
2658 4402 2779 4446 non
2805 4384 3139 4459 fatebitur.)

1186 4576 1600 4668 Fridericus,
1632 4579 2000 4675 imperator
2024 4578 2521 4668 Romanorum,
2556 4596 2683 4649 rex
2711 4573 3078 4667 utriusque
3116 4567 3393 4643 Siciliae
3433 4574 3505 4638 et
3534 4563 3685 4638 dux
3721 4563 3897 4635 Sue-

1087 4705 1282 4796 viae,
1334 4701 1461 4775 tibi
1499 4699 1748 4775 dilecto
1798 4712 1868 4776 et
1917 4701 2105 4775 fideli
2164 4701 2365 4774 militi
2417 4707 2647 4773 nostro
2696 4696 3081 4790 Guglielmo
3130 4693 3221 4768 de
3270 4690 3527 4786 Burgio
3582 4688 3672 4763 de
3723 4696 3898 4760 terra
