4500 5956
677 622 864 682 tumet.
897 618 988 703 8.]
1581 626 1970 690 HISTORIA
2021 624 2610 689 muouarch.
3376 630 3492 688 747

675 753 1105 849 Ubicumque
1134 757 1559 852 proscriptus
1585 760 2012 835 interdicitur
2046 760 2162 833 vel
2195 756 2582 849 invaditur,
2626 780 2668 832 a
2701 760 2977 833 nemine
3023 759 3436 834 defendatur
3456 816 3476 853 ,

676 887 737 948 et
756 877 816 948 si
833 877 994 972 quis
1011 898 1170 951 enm
1193 880 1495 955 scienter
1519 881 1906 958 defenderit
1922 892 1988 957 et
2020 883 2258 956 dehoc
2273 883 2576 975 legitime
2596 884 2954 958 convictus
2976 884 3208 972 fuerit,
3239 882 3485 958 eadem

676 996 872 1089 culpa
908 1006 1221 1070 teneatur
1253 1008 1326 1073 et
1359 1008 1689 1095 tanquam
1725 1003 2145 1099 proscriptus
2166 1002 2543 1093 judicetur.

765 1117 968 1191 Nulla
1003 1120 1248 1194 civitas
1277 1124 1390 1196 vel
1423 1124 1711 1220 opidum
1737 1125 2190 1221 proscriptum
2241 1134 2471 1199 teneat
2516 1126 2829 1201 scienter.
2863 1127 3106 1199 Nullus
3140 1147 3303 1199 eum
3345 1124 3485 1199 de-

680 1240 910 1313 fendat
944 1243 1001 1313 si
1034 1243 1097 1314 ei
1126 1245 1384 1318 malum
1416 1246 1699 1340 aliquod
1732 1249 2096 1338 inferatur3
2136 1246 2349 1321 nichil
2384 1249 2449 1321 ei
2480 1248 2682 1321 detur
2719 1250 2970 1342 gratis3
3024 1270 3227 1321 nemo
3249 1270 3486 1321 secum

678 1365 744 1434 in
772 1365 1120 1459 emptione
1157 1369 1271 1440 vel
1307 1368 1709 1443 venditione
1737 1371 2129 1466 participet,
2171 1371 2298 1444 sed
2332 1372 2404 1442 in
2431 1373 2753 1445 omnibus
2776 1373 3094 1444 evitetur.
3136 1372 3208 1443 Si
3244 1371 3487 1444 civitas

678 1509 832 1562 eum
861 1491 1317 1563 communiter
1335 1493 1628 1566 scienter
1657 1495 1987 1582 tenuerit,
2020 1494 2079 1566 si
2117 1500 2222 1567 est
2243 1504 2541 1581 murata,
2580 1517 2855 1566 murum
2878 1497 3033 1588 ejus
3048 1493 3276 1586 judex
3308 1505 3487 1567 terre

680 1612 1025 1703 destruat;
1076 1614 1327 1709 hospes
1374 1617 1525 1709 ejus
1570 1626 1649 1688 ut
1695 1618 2118 1714 proscriptus
2170 1617 2524 1714 puniatur.
2582 1619 2654 1690 Si
2703 1619 2946 1691 civitas
2996 1639 3195 1691 muro
3257 1625 3483 1702 caret,

671 1738 891 1829 judex
922 1759 1078 1810 eam
1098 1738 1478 1812 succendat
1503 1761 1633 1813 nec
1655 1742 1778 1813 ulli
1814 1743 2015 1815 liceat
2045 1762 2200 1815 eam
2229 1739 2627 1814 defendere.
2666 1742 2737 1812 Si
2774 1742 3015 1815 civitas
3043 1761 3487 1837 seopposue·

677 1861 798 1954 rit,
847 1870 986 1934 tam
1019 1862 1260 1935 civitas
1285 1884 1496 1957 quam
1531 1862 1847 1937 homines
1878 1864 2108 1959 quise
2136 1874 2486 1960 opponent
2513 1862 2766 1936 cadant
2799 1864 2890 1937 ab
2921 1864 3109 1937 omni
3133 1863 3292 1955 jure
3327 1885 3480 1937 suo.

676 1986 744 2058 Si
767 1985 994 2079 judex
1023 1987 1094 2057 in
1127 1986 1329 2078 cujus
1346 1986 1660 2059 districtu
1684 1997 1820 2077 est,
1861 1986 1994 2061 hoc
2026 1990 2249 2061 facere
2280 1997 2604 2082 nequeat,
2639 1987 3137 2080 significabitur
3158 1987 3382 2074 nobis,
3419 1997 3490 2060 et

677 2130 800 2183 nos
835 2110 1012 2183 illud
1044 2109 1304 2205 exequi
1341 2111 1692 2185 faciemus.

771 2231 891 2305 Η.
947 2234 1048 2306 De
1076 2235 1473 2328 emptoribus
1501 2238 1603 2307 rei
1620 2234 1898 2330 predate
1932 2236 2040 2308 vel
2065 2237 2338 2328 furtive.
2386 2234 2816 2307 Interciditur
2864 2234 3158 2307 nocendi
3206 2234 3491 2308 materia

678 2358 735 2429 si
775 2359 1060 2431 fautoris
1104 2360 1376 2431 occasio
1422 2360 1892 2433 subtrahatur.
1945 2360 2147 2435 Unde
2192 2360 2400 2434 etiam
2444 2359 2830 2432 secundum
2868 2360 3027 2450 jura
3072 2360 3305 2432 civilia
3342 2358 3491 2454 pari

678 2503 855 2576 pena
903 2483 1392 2576 prosequimur
1435 2493 1505 2555 et
1539 2484 1727 2557 fures
1770 2493 1839 2557 et
1890 2505 2014 2557 eos
2063 2483 2187 2578 qui
2223 2504 2349 2579 per
2397 2482 2982 2576 participationem
3032 2480 3328 2576 depositi
3378 2481 3494 2554 vel

678 2605 881 2700 empti
948 2605 1179 2679 sinum
1231 2607 1622 2679 furantibus
1676 2606 2122 2702 prebuerunt.
2192 2606 2571 2678 Statuimus
2639 2605 2874 2697 itaque
2938 2613 3019 2675 ut
3070 2604 3493 2697 quicumque

679 2728 969 2802 scienter
1003 2731 1244 2803 emerit
1266 2753 1413 2803 rem
1442 2731 1798 2828 predatam
1826 2733 1939 2805 vel
1971 2733 2297 2805 furtivam
2319 2732 2434 2804 vel
2466 2731 2715 2824 hospes
2752 2728 2989 2818 suerit,
3032 2727 3106 2800 id
3135 2736 3238 2798 est
3268 2725 3493 2797 scien-

678 2862 772 2924 ter
807 2863 1115 2949 receptor
1152 2875 1287 2926 non
1324 2856 1857 2950 proscriptorum
1895 2854 2281 2951 predonum
2319 2863 2442 2926 aut
2465 2854 2731 2943 furum,
2788 2852 2848 2924 si
2881 2850 2974 2924 de
3024 2851 3158 2923 hoc
3192 2850 3496 2943 legitime

676 2978 878 3049 semel
908 2980 1264 3051 convictus
1288 2980 1517 3069 fuerit,
1549 2978 1836 3053 domino
1859 2981 2061 3071 cujus
2082 3000 2194 3052 res
2217 2987 2365 3052 erat
2388 2978 2610 3050 solvat
2631 2975 2702 3048 in
2733 2975 3057 3071 duplum.
3090 2974 3162 3046 Si
3185 2971 3494 3047 secundo

678 3102 1030 3174 convictus
1058 3101 1265 3175 fuerit
1298 3102 1433 3175 hoc
1470 3103 1749 3192 fecisse,
1798 3103 1859 3175 si
1889 3125 2000 3176 res
2027 3103 2314 3198 predata
2347 3102 2552 3174 fuerit
2588 3110 2920 3196 tanquam
2950 3098 3205 3197 predo,
3254 3097 3312 3170 si
3344 3099 3492 3170 fur-

677 3224 811 3295 tiva
843 3234 1171 3318 tanquam
1209 3226 1322 3296 fur
1356 3225 1707 3320 puniatur.

770 3350 888 3420 ⁴5.
946 3351 1042 3418 De
1064 3349 1443 3441 J'usticiario
1471 3350 1671 3419 curie.
1705 3348 2010 3421 Trahunt
2045 3348 2137 3422 ad
2181 3369 2258 3421 se
2299 3346 2827 3420 sollicitudinem
2874 3346 3147 3441 imperii
3183 3347 3489 3441 regimen

678 3480 743 3544 et
766 3471 1201 3544 diversarum
1251 3472 1524 3565 negotia
1568 3481 1905 3545 terrarum
1941 3480 2010 3546 et
2055 3474 2452 3566 regionnm3
2492 3494 2632 3567 que
2658 3493 2818 3544 cum
2854 3492 3127 3566 semper
3161 3469 3491 3565 expediat

675 3616 793 3687 per
813 3605 1117 3667 nostram
1146 3595 1573 3688 diligentiam
1611 3595 1973 3691 expediri,
2031 3595 2535 3689 querelantium
2576 3616 2820 3666 causas
2852 3593 3112 3687 quibus
3144 3614 3488 3687 persona-

674 3719 821 3793 liter
841 3719 1189 3814 presidere
1222 3741 1361 3794 non
1387 3739 1781 3815 possumus,
1821 3741 1945 3814 per
1976 3718 2202 3792 virum
2235 3720 2524 3815 probate
2547 3717 2747 3809 fidei,
2787 3715 3131 3813 opinionis
3149 3717 3433 3789 honeste
3460 3770 3480 3807 ,

670 3845 1093 3939 prepositum
1116 3843 1435 3937 judiciis,
1478 3844 1628 3915 loco
1659 3841 1872 3916 nostri
1892 3844 2215 3916 volumus
2242 3843 2631 3934 terminari,
2671 3842 2743 3913 in
2776 3862 2918 3934 quo
2942 3848 3166 3935 preter
3196 3839 3325 3912 hec
3346 3859 3486 3932 que

672 3978 894 4041 nostre
926 3989 1217 4041 censure
1247 3965 1634 4065 specialiter
1668 3968 2216 4056 reservavimus,
2255 3965 2651 4038 inviolabile
2684 3963 3026 4056 judicium
3061 3960 3480 4035 attendatur.

668 4094 1044 4167 statuimus
1079 4094 1292 4189 igitur
1334 4101 1415 4164 ut
1466 4093 1662 4166 curia
1696 4102 1927 4165 nostra
1964 4089 2409 4184 justitiarium
2449 4088 2699 4161 habeat
2725 4087 2956 4161 virum
2991 4084 3207 4158 libere
3233 4081 3487 4156 condi-

667 4218 907 4310 tionis,
944 4219 1067 4311 qui
1097 4219 1168 4289 in
1206 4217 1451 4290 eodem
1483 4217 1806 4313 persistat
1831 4216 2057 4289 officio
2074 4213 2165 4289 ad
2181 4214 2414 4287 minus
2436 4234 2561 4309 per
2590 4233 2875 4298 annum,
2906 4210 2965 4282 si
2995 4209 3175 4282 hene
3207 4217 3277 4281 et
3295 4210 3486 4300 juste

669 4363 742 4420 se
767 4342 1081 4435 gesserit.
1132 4342 1260 4414 Hic
1290 4342 1579 4436 singulis
1622 4341 1870 4415 diebus
1900 4339 2166 4432 judicio
2193 4337 2574 4434 presideat,
2624 4335 2940 4430 exceptis
2965 4333 3215 4407 diebus
3254 4331 3482 4406 domi-

669 4465 838 4537 nicis
869 4474 941 4538 et
964 4465 1120 4537 aliis
1155 4465 1346 4537 festis
1373 4464 1778 4558 maioribus,
1811 4466 1931 4556 jus
1961 4462 2262 4535 reddens
2288 4461 2611 4533 omnibus
2635 4457 3183 4553 querelantibus,
3224 4466 3480 4551 preter·

669 4609 875 4681 quam
907 4589 998 4662 de
1040 4587 1460 4682 principibus
1499 4597 1568 4661 et
1615 4589 1767 4659 aliis
1821 4587 2126 4682 personis
2171 4585 2587 4658 sublimibus
2636 4584 2708 4653 in
2756 4583 2982 4655 causis
3019 4602 3159 4675 que
3192 4587 3482 4673 tangunt

674 4733 1018 4805 personas,
1052 4714 1198 4804 jus,
1240 4710 1597 4803 bonorem,
1640 4710 1867 4801 feoda,
1904 4710 2386 4806 proprietatem
2420 4710 2532 4780 vel
2570 4707 3014 4780 hereditatem
3048 4702 3474 4790 eorumdem,
