4500 5956
602 604 795 664 mm.
828 603 920 680 6.]
1512 558 1912 660 ΗιετοιιιΑ
1963 594 2548 659 mrtomanca
3317 595 3439 658 615

2390 892 2965 904 *mum*

708 1174 1079 1256 Henricus
1105 1235 1129 1281 ‚
1205 1174 1732 1258 Romanorum
1804 1198 1935 1256 rex
1958 1234 1982 1275 ,
2047 1168 2381 1281 capitulo
2455 1171 2915 1255 Goslariensi
2971 1172 3442 1255 advocatiam

609 1305 685 1385 in
722 1305 918 1415 Egla
976 1318 1054 1389 et
1105 1307 1302 1389 duas
1359 1307 1548 1389 alias
1603 1306 2032 1390 advocatias
2095 1332 2291 1414 quas
2345 1330 2392 1385 a
2444 1304 2718 1386 comite
2770 1302 3180 1386 Aschariae
3236 1306 3442 1388 idem

609 1439 1032 1546 capitulum
1075 1440 1440 1546 redemit,
1477 1426 1713 1521 donat
1756 1463 1934 1520 cum
1979 1436 2192 1519 omni
2223 1436 2399 1545 jure
2434 1445 2510 1518 et
2545 1435 2803 1519 banno
2848 1447 3209 1545 perpetuo
3252 1465 3444 1547 pos—

612 1571 994 1654 sideudas,

762 1797 963 1878 (Edid.
1003 1799 1392 1876 mmm,
1420 1797 1721 1878 Antiquit.
1750 1793 1982 1871 Poeld„
2007 1793 2310 1875 appendix
2335 1795 2443 1871 1v,
2473 1813 2535 1874 p.
2568 1784 2711 1871 288,
2741 1804 2809 1856 n⁰
2833 1794 3028 1875 XVI.)

702 1997 783 2069 In
820 1996 1107 2070 nomine
1154 2006 1391 2071 sancte
1444 2006 1514 2070 et
1557 1994 1926 2070 individue
1973 1996 2351 2069 Trinitatis,
2408 1994 2654 2068 Amen.
2693 1995 3056 2068 Heinricus
3083 1996 3442 2091 septimus,

623 2120 860 2195 divina
890 2123 1173 2195 favente
1199 2120 1567 2194 clementia
1597 2120 2064 2193 Romanorum
2098 2141 2229 2192 rex
2259 2128 2328 2192 et
2372 2140 2644 2215 semper
2676 2128 3049 2213 augustus,
3104 2120 3449 2194 universis

616 2244 678 2315 in
712 2255 1152 2339 perpetuum.
1194 2244 1348 2318 Non
1385 2245 1611 2318 solum
1662 2244 1875 2335 utilis,
1918 2240 2046 2317 sed
2076 2243 2463 2317 necessaria
2511 2250 2617 2315 est
2660 2243 3161 2315 autenticarum
3213 2243 3442 2315 cautio

616 2369 1102 2464 scripturarum
1122 2423 1143 2461 ,
1178 2390 1316 2463 que
1342 2378 1697 2463 gestorum
1725 2368 1974 2441 seriem
2005 2365 2304 2440 fideliter
2331 2376 2698 2441 conservat
2731 2376 2801 2440 et
2834 2366 3169 2440 veraciter
3193 2390 3444 2462 repre—

619 2502 867 2585 sentat,
912 2493 1308 2587 iniquarum
1345 2493 1683 2565 mentium
1715 2491 1911 2565 dolos
1936 2491 2306 2564 eliminans
2331 2501 2404 2564 et
2437 2490 2812 2564 oblivionis
2835 2488 3275 2585 dispendium
3301 2512 3439 2564 non

617 2616 1006 2689 admittens.
1041 2615 1157 2689 Ad
1183 2616 1499 2689 notitiam
1529 2617 1767 2710 itaque
1786 2623 1925 2687 tam
1953 2614 2443 2688 modernorum
2471 2636 2685 2709 quam
2709 2616 3096 2686 futurorum
3122 2613 3446 2686 volumus

616 2739 980 2833 pervenire
1009 2740 1202 2833 quod
1233 2761 1360 2813 nos
1396 2739 1486 2814 de
1535 2740 1776 2812 innata
1810 2737 2012 2811 nobis
2046 2738 2239 2829 regia
2286 2738 2693 2811 liberalitate
2735 2736 3079 2809 licentiam
3120 2735 3444 2810 dedimus

615 2864 911 2957 capitulo
945 2864 1362 2937 Goslariensi
1408 2871 1488 2936 ut
1532 2862 1831 2936 redimat
1874 2861 2312 2935 advocatiam
2347 2863 2419 2933 in
2455 2860 2630 2953 Egla
2665 2868 2735 2932 et
2769 2858 2945 2932 duas
2982 2860 3150 2932 alias
3182 2860 3444 2954 quibus

614 3008 840 3061 comes
885 2986 1219 3061 Ascharie
1275 3010 1319 3061 a
1355 2987 1558 3061 nobis
1599 2996 1670 3060 et
1719 2987 2008 3082 imperio
2047 2985 2433 3059 dinoscitur
2458 2985 2888 3074 infeudatus,
2953 2994 3023 3058 et
3075 3008 3235 3057 cum
3295 2986 3446 3080 ipse

614 3120 748 3185 tres
808 3111 1173 3186 advocatie
1237 3114 1350 3186 vel
1419 3115 1652 3209 aliqua
1702 3113 2008 3209 ipsarum
2055 3112 2145 3185 ab
2200 3112 2354 3207 ipso
2401 3110 2707 3185 redemta
2757 3111 3010 3184 fuerint
3069 3121 3138 3184 et
3190 3113 3444 3197 solute,

614 3235 891 3309 easdem
930 3236 1352 3310 donavimus
1387 3259 1550 3310 cum
1577 3237 1766 3310 omni
1796 3239 1957 3331 jure
2003 3245 2073 3308 et
2100 3236 2336 3309 banno
2368 3245 2440 3309 et
2478 3235 2913 3308 libertatibus
2954 3237 3241 3309 ecclesie
3273 3257 3448 3333 pre-

613 3358 817 3432 libate
864 3369 1203 3457 perpetuo
1252 3360 1590 3434 tenendas
1631 3369 1702 3433 et
1742 3358 2234 3456 possidendaS,
2296 3359 2483 3455 ipsas
2531 3358 2713 3433 dicto
2761 3360 3059 3456 capitulo
3102 3361 3191 3434 de
3218 3372 3448 3432 nostra

617 3481 1089 3558 munificentia
1138 3484 1649 3559 confirmantes.
1701 3483 2112 3558 Mandamus
2158 3484 2374 3578 igitur
2420 3485 2554 3556 sub
2618 3485 3173 3557 interminatione
3225 3486 3444 3579 gratie

618 3617 845 3681 nostre
870 3607 1261 3684 firmissime
1297 3610 1756 3706 precipientes
1786 3630 1876 3682 ne
1911 3609 2070 3703 quis
2106 3607 2371 3681 dictum
2407 3609 2783 3704 capitulum
2822 3609 2894 3679 in
2932 3608 3283 3703 premissis
3318 3606 3444 3680 ad·

621 3731 903 3804 vocatiis
939 3732 1275 3829 impediat
1300 3733 1415 3806 vel
1452 3734 1752 3806 infestet.
1790 3732 1927 3818 Qui
1955 3754 2121 3806 vero
2149 3754 2363 3828 super
2387 3733 2521 3805 hoc
2556 3732 2822 3823 fecerit,
2868 3732 3000 3803 XX
3047 3731 3256 3802 libras
3294 3730 3446 3802 auri

621 3855 996 3947 persolvat,
1035 3879 1333 3952 quarum
1370 3856 1811 3930 medietatem
1837 3854 2002 3929 fisco
2040 3866 2272 3929 nostro
2311 3864 2381 3930 et
2415 3856 2698 3930 alteram
2731 3862 2995 3950 partem
3031 3854 3292 3948 prefate
3324 3874 3447 3925 eo-

625 3977 826 4051 clesie
862 3980 1190 4053 volumus
1225 3980 1580 4078 applicari.

717 4103 950 4176 Testes
1001 4114 1163 4177 sunt
1210 4105 1309 4176 hii
1343 4132 1361 4175 2
1407 4104 1702 4179 Sifridus
1747 4103 2191 4199 Moguntinus
2230 4113 2300 4176 et
2350 4094 2815 4175 Theodoricus
2869 4102 3288 4175 Trevirensis
3323 4125 3452 4174 ar-

629 4223 1080 4324 chiepiscopi,
1118 4230 1203 4301 H.
1248 4228 1760 4323 Herbipolensis
1791 4228 2195 4323 episcopus,
2258 4280 2277 4299 .
2342 4282 2359 4299 .
2422 4281 2439 4297 .
2497 4224 2859 4298 Fuldensis
2894 4233 2965 4298 et
3004 4227 3234 4299 Sancti
3282 4226 3450 4298 Galli

625 4521 950 4585 Boehmerus
980 4528 1317 4602 privilegium
1352 4529 1518 4587 Hallis
1553 4529 1737 4587 datum
1763 4529 1951 4586 fuisse.
1991 4528 2145 4586 Unde
2180 4527 2424 4601 sequitur
2461 4532 2524 4616 ut
2566 4528 2709 4585 idem
2745 4528 2801 4584 in
2838 4528 2976 4586 serie
3011 4528 3452 4587 documentorum

625 4622 822 4680 mensis
844 4625 980 4697 junii
1021 4625 1351 4699 inseramus,
1380 4628 1511 4685 dum
1546 4627 1697 4685 locus
1734 4627 1935 4702 optime
1976 4625 2153 4683 itineri
2190 4626 2331 4699 regis
2356 4625 2426 4682 ab
2449 4623 2730 4700 Esslingen
2761 4627 2831 4683 ad
2861 4634 3043 4700 partes
3065 4627 3458 4700 'Norimbergae

632 4720 960 4780 transeuntis
986 4725 1289 4784 conveniat.
1317 4723 1397 4782 Cf.
1425 4724 1848 4786 Uncinreihbare
1866 4722 2087 4797 studeo,
2108 4739 2201 4799 ap.
2224 4724 2519 4797 Βοιωιειι,
2539 4723 2758 4798 ibidem,
2779 4742 2836 4799 p.
2855 4724 3176 4784 LXXXVII.

3612 1193 3740 1249 Apud

3518 1248 3797 1302 nuremberg
3808 1279 3821 1301 ‚

3563 1303 3620 1345 28
3637 1302 3778 1356 juuss.
