4500 5956
1564 606 2068 668 DOCUMENTA
2118 607 2439 669 SPURIA.
3287 606 3407 668 957

585 755 815 816 nostra
860 743 1134 816 Xaccae
1178 743 1497 815 salutem.
1540 743 1713 816 Cum
1749 762 1888 814 non
1926 742 2295 816 laudabilis
2332 763 2444 814 res
2477 741 2605 814 erit
2653 741 2725 811 in
2770 740 3137 813 serenitate
3179 749 3408 813 nostra

585 866 1070 961 augustissima
1104 875 1224 939 tua
1255 866 1467 938 multa
1500 875 1571 938 et
1605 875 1879 938 tuorum
1910 867 2418 960 quamplurima
2457 872 2930 936 antenatorum
2965 864 3242 937 servitia
3271 886 3409 937 non

585 1005 1109 1079 recognoscere,
1152 983 1311 1057 idco
1362 983 1595 1057 habita
1638 984 2184 1057 consideratione
2222 983 2314 1056 ad
2360 984 2601 1056 merita
2648 993 2921 1055 tuorum
2960 983 3407 1076 Burgentium

586 1117 1060 1181 antenatorum
1110 1107 1444 1201 acquisita
1482 1127 1608 1202 pro
1657 1117 1758 1179 tot
1799 1106 2095 1179 servitiis
2130 1107 2433 1202 prestitis
2478 1105 2962 1177 Northmannis
3009 1104 3258 1177 nostris
3299 1106 3406 1177 in-

584 1230 980 1304 victissimis
1024 1230 1570 1303 antecessoribus
1613 1230 1932 1322 regibus,
1978 1237 2047 1301 et
2084 1230 2439 1324 presertim
2480 1252 2522 1301 a
2564 1230 2865 1301 Ruberto
2912 1237 2981 1301 et
3024 1227 3408 1321 Guglielmo

585 1361 707 1426 tuo
741 1363 937 1449 patre
980 1363 1049 1427 et
1081 1375 1243 1445 avo,
1287 1374 1583 1448 quorum
1618 1353 2081 1447 Guglielmus,
2125 1361 2361 1447 utpote
2405 1374 2587 1425 unus
2627 1373 2719 1424 ex
2762 1351 3010 1423 nostris
3046 1352 3240 1442 regni
3280 1352 3405 1424 ba-

586 1477 907 1564 ronibus,
949 1478 1025 1549 in
1073 1479 1511 1551 coronatione
1549 1478 1762 1550 nostri
1799 1473 2307 1575 [antecessoris]
2347 1477 2531 1569 regis
2569 1474 2935 1568 Guglielmi
2979 1475 3268 1548 secundi
3302 1476 3408 1547 in·
3523 1556 3524 1561 Ἰ

586 1601 817 1672 terfuit
844 1601 1258 1674 Panormnm
1305 1621 1488 1673 anno
1539 1600 1726 1671 ⁴⁴66
1775 1610 1845 1672 et
1887 1600 2067 1674 inter
2098 1621 2217 1672 eos
2254 1599 2602 1695 ripartitus
2632 1598 2755 1691 qui
2804 1619 3227 1693 purpureum
3255 1601 3405 1694 pal·

586 1722 755 1794 lium
791 1745 1004 1819 super
1028 1723 1255 1818 regios
1282 1723 1607 1797 humeros
1638 1723 2139 1817 imposuerunt,
2171 1730 2250 1792 ut
2282 1722 2353 1793 in
2382 1720 2552 1793 rollo
2581 1720 2858 1814 legitur,
2893 1729 2962 1792 et
2991 1720 3079 1793 de
3103 1720 3405 1794 Ruberto

584 1845 708 1938 qui
743 1846 914 1918 mihi
947 1846 1220 1920 oblatus
1262 1855 1367 1918 est
1404 1845 1727 1940 quamvis
1758 1847 1830 1915 in
1867 1845 2214 1940 decrepita
2255 1853 2435 1917 etate
2469 1865 2740 1915 mecum
2779 1844 2848 1914 in
2881 1842 3061 1914 bello
3088 1843 3405 1916 Hieroso-

585 1967 918 2062 lymitano
970 1989 1124 2042 sese
1168 1970 1568 2054 transferre,
1615 1969 1832 2041 veluti
1887 1988 2185 2061 sequens
2235 1968 2532 2060 vestigia
2587 1965 2988 2039 Ferrandini
3030 1976 3100 2039 et
3150 1967 3405 2039 Nicasii

586 2089 754 2162 dicti
799 2088 1170 2186 Guglielmi
1221 2093 1507 2164 fratrum
1534 2145 1555 2182 ,
1585 2092 1658 2161 in
1698 2090 2095 2185 supradicto
2140 2090 2459 2185 hospitali
2498 2088 2955 2181 crucesignati
3006 2089 3078 2159 in
3133 2109 3405 2162 eorum-

584 2233 722 2307 que
757 2212 1102 2288 consortio
1151 2216 1537 2308 aggregati,
1581 2224 1660 2286 nt
1694 2214 1767 2285 in
1812 2213 2026 2285 literis
2059 2213 2348 2286 rectoris
2391 2222 2461 2285 et
2501 2212 2812 2304 magistri
2861 2212 3171 2302 ejusdem
3219 2212 3406 2286 dicto

585 2338 729 2431 regi
776 2338 1156 2431 Guglielmo
1201 2338 1471 2432 scriptis
1516 2337 1589 2408 in
1631 2336 1909 2409 landem
1956 2334 2300 2408 dictorum
2346 2336 2631 2407 fratrum
2663 2334 2938 2428 legitur,
2988 2335 3109 2428 qui
3147 2335 3222 2406 in
3271 2336 3408 2408 hu-

585 2481 832 2533 manae
867 2470 935 2534 et
971 2460 1249 2533 divinae
1292 2460 1665 2553 majestatis
1715 2459 2074 2532 servitium
2124 2458 2538 2550 sanguinem
2583 2455 3064 2547 effunderunt3
3121 2456 3214 2529 de
3269 2458 3405 2530 tuis

583 2593 823 2679 postea
846 2585 1338 2679 augustissimo
1367 2584 1651 2656 culmini
1676 2593 1906 2656 nostro
1932 2583 2278 2678 praestitis
2292 2581 2718 2678 superfluum
2741 2582 2868 2652 erit
2894 2581 3200 2674 loquere,
3233 2581 3405 2654 dum

583 2709 718 2781 mei
756 2708 890 2803 ipsi
918 2708 1101 2781 oculi
1142 2715 1349 2781 testes
1376 2728 1529 2781 esse
1558 2715 1847 2803 possunt
1876 2706 1968 2781 de
1993 2707 2132 2779 tuis
2163 2706 2530 2802 prodigiis,
2569 2726 2728 2776 cum
2767 2713 2886 2775 tuo
2927 2714 3233 2777 extremo
3279 2727 3403 2777 va-

584 2832 727 2905 lore
781 2853 941 2905 cum
984 2829 1297 2928 periculo
1346 2832 1537 2906 vitae
1581 2841 1883 2905 castrum
1930 2829 2519 2925 Calataieronense
2553 2849 2598 2901 a
2632 2828 2924 2913 rubellis
2949 2825 3050 2923 (a)
3081 2828 3402 2902 invasum

582 2952 1025 3051 expugnasti.
1059 2956 1223 3031 Ideo
1253 2977 1381 3029 nos
1416 2964 1983 3051 recognoscentes
2021 2963 2142 3029 tua
2178 2962 2593 3047 tuorumque
2622 2951 2900 3046 egregia
2929 2951 3233 3045 servitia,
3275 2952 3400 3025 tibi

582 3087 814 3152 nostro
843 3079 1095 3154 dilecto
1129 3089 1198 3153 et
1223 3089 1562 3154 extrenuo
1589 3079 1788 3151 militi
1819 3077 2205 3173 Guglielmo
2245 3076 2336 3150 de
2365 3075 2777 3170 Burgiorum
2809 3075 3069 3148 familia
3103 3085 3403 3149 castrum

580 3225 625 3277 a
670 3213 738 3277 te
782 3211 1262 3299 expugnatum
1314 3202 1905 3276 Calataieronense
1968 3200 2310 3274 donamus
2364 3198 2819 3292 ejusdemque
2874 3209 3094 3273 terrae
3146 3202 3403 3295 guber·

580 3327 777 3399 nium
801 3328 1250 3402 concedimus
1285 3337 1405 3399 tua
1441 3326 1586 3399 vita
1617 3325 1912 3398 durante
1948 3324 2085 3396 tuis
2120 3323 2476 3396 laboribus
2503 3321 2847 3413 debitum,
2880 3344 3040 3395 cum
3081 3325 3404 3398 omnibus

581 3452 718 3523 illis
736 3450 1012 3544 ⁸juribus
1042 3461 1113 3524 et
1153 3450 1583 3547 pertinentiis
1607 3449 1866 3545 quibus
1895 3447 2202 3542 gaudere
2242 3469 2413 3520 usus
2444 3446 2575 3518 fuit
2605 3456 2838 3519 noster
2870 3447 3066 3532 miles
3098 3446 3190 3521 de
3224 3449 3405 3521 Lan-

581 3574 854 3664 dolina3
893 3584 962 3648 et
991 3582 1073 3646 nt
1098 3574 1322 3668 magis
1364 3581 1635 3645 nostrae
1669 3571 2106 3666 gratitudinis
2152 3570 2643 3665 largitudinem
2691 3580 3133 3664 nostramque
3178 3572 3406 3642 muni-

581 3695 929 3771 ficentiam
970 3718 1347 3791 agnoscaS,
1400 3696 1529 3769 tibi
1573 3695 1825 3769 dilecto
1865 3703 2097 3768 nostro
2145 3695 2349 3765 militi
2391 3693 2774 3786 Guglielmo
2817 3715 2956 3765 non
3004 3695 3225 3765 solum
3272 3717 3402 3788 gu-

580 3824 900 3897 bernium
932 3823 1137 3897 castri
1166 3832 1235 3895 et
1264 3832 1482 3894 terrae
1502 3821 1989 3895 Calataieronis
2019 3828 2137 3892 tua
2174 3819 2318 3891 vita
2346 3817 2640 3890 durante
2662 3817 3131 3910 concedimus,
3159 3838 3401 3890 verum

580 3948 786 4020 etiam
829 3955 900 4021 et
941 3947 1151 4021 totius
1190 3946 1393 4019 vallis
1438 3944 1593 4018 Neti
1638 3945 1710 4016 in
1749 3951 1980 4015 nostro
2016 3941 2294 4014 Siciliae
2335 3940 2517 4013 ultra
2547 3940 2798 4011 Farum
2850 3959 3067 4031 regno
3121 3940 3398 4034 vicege-

582 4080 845 4144 rentem
900 4072 1261 4161 volumus,
1330 4089 1646 4142 creamus
1695 4076 1769 4140 et
1814 4064 2406 4159 recognoscimus,
2463 4085 2589 4157 per
2637 4060 2830 4156 quod
2890 4070 3157 4134 nostras
3211 4063 3405 4136 vices

585 4195 879 4269 durante
921 4203 1152 4268 nostra
1199 4193 1509 4266 absentia
1554 4212 1792 4286 gerere
1838 4191 2076 4264 valeas
2123 4197 2194 4263 et
2252 4187 2531 4262 debeas.
2589 4187 2950 4281 Propterea
2991 4186 3403 4260 officialibus

582 4320 904 4392 omnibus
935 4318 1184 4392 nostris
1216 4295 1717 4411 cujuscumque
1741 4311 1999 4410 gradus
2022 4314 2097 4385 in
2130 4320 2363 4385 nostro
2394 4309 2670 4382 Siciliae
2702 4310 2879 4382 ultra
2905 4310 3157 4382 Farum
3185 4331 3402 4404 regno

584 4443 967 4516 constitutis
1011 4452 1152 4516 tam
1192 4442 1533 4537 supremis
1563 4462 1776 4536 quam
1818 4437 2077 4512 infimis
2127 4435 2462 4526 dicimus,
2503 4433 2956 4530 precipimus,
3002 4432 3405 4508 ordinamus

662 4721 751 4804 (a)
792 4725 912 4801 Sic,
941 4723 1332 4787 verisimiliter
1356 4739 1466 4801 pro
1489 4717 1815 4784 rebellibus.
