4500 5956
632 586 822 645 lxmcr.
856 586 951 662 7.]
1538 583 1931 646 HISTORIA
1982 583 2564 644 nlrLoMA‘rch.
3333 584 3455 646 689

732 1153 1103 1236 Henricus
1120 1213 1144 1260 ,
1184 1152 1706 1234 Romanorum
1751 1177 1923 1259 rex,
1966 1150 2258 1233 civibus
2294 1152 2390 1233 de
2429 1150 2901 1259 Oppenheim
2944 1151 3329 1234 libertates
3373 1160 3449 1233 et
3504 1173 3835 1279 effla,

627 1286 956 1369 honores
992 1312 1187 1396 quos
1222 1285 1451 1368 habet
1486 1285 1747 1367 civitas
1781 1284 2314 1389 Frankenfort‚
2353 1285 2626 1389 donat,
2669 1283 3088 1392 specialiter
3121 1285 3218 1367 de
3250 1310 3447 1368 con-
3489 1280 3538 1322 ¹¹
3566 1281 3850 1333 mmm·

629 1418 910 1501 ditione
946 1443 1211 1501 eorum
1248 1417 1385 1527 qui
1427 1417 1553 1498 hic
1586 1426 1661 1499 et
1695 1415 1851 1497 illic
1896 1424 2147 1499 sturas
2190 1416 2376 1497 dare
2418 1415 2534 1498 vel
2582 1415 2810 1498 sturis
2859 1416 3240 1499 immunes
3283 1442 3447 1499 esse

631 1550 930 1635 debent.

786 1787 981 1868 (Edit.
1013 1806 1106 1867 ap.
1142 1790 1466 1864 Bonmm
1502 1786 1643 1850 Cod.
1673 1786 1905 1868 diplom.
1937 1786 2580 1867 Moeno-mmoficrt„
2609 1806 2670 1867 p.
2705 1796 2814 1862 593
2842 1788 2979 1849 coll.
3011 1804 3148 1850 cum
3173 1789 3447 1867 originali

859 1897 927 1955 in
972 1895 1216 1956 archlvo
1257 1895 1724 1956 Darmstadensl.
1775 1895 1920 1957 Fills
1963 1896 2162 1954 sericis
2205 1894 2411 1955 viridis
2459 1893 2668 1954 coloris
2708 1895 2998 1971 appendet
3035 1895 3296 1973 sigillum
3339 1910 3445 1956 seu

862 2004 1061 2079 potius
1084 2002 1260 2080 sigilli
1296 2001 1725 2079 fragmentum,
1754 2002 1862 2063 ubl
1897 2003 1975 2063 ad
2012 2004 2317 2063 sinistrum
2361 2001 2559 2062 sedilis
2599 2001 2760 2062 latus
2801 2002 3212 2063 discernuntur
3250 2001 3445 2063 adhuc

866 2109 1097 2169 litterae
1122 2108 1224 2168 ET
1249 2107 1419 2169 Dvx
1444 2107 1486 2168 S
1491 2149 1617 2170 .....
1623 2105 1646 2185 )

718 2320 1115 2413 Heinricus,
1166 2322 1290 2394 Dei
1349 2323 1571 2416 gratia
1606 2325 2069 2395 Romanorum
2110 2343 2242 2394 rex
2283 2332 2355 2395 et
2382 2343 2655 2418 semper
2688 2331 3063 2417 augustus,
3122 2321 3448 2397 fidelibus

638 2445 769 2518 suis
800 2446 1150 2519 universis
1184 2447 1456 2520 civibus
1496 2447 1588 2520 de
1622 2446 2056 2543 oppenheim
2088 2448 2377 2540 gratiam
2410 2469 2605 2520 suam
2640 2457 2708 2521 et
2740 2468 2945 2519 omne
2979 2446 3264 2518 bonum.
3303 2449 3446 2520 De-

637 2569 972 2643 votionem
1009 2581 1307 2644 vestram
1333 2572 1660 2666 prosequi
1690 2572 2001 2644 volentes
2025 2571 2408 2644 serenitatis
2430 2581 2659 2644 nostre
2685 2571 2905 2663 gratia
2934 2570 3241 2665 speciali,
3282 2590 3445 2643 ecce

633 2714 860 2765 omnes
884 2694 1235 2767 libertates
1264 2694 1519 2790 pariter
1553 2703 1622 2767 et
1651 2694 1952 2767 honores
1980 2715 2157 2789 quos
2188 2693 2400 2767 habet
2428 2693 2670 2765 civitas
2692 2702 2924 2765 nostra
2951 2692 3442 2766 Frankenvord

632 2817 821 2890 vobis
840 2840 923 2890 ac
946 2817 1210 2890 civitati
1242 2818 1670 2913 oppenheim
1694 2840 1819 2913 per
1840 2839 2123 2913 presens
2150 2818 2590 2911 privilegium
2619 2816 2954 2889 tradimus
2980 2825 3048 2890 et
3070 2816 3435 2905 donamuS,

631 2949 699 3012 ut
732 2939 826 3012 ad
861 2941 1076 3015 instar
1113 2941 1371 3014 civium
1398 2940 1488 3015 de
1520 2941 2016 3015 Frankenvord
2043 2949 2377 3037 perpetuo
2398 2939 2769 3034 'gaudeatis
2796 2940 3098 3032 eisdem,
3132 2942 3225 3014 ita
3254 2940 3447 3015 vide·

629 3064 780 3137 lieet
828 3065 1017 3160 quod
1056 3065 1238 3138 sicut
1275 3066 1416 3138 illic
1448 3075 1674 3139 sturas
1707 3075 1777 3139 et
1814 3067 2156 3162 precarias
2196 3065 2362 3139 dare
2397 3067 2653 3155 solent,
2690 3067 2789 3138 sic
2827 3065 3039 3139 ethic
3072 3066 3447 3140 existentes

626 3186 1036 3259 conditionis
1064 3188 1378 3279 ejusdem
1407 3189 1720 3261 similiter
1747 3190 1914 3263 dent
1936 3189 2320 3263 vobiscum.
2352 3189 2486 3274 Qui
2522 3198 2755 3261 autem
2777 3190 2915 3261 illic
2936 3199 3125 3263 sture
3144 3192 3258 3264 vel
3284 3213 3444 3285 pre·

625 3310 803 3383 carie
827 3319 991 3382 sunt
1014 3322 1365 3408 expertes,
1393 3311 1649 3386 debent
1672 3322 1742 3385 et
1775 3313 2135 3386 vobiscum
2164 3334 2315 3385 esse
2348 3313 2617 3385 illarum
2644 3313 2841 3385 liberi
2874 3315 3333 3400 etimmunes.
3356 3317 3445 3389 Ut

625 3434 834 3527 igitur
871 3435 1004 3506 hec
1033 3436 1253 3529 gratia
1294 3436 1500 3508 vobis
1526 3437 1707 3509 facta
1750 3436 1963 3509 robur
1996 3436 2305 3510 obtineat
2348 3436 2581 3510 debite
2620 3436 2991 3529 firmitatis,
3050 3447 3441 3533 presentem

622 3558 941 3651 paginam
974 3557 1139 3631 inde
1167 3560 1621 3655 conscriptam
1650 3559 1853 3654 sigilli
1880 3561 2091 3632 nostri
2115 3559 2497 3632 munimine
2527 3559 2815 3631 fecimus
2850 3560 3193 3655 insigniri.

717 3683 963 3754 Datum
998 3681 1191 3777 apud
1223 3683 1677 3777 Bopardiam,
1716 3704 1900 3755 anno
1937 3683 2154 3777 gratie
2185 3684 2552 3758 millesimo
2579 3683 2707 3757 CC⁰
2731 3683 3109 3773 XXXIIlP,
3153 3685 3246 3756 111
3282 3683 3442 3756 idus

623 3805 1064 3899 septembris,
1104 3806 1483 3880 indictione
1513 3807 1832 3902 septima.

1064 4108 1730 4120 m*-
1741 4107 2968 4120 ”om-w*-

722 4384 1131 4492 HenricuS,
1172 4388 1695 4472 Romanorum
1732 4416 1894 4500 rex,
1939 4391 2274 4475 scultetis
2310 4401 2385 4474 et
2420 4390 2859 4474 hominibus
2890 4391 3185 4498 Leodii,
3228 4393 3433 4474 Tra-
3563 4388 3766 4496 2333,

611 4514 827 4623 jecti,
870 4519 1126 4603 Sancti
1176 4522 1587 4630 TrudoniS‚
1628 4524 1878 4635 Hoyii,
1923 4526 2409 4635 Tungrorum
2446 4534 2521 4607 et
2565 4525 2899 4606 Dinantii
2947 4527 3263 4608 mandat
3316 4534 3427 4627 ut,
3481 4495 3538 4538 ²⁰
3563 4497 3842 4550 ”mmm

620 4674 793 4731 cum
830 4653 946 4761 epi
956 4678 1229 4763 scopus
1275 4654 1710 4739 Leodiensis
1756 4659 2203 4741 sententiam
2249 4658 2679 4767 principum
2726 4659 2962 4740 latam
3006 4661 3103 4741 de
3147 4659 3441 4739 immu-

810 4787 918 4848 Ν.
962 4804 1072 4848 Pur·
1096 4806 1139 4847 2.
3041 4802 3116 4852 87
