<?xml version="1.0" encoding="UTF-8"?>
<!DOCTYPE html PUBLIC "-//W3C//DTD XHTML 1.0 Transitional//EN"
    "http://www.w3.org/TR/xhtml1/DTD/xhtml1-transitional.dtd">
<html xmlns="http://www.w3.org/1999/xhtml" xml:lang="en" lang="en">
 <head>
  <title>
</title>
<meta http-equiv="Content-Type" content="text/html;charset=utf-8" />
  <meta name='ocr-system' content='tesseract 3.04.00' />
  <meta name='ocr-capabilities' content='ocr_page ocr_carea ocr_par ocr_line ocrx_word'/>
</head>
<body>
  <div class='ocr_page' id='page_1' title='image "./historiadiploma00empegoog_0029.png"; bbox 0 0 4500 5956; ppageno 0'>
   <div class='ocr_carea' id='block_1_1' title="bbox 571 622 3382 704">
    <p class='ocr_par' dir='ltr' id='par_1_1' title="bbox 571 622 3382 704">
     <span class='ocr_line' id='line_1_1' title="bbox 571 622 3382 704; baseline -0.002 -17"><span class='ocrx_word' id='word_1_1' title='bbox 571 629 762 688; x_wconf 70' lang='lat' dir='ltr'><strong>lnnrcr.</strong></span> <span class='ocrx_word' id='word_1_2' title='bbox 798 626 887 704; x_wconf 83' lang='lat'><strong>5.]</strong></span> <span class='ocrx_word' id='word_1_3' title='bbox 1472 624 1864 687; x_wconf 82' lang='lat' dir='ltr'>HISTORIA</span> <span class='ocrx_word' id='word_1_4' title='bbox 1916 623 2499 686; x_wconf 76' lang='lat' dir='ltr'><strong>DIPLOMATICA.</strong></span> <span class='ocrx_word' id='word_1_5' title='bbox 3266 622 3382 681; x_wconf 81' lang='lat'><strong>571</strong></span> 
     </span>
    </p>
   </div>
   <div class='ocr_carea' id='block_1_2' title="bbox 565 756 3386 1597">
    <p class='ocr_par' dir='ltr' id='par_1_2' title="bbox 565 756 3386 1226">
     <span class='ocr_line' id='line_1_2' title="bbox 570 756 3384 855; baseline -0.003 -22"><span class='ocrx_word' id='word_1_6' title='bbox 570 780 694 833; x_wconf 84' lang='lat' dir='ltr'><strong>rex</strong></span> <span class='ocrx_word' id='word_1_7' title='bbox 712 767 785 833; x_wconf 89' lang='lat' dir='ltr'><strong>et</strong></span> <span class='ocrx_word' id='word_1_8' title='bbox 809 780 1079 855; x_wconf 82' lang='lat' dir='ltr'>semper</span> <span class='ocrx_word' id='word_1_9' title='bbox 1112 768 1476 850; x_wconf 82' lang='lat' dir='ltr'><strong>augustus.</strong></span> <span class='ocrx_word' id='word_1_10' title='bbox 1513 760 1791 832; x_wconf 82' lang='lat' dir='ltr'><strong>Sincere</strong></span> <span class='ocrx_word' id='word_1_11' title='bbox 1825 758 2207 832; x_wconf 81' lang='lat' dir='ltr'><strong>dilectionis</strong></span> <span class='ocrx_word' id='word_1_12' title='bbox 2232 757 2515 831; x_wconf 84' lang='lat' dir='ltr'><strong>affectus</strong></span> <span class='ocrx_word' id='word_1_13' title='bbox 2549 766 2618 827; x_wconf 91' lang='lat' dir='ltr'><strong>et</strong></span> <span class='ocrx_word' id='word_1_14' title='bbox 2654 763 2903 841; x_wconf 83' lang='lat' dir='ltr'><strong>cetera,</strong></span> <span class='ocrx_word' id='word_1_15' title='bbox 2946 782 2981 826; x_wconf 71' lang='lat' dir='ltr'><strong>n</strong></span> <span class='ocrx_word' id='word_1_16' title='bbox 3021 764 3090 827; x_wconf 92' lang='lat' dir='ltr'><strong>et</strong></span> <span class='ocrx_word' id='word_1_17' title='bbox 3118 756 3211 828; x_wconf 85' lang='lat' dir='ltr'><strong>ita</strong></span> <span class='ocrx_word' id='word_1_18' title='bbox 3242 765 3384 827; x_wconf 84' lang='lat' dir='ltr'><strong>ter-</strong></span> 
     </span>
     <span class='ocr_line' id='line_1_3' title="bbox 571 879 3386 979; baseline -0.002 -23"><span class='ocrx_word' id='word_1_19' title='bbox 571 885 921 957; x_wconf 85' lang='lat' dir='ltr'><strong>minatur:</strong></span> <span class='ocrx_word' id='word_1_20' title='bbox 963 909 999 953; x_wconf 91' lang='lat'>«</span> <span class='ocrx_word' id='word_1_21' title='bbox 1037 884 1422 957; x_wconf 87' lang='lat' dir='ltr'><strong>Predictam</strong></span> <span class='ocrx_word' id='word_1_22' title='bbox 1457 886 1690 979; x_wconf 86' lang='lat' dir='ltr'><strong>itaque</strong></span> <span class='ocrx_word' id='word_1_23' title='bbox 1718 883 2340 957; x_wconf 79' lang='lat' dir='ltr'><strong>confederationem</strong></span> <span class='ocrx_word' id='word_1_24' title='bbox 2388 881 2818 976; x_wconf 85' lang='lat' dir='ltr'><strong>precepimus</strong></span> <span class='ocrx_word' id='word_1_25' title='bbox 2850 887 2919 953; x_wconf 90' lang='lat' dir='ltr'><strong>et</strong></span> <span class='ocrx_word' id='word_1_26' title='bbox 2950 879 3386 972; x_wconf 82' lang='lat' dir='ltr'><strong>injunximus</strong></span> 
     </span>
     <span class='ocr_line' id='line_1_4' title="bbox 565 1004 3384 1102; baseline -0.001 -23"><span class='ocrx_word' id='word_1_27' title='bbox 565 1005 931 1099; x_wconf 81' lang='lat' dir='ltr'><strong>jurandam</strong></span> <span class='ocrx_word' id='word_1_28' title='bbox 963 1029 1089 1102; x_wconf 84' lang='lat' dir='ltr'><strong>pro</strong></span> <span class='ocrx_word' id='word_1_29' title='bbox 1126 1008 1326 1080; x_wconf 92' lang='lat' dir='ltr'><strong>nobis</strong></span> <span class='ocrx_word' id='word_1_30' title='bbox 1349 1017 1417 1081; x_wconf 90' lang='lat' dir='ltr'><strong>et</strong></span> <span class='ocrx_word' id='word_1_31' title='bbox 1457 1009 1526 1078; x_wconf 92' lang='lat' dir='ltr'><strong>in</strong></span> <span class='ocrx_word' id='word_1_32' title='bbox 1560 1008 1790 1080; x_wconf 87' lang='lat' dir='ltr'><strong>anima</strong></span> <span class='ocrx_word' id='word_1_33' title='bbox 1824 1016 2056 1080; x_wconf 85' lang='lat' dir='ltr'><strong>nostra</strong></span> <span class='ocrx_word' id='word_1_34' title='bbox 2091 1029 2133 1080; x_wconf 86' lang='lat' dir='ltr'><strong>a</strong></span> <span class='ocrx_word' id='word_1_35' title='bbox 2165 1005 2484 1079; x_wconf 89' lang='lat' dir='ltr'><strong>Cunrado</strong></span> <span class='ocrx_word' id='word_1_36' title='bbox 2512 1005 2702 1077; x_wconf 91' lang='lat' dir='ltr'><strong>curie</strong></span> <span class='ocrx_word' id='word_1_37' title='bbox 2724 1012 2953 1077; x_wconf 91' lang='lat' dir='ltr'><strong>nostre</strong></span> <span class='ocrx_word' id='word_1_38' title='bbox 2985 1004 3384 1098; x_wconf 82' lang='lat' dir='ltr'><strong>cappellano</strong></span> 
     </span>
     <span class='ocr_line' id='line_1_5' title="bbox 573 1126 2922 1226; baseline -0.002 -24"><span class='ocrx_word' id='word_1_39' title='bbox 573 1132 915 1226; x_wconf 89' lang='lat' dir='ltr'><strong>preposito</strong></span> <span class='ocrx_word' id='word_1_40' title='bbox 942 1128 1033 1202; x_wconf 89' lang='lat' dir='ltr'><strong>de</strong></span> <span class='ocrx_word' id='word_1_41' title='bbox 1066 1131 1244 1222; x_wconf 82' lang='lat' dir='ltr'><strong>Egra</strong></span> <span class='ocrx_word' id='word_1_42' title='bbox 1273 1139 1342 1203; x_wconf 87' lang='lat' dir='ltr'><strong>et</strong></span> <span class='ocrx_word' id='word_1_43' title='bbox 1371 1132 1663 1203; x_wconf 89' lang='lat' dir='ltr'><strong>Henrico</strong></span> <span class='ocrx_word' id='word_1_44' title='bbox 1694 1130 2066 1203; x_wconf 87' lang='lat' dir='ltr'><strong>camerario</strong></span> <span class='ocrx_word' id='word_1_45' title='bbox 2091 1137 2322 1201; x_wconf 91' lang='lat' dir='ltr'><strong>nostro</strong></span> <span class='ocrx_word' id='word_1_46' title='bbox 2357 1127 2449 1200; x_wconf 89' lang='lat' dir='ltr'><strong>de</strong></span> <span class='ocrx_word' id='word_1_47' title='bbox 2477 1126 2922 1199; x_wconf 88' lang='lat' dir='ltr'><strong>Nuremberc.</strong></span> 
     </span>
    </p>

    <p class='ocr_par' dir='ltr' id='par_1_3' title="bbox 574 1249 3380 1472">
     <span class='ocr_line' id='line_1_6' title="bbox 668 1249 3380 1342; baseline -0.001 -19"><span class='ocrx_word' id='word_1_48' title='bbox 668 1280 705 1323; x_wconf 68' lang='lat'><strong>³&gt;</strong></span> <span class='ocrx_word' id='word_1_49' title='bbox 740 1251 991 1326; x_wconf 86' lang='lat' dir='ltr'><strong>Actum</strong></span> <span class='ocrx_word' id='word_1_50' title='bbox 1036 1276 1219 1326; x_wconf 90' lang='lat' dir='ltr'><strong>anno</strong></span> <span class='ocrx_word' id='word_1_51' title='bbox 1263 1255 1609 1329; x_wconf 91' lang='lat' dir='ltr'><strong>dominice</strong></span> <span class='ocrx_word' id='word_1_52' title='bbox 1660 1254 2145 1327; x_wconf 86' lang='lat' dir='ltr'><strong>incarnationis</strong></span> <span class='ocrx_word' id='word_1_53' title='bbox 2189 1254 2283 1325; x_wconf 90' lang='lat' dir='ltr'><strong>M⁰</strong></span> <span class='ocrx_word' id='word_1_54' title='bbox 2317 1251 2440 1323; x_wconf 83' lang='lat' dir='ltr'><strong>CC⁰</strong></span> <span class='ocrx_word' id='word_1_55' title='bbox 2476 1251 2692 1323; x_wconf 89' lang='lat' dir='ltr'><strong>XXX·</strong></span> <span class='ocrx_word' id='word_1_56' title='bbox 2726 1249 3064 1342; x_wconf 88' lang='lat' dir='ltr'><strong>secundo,</strong></span> <span class='ocrx_word' id='word_1_57' title='bbox 3130 1251 3220 1322; x_wconf 93' lang='lat'><strong>111</strong></span> <span class='ocrx_word' id='word_1_58' title='bbox 3259 1251 3380 1322; x_wconf 85' lang='lat' dir='ltr'><strong>ka-</strong></span> 
     </span>
     <span class='ocr_line' id='line_1_7' title="bbox 574 1376 1731 1472; baseline 0 -24"><span class='ocrx_word' id='word_1_59' title='bbox 574 1376 810 1450; x_wconf 89' lang='lat' dir='ltr'><strong>lendas</strong></span> <span class='ocrx_word' id='word_1_60' title='bbox 827 1379 985 1469; x_wconf 85' lang='lat' dir='ltr'><strong>julii</strong></span> <span class='ocrx_word' id='word_1_61' title='bbox 1001 1432 1021 1468; x_wconf 90' lang='lat'><strong>,</strong></span> <span class='ocrx_word' id='word_1_62' title='bbox 1060 1377 1436 1452; x_wconf 84' lang='lat' dir='ltr'><strong>indictione</strong></span> <span class='ocrx_word' id='word_1_63' title='bbox 1464 1379 1731 1472; x_wconf 87' lang='lat' dir='ltr'><strong>quinta.</strong></span> 
     </span>
    </p>

    <p class='ocr_par' dir='ltr' id='par_1_4' title="bbox 666 1497 3107 1597">
     <span class='ocr_line' id='line_1_8' title="bbox 666 1497 3107 1597; baseline -0.001 -29"><span class='ocrx_word' id='word_1_64' title='bbox 666 1525 705 1568; x_wconf 84' lang='grc'>»</span> <span class='ocrx_word' id='word_1_65' title='bbox 744 1501 996 1574; x_wconf 86' lang='lat' dir='ltr'><strong>Datum</strong></span> <span class='ocrx_word' id='word_1_66' title='bbox 1024 1499 1217 1597; x_wconf 88' lang='lat' dir='ltr'><strong>apud</strong></span> <span class='ocrx_word' id='word_1_67' title='bbox 1242 1502 1528 1594; x_wconf 86' lang='lat' dir='ltr'><strong>Egram,</strong></span> <span class='ocrx_word' id='word_1_68' title='bbox 1570 1523 1789 1595; x_wconf 86' lang='lat' dir='ltr'><strong>anno,</strong></span> <span class='ocrx_word' id='word_1_69' title='bbox 1833 1499 2185 1589; x_wconf 81' lang='lat' dir='ltr'><strong>kalendis,</strong></span> <span class='ocrx_word' id='word_1_70' title='bbox 2225 1498 2598 1572; x_wconf 82' lang='lat' dir='ltr'><strong>indictione</strong></span> <span class='ocrx_word' id='word_1_71' title='bbox 2625 1497 3021 1592; x_wconf 86' lang='lat' dir='ltr'><strong>prenotatis.</strong></span> <span class='ocrx_word' id='word_1_72' title='bbox 3070 1521 3107 1565; x_wconf 71' lang='lat' dir='ltr'><strong>n</strong></span> 
     </span>
    </p>
   </div>
   <div class='ocr_carea' id='block_1_3' title="bbox 579 2097 3779 2477">
    <p class='ocr_par' dir='ltr' id='par_1_5' title="bbox 579 2097 3779 2477">
     <span class='ocr_line' id='line_1_9' title="bbox 672 2097 3779 2234; baseline -0.001 -48"><span class='ocrx_word' id='word_1_73' title='bbox 672 2104 1078 2208; x_wconf 80' lang='lat' dir='ltr'><strong>HenricuS,</strong></span> <span class='ocrx_word' id='word_1_74' title='bbox 1117 2101 1639 2186; x_wconf 88' lang='lat' dir='ltr'><strong>Romanorum</strong></span> <span class='ocrx_word' id='word_1_75' title='bbox 1674 2127 1804 2184; x_wconf 84' lang='lat' dir='ltr'><strong>rex</strong></span> <span class='ocrx_word' id='word_1_76' title='bbox 1823 2162 1845 2205; x_wconf 88' lang='lat'><strong>,</strong></span> <span class='ocrx_word' id='word_1_77' title='bbox 1887 2101 2085 2183; x_wconf 88' lang='lat' dir='ltr'><strong>cives</strong></span> <span class='ocrx_word' id='word_1_78' title='bbox 2121 2100 2701 2207; x_wconf 85' lang='lat' dir='ltr'><strong>Ratisponenses</strong></span> <span class='ocrx_word' id='word_1_79' title='bbox 2738 2098 2883 2181; x_wconf 90' lang='lat' dir='ltr'><strong>sub</strong></span> <span class='ocrx_word' id='word_1_80' title='bbox 2918 2097 3382 2208; x_wconf 89' lang='lat' dir='ltr'><strong>quibusdam</strong></span> <span class='ocrx_word' id='word_1_81' title='bbox 3445 2127 3779 2234; x_wconf 54' lang='lat' dir='ltr'><strong>Avgffffiam.</strong></span> 
     </span>
     <span class='ocr_line' id='line_1_10' title="bbox 579 2213 3698 2346; baseline -0.003 -28"><span class='ocrx_word' id='word_1_82' title='bbox 579 2236 1126 2319; x_wconf 87' lang='lat' dir='ltr'><strong>conditionibus</strong></span> <span class='ocrx_word' id='word_1_83' title='bbox 1188 2236 1268 2316; x_wconf 92' lang='lat' dir='ltr'><strong>in</strong></span> <span class='ocrx_word' id='word_1_84' title='bbox 1347 2236 1673 2346; x_wconf 86' lang='lat' dir='ltr'><strong>gratiam</strong></span> <span class='ocrx_word' id='word_1_85' title='bbox 1748 2258 1971 2315; x_wconf 86' lang='lat' dir='ltr'><strong>suam</strong></span> <span class='ocrx_word' id='word_1_86' title='bbox 2043 2258 2124 2314; x_wconf 90' lang='lat' dir='ltr'><strong>se</strong></span> <span class='ocrx_word' id='word_1_87' title='bbox 2185 2241 2665 2339; x_wconf 85' lang='lat' dir='ltr'><strong>recepturum</strong></span> <span class='ocrx_word' id='word_1_88' title='bbox 2735 2231 2898 2312; x_wconf 88' lang='lat' dir='ltr'><strong>fore</strong></span> <span class='ocrx_word' id='word_1_89' title='bbox 2958 2230 3373 2339; x_wconf 86' lang='lat' dir='ltr'><strong>promittit,</strong></span> <span class='ocrx_word' id='word_1_90' title='bbox 3686 2213 3698 2224; x_wconf 71' lang='grc'><strong>”</strong></span> 
     </span>
     <span class='ocr_line' id='line_1_11' title="bbox 579 2363 2841 2477; baseline -0.003 -26"><span class='ocrx_word' id='word_1_91' title='bbox 579 2368 1011 2451; x_wconf 84' lang='lat' dir='ltr'><strong>condonatis</strong></span> <span class='ocrx_word' id='word_1_92' title='bbox 1045 2367 1153 2451; x_wconf 91' lang='lat' dir='ltr'><strong>eis</strong></span> <span class='ocrx_word' id='word_1_93' title='bbox 1188 2366 1469 2477; x_wconf 85' lang='lat' dir='ltr'><strong>injuria</strong></span> <span class='ocrx_word' id='word_1_94' title='bbox 1505 2393 1594 2450; x_wconf 87' lang='lat' dir='ltr'><strong>ac</strong></span> <span class='ocrx_word' id='word_1_95' title='bbox 1629 2367 2046 2450; x_wconf 80' lang='lat' dir='ltr'><strong>temeritate</strong></span> <span class='ocrx_word' id='word_1_96' title='bbox 2083 2364 2183 2447; x_wconf 86' lang='lat' dir='ltr'><strong>ab</strong></span> <span class='ocrx_word' id='word_1_97' title='bbox 2218 2365 2328 2447; x_wconf 90' lang='lat' dir='ltr'><strong>eis</strong></span> <span class='ocrx_word' id='word_1_98' title='bbox 2363 2364 2443 2445; x_wconf 92' lang='lat' dir='ltr'><strong>in</strong></span> <span class='ocrx_word' id='word_1_99' title='bbox 2481 2391 2561 2445; x_wconf 89' lang='lat' dir='ltr'><strong>se</strong></span> <span class='ocrx_word' id='word_1_100' title='bbox 2598 2363 2841 2445; x_wconf 74' lang='lat' dir='ltr'><strong>factis·</strong></span> 
     </span>
    </p>
   </div>
   <div class='ocr_carea' id='block_1_4' title="bbox 724 2577 3371 2767">
    <p class='ocr_par' dir='ltr' id='par_1_6' title="bbox 724 2577 3371 2767">
     <span class='ocr_line' id='line_1_12' title="bbox 724 2577 3371 2662; baseline -0 -20"><span class='ocrx_word' id='word_1_101' title='bbox 724 2580 908 2659; x_wconf 80' lang='lat' dir='ltr'><strong>(Edit.</strong></span> <span class='ocrx_word' id='word_1_102' title='bbox 942 2581 1335 2661; x_wconf 72' lang='lat' dir='ltr'><strong>aGsmmmn,</strong></span> <span class='ocrx_word' id='word_1_103' title='bbox 1358 2579 1629 2662; x_wconf 73' lang='lat' dir='ltr'><strong>Reqensb.</strong></span> <span class='ocrx_word' id='word_1_104' title='bbox 1649 2577 2064 2656; x_wconf 73' lang='lat' dir='ltr'><strong>stadtchmm&#39;k,</strong></span> <span class='ocrx_word' id='word_1_105' title='bbox 2098 2579 2152 2653; x_wconf 92' lang='lat'><strong>1,</strong></span> <span class='ocrx_word' id='word_1_106' title='bbox 2186 2588 2301 2640; x_wconf 79' lang='lat'><strong>329</strong></span> <span class='ocrx_word' id='word_1_107' title='bbox 2320 2581 2383 2639; x_wconf 89' lang='lat' dir='ltr'><strong>in</strong></span> <span class='ocrx_word' id='word_1_108' title='bbox 2404 2580 2753 2640; x_wconf 86' lang='lat' dir='ltr'><strong>nota.—Et</strong></span> <span class='ocrx_word' id='word_1_109' title='bbox 2775 2595 2872 2658; x_wconf 85' lang='lat' dir='ltr'><strong>ap.</strong></span> <span class='ocrx_word' id='word_1_110' title='bbox 2901 2579 3163 2639; x_wconf 70' lang='lat' dir='ltr'><strong>Menum.</strong></span> <span class='ocrx_word' id='word_1_111' title='bbox 3185 2579 3337 2641; x_wconf 74' lang='lat' dir='ltr'><strong>Boio.</strong></span> <span class='ocrx_word' id='word_1_112' title='bbox 3353 2622 3371 2652; x_wconf 89' lang='lat'>‚</span> 
     </span>
     <span class='ocr_line' id='line_1_13' title="bbox 808 2684 3365 2767; baseline -0.001 -18"><span class='ocrx_word' id='word_1_113' title='bbox 808 2695 956 2749; x_wconf 88' lang='lat' dir='ltr'><strong>tom.</strong></span> <span class='ocrx_word' id='word_1_114' title='bbox 1000 2688 1210 2763; x_wconf 84' lang='lat' dir='ltr'><strong>XXX,</strong></span> <span class='ocrx_word' id='word_1_115' title='bbox 1257 2705 1397 2766; x_wconf 81' lang='lat' dir='ltr'><strong>pars</strong></span> <span class='ocrx_word' id='word_1_116' title='bbox 1439 2688 1529 2763; x_wconf 79' lang='lat'><strong>1⁸,</strong></span> <span class='ocrx_word' id='word_1_117' title='bbox 1569 2698 1639 2748; x_wconf 69' lang='grc' dir='ltr'><strong>η’</strong></span> <span class='ocrx_word' id='word_1_118' title='bbox 1669 2697 1784 2749; x_wconf 76' lang='lat'><strong>713</strong></span> <span class='ocrx_word' id='word_1_119' title='bbox 1811 2732 1832 2766; x_wconf 91' lang='lat'><strong>,</strong></span> <span class='ocrx_word' id='word_1_120' title='bbox 1864 2704 1926 2766; x_wconf 81' lang='lat' dir='ltr'><strong>p.</strong></span> <span class='ocrx_word' id='word_1_121' title='bbox 1959 2695 2114 2767; x_wconf 79' lang='lat'><strong>202,</strong></span> <span class='ocrx_word' id='word_1_122' title='bbox 2163 2702 2239 2747; x_wconf 78' lang='lat' dir='ltr'><strong>ex</strong></span> <span class='ocrx_word' id='word_1_123' title='bbox 2264 2687 2537 2765; x_wconf 76' lang='lat' dir='ltr'><strong>originali</strong></span> <span class='ocrx_word' id='word_1_124' title='bbox 2569 2687 2631 2745; x_wconf 82' lang='lat' dir='ltr'><strong>ln</strong></span> <span class='ocrx_word' id='word_1_125' title='bbox 2669 2684 2911 2747; x_wconf 72' lang='lat' dir='ltr'><strong>archivo</strong></span> <span class='ocrx_word' id='word_1_126' title='bbox 2937 2685 3069 2746; x_wconf 84' lang='lat' dir='ltr'><strong>ord.</strong></span> <span class='ocrx_word' id='word_1_127' title='bbox 3112 2685 3365 2763; x_wconf 82' lang='lat' dir='ltr'><strong>praedic.</strong></span> 
     </span>
    </p>
   </div>
   <div class='ocr_carea' id='block_1_5' title="bbox 800 2792 1793 2874">
    <p class='ocr_par' dir='ltr' id='par_1_7' title="bbox 800 2792 1793 2874">
     <span class='ocr_line' id='line_1_14' title="bbox 800 2792 1793 2874; baseline -0.002 -18"><span class='ocrx_word' id='word_1_128' title='bbox 800 2796 1060 2874; x_wconf 66' lang='lat' dir='ltr'><strong>Rausp„</strong></span> <span class='ocrx_word' id='word_1_129' title='bbox 1087 2797 1261 2873; x_wconf 73' lang='lat' dir='ltr'><strong>cnjus</strong></span> <span class='ocrx_word' id='word_1_130' title='bbox 1285 2795 1545 2874; x_wconf 76' lang='lat' dir='ltr'><strong>sigillum</strong></span> <span class='ocrx_word' id='word_1_131' title='bbox 1570 2792 1793 2873; x_wconf 80' lang='lat' dir='ltr'><strong>perlit.)</strong></span> 
     </span>
    </p>
   </div>
   <div class='ocr_carea' id='block_1_6' title="bbox 566 2973 3381 4805">
    <p class='ocr_par' dir='ltr' id='par_1_8' title="bbox 566 2973 3381 4805">
     <span class='ocr_line' id='line_1_15' title="bbox 663 2973 3381 3077; baseline 0 -26"><span class='ocrx_word' id='word_1_132' title='bbox 663 2973 1081 3077; x_wconf 84' lang='lat' dir='ltr'><strong>H[einricus]</strong></span> <span class='ocrx_word' id='word_1_133' title='bbox 1104 3033 1123 3067; x_wconf 93' lang='lat'>‚</span> <span class='ocrx_word' id='word_1_134' title='bbox 1186 2980 1312 3052; x_wconf 90' lang='lat' dir='ltr'><strong>Dei</strong></span> <span class='ocrx_word' id='word_1_135' title='bbox 1363 2977 1584 3072; x_wconf 87' lang='lat' dir='ltr'><strong>gratia</strong></span> <span class='ocrx_word' id='word_1_136' title='bbox 1658 2978 2123 3051; x_wconf 90' lang='lat' dir='ltr'><strong>Romanorum</strong></span> <span class='ocrx_word' id='word_1_137' title='bbox 2184 2997 2312 3050; x_wconf 83' lang='lat' dir='ltr'><strong>rex</strong></span> <span class='ocrx_word' id='word_1_138' title='bbox 2370 2997 2638 3071; x_wconf 89' lang='lat' dir='ltr'><strong>semper</strong></span> <span class='ocrx_word' id='word_1_139' title='bbox 2682 2986 3017 3072; x_wconf 86' lang='lat' dir='ltr'><strong>augustus</strong></span> <span class='ocrx_word' id='word_1_140' title='bbox 3038 3033 3054 3065; x_wconf 92' lang='lat'><strong>,</strong></span> <span class='ocrx_word' id='word_1_141' title='bbox 3113 2975 3381 3052; x_wconf 87' lang='lat' dir='ltr'><strong>dilectis</strong></span> 
     </span>
     <span class='ocr_line' id='line_1_16' title="bbox 577 3099 3381 3196; baseline 0 -21"><span class='ocrx_word' id='word_1_142' title='bbox 577 3100 888 3177; x_wconf 84' lang='lat' dir='ltr'><strong>fidelibus</strong></span> <span class='ocrx_word' id='word_1_143' title='bbox 946 3103 1093 3175; x_wconf 90' lang='lat' dir='ltr'><strong>suis</strong></span> <span class='ocrx_word' id='word_1_144' title='bbox 1144 3102 1531 3196; x_wconf 76' lang='lat' dir='ltr'><strong>judicibuS,</strong></span> <span class='ocrx_word' id='word_1_145' title='bbox 1602 3101 1889 3176; x_wconf 90' lang='lat' dir='ltr'><strong>consilio</strong></span> <span class='ocrx_word' id='word_1_146' title='bbox 1941 3110 2011 3174; x_wconf 91' lang='lat' dir='ltr'><strong>et</strong></span> <span class='ocrx_word' id='word_1_147' title='bbox 2054 3099 2398 3174; x_wconf 87' lang='lat' dir='ltr'><strong>universis</strong></span> <span class='ocrx_word' id='word_1_148' title='bbox 2450 3100 2722 3174; x_wconf 90' lang='lat' dir='ltr'><strong>civibus</strong></span> <span class='ocrx_word' id='word_1_149' title='bbox 2771 3101 3381 3196; x_wconf 87' lang='lat' dir='ltr'><strong>Ratisponensibus</strong></span> 
     </span>
     <span class='ocr_line' id='line_1_17' title="bbox 573 3224 3378 3322; baseline 0.001 -25"><span class='ocrx_word' id='word_1_150' title='bbox 573 3225 852 3319; x_wconf 81' lang='lat' dir='ltr'><strong>gratiam</strong></span> <span class='ocrx_word' id='word_1_151' title='bbox 889 3247 1091 3300; x_wconf 91' lang='lat' dir='ltr'><strong>suam</strong></span> <span class='ocrx_word' id='word_1_152' title='bbox 1121 3234 1192 3298; x_wconf 92' lang='lat' dir='ltr'><strong>et</strong></span> <span class='ocrx_word' id='word_1_153' title='bbox 1226 3247 1433 3299; x_wconf 92' lang='lat' dir='ltr'><strong>omne</strong></span> <span class='ocrx_word' id='word_1_154' title='bbox 1463 3226 1750 3298; x_wconf 89' lang='lat' dir='ltr'><strong>honum.</strong></span> <span class='ocrx_word' id='word_1_155' title='bbox 1788 3226 1898 3296; x_wconf 85' lang='lat' dir='ltr'><strong>Ex</strong></span> <span class='ocrx_word' id='word_1_156' title='bbox 1930 3224 2465 3298; x_wconf 88' lang='lat' dir='ltr'><strong>mansuetudine</strong></span> <span class='ocrx_word' id='word_1_157' title='bbox 2508 3234 2737 3298; x_wconf 91' lang='lat' dir='ltr'><strong>nostre</strong></span> <span class='ocrx_word' id='word_1_158' title='bbox 2774 3225 3128 3320; x_wconf 88' lang='lat' dir='ltr'><strong>paciencie</strong></span> <span class='ocrx_word' id='word_1_159' title='bbox 3166 3248 3378 3322; x_wconf 89' lang='lat' dir='ltr'><strong>quam</strong></span> 
     </span>
     <span class='ocr_line' id='line_1_18' title="bbox 571 3347 3379 3446; baseline 0.002 -26"><span class='ocrx_word' id='word_1_160' title='bbox 571 3347 819 3424; x_wconf 87' lang='lat' dir='ltr'><strong>habere</strong></span> <span class='ocrx_word' id='word_1_161' title='bbox 855 3351 1179 3423; x_wconf 90' lang='lat' dir='ltr'><strong>volumus</strong></span> <span class='ocrx_word' id='word_1_162' title='bbox 1213 3349 1307 3423; x_wconf 88' lang='lat' dir='ltr'><strong>ad</strong></span> <span class='ocrx_word' id='word_1_163' title='bbox 1347 3350 1686 3442; x_wconf 81' lang='lat' dir='ltr'><strong>benignos</strong></span> <span class='ocrx_word' id='word_1_164' title='bbox 1739 3358 1810 3421; x_wconf 94' lang='lat' dir='ltr'><strong>et</strong></span> <span class='ocrx_word' id='word_1_165' title='bbox 1858 3348 2181 3440; x_wconf 75' lang='lat' dir='ltr'><strong>devotoS,</strong></span> <span class='ocrx_word' id='word_1_166' title='bbox 2236 3347 2687 3421; x_wconf 88' lang='lat' dir='ltr'><strong>indulssimus</strong></span> <span class='ocrx_word' id='word_1_167' title='bbox 2732 3349 2935 3423; x_wconf 89' lang='lat' dir='ltr'><strong>vobis</strong></span> <span class='ocrx_word' id='word_1_168' title='bbox 2971 3352 3379 3446; x_wconf 86' lang='lat' dir='ltr'><strong>multiplices</strong></span> 
     </span>
     <span class='ocr_line' id='line_1_19' title="bbox 570 3467 3370 3569; baseline 0.001 -25"><span class='ocrx_word' id='word_1_169' title='bbox 570 3490 891 3545; x_wconf 85' lang='lat' dir='ltr'><strong>excessus</strong></span> <span class='ocrx_word' id='word_1_170' title='bbox 923 3481 1189 3547; x_wconf 90' lang='lat' dir='ltr'><strong>vestros</strong></span> <span class='ocrx_word' id='word_1_171' title='bbox 1220 3494 1400 3566; x_wconf 90' lang='lat' dir='ltr'><strong>quos</strong></span> <span class='ocrx_word' id='word_1_172' title='bbox 1433 3471 1870 3544; x_wconf 90' lang='lat' dir='ltr'><strong>commisistis</strong></span> <span class='ocrx_word' id='word_1_173' title='bbox 1899 3473 2246 3544; x_wconf 88' lang='lat' dir='ltr'><strong>temeriter</strong></span> <span class='ocrx_word' id='word_1_174' title='bbox 2281 3467 2412 3569; x_wconf 90' lang='lat' dir='ltr'><strong>[in]</strong></span> <span class='ocrx_word' id='word_1_175' title='bbox 2448 3472 2774 3564; x_wconf 83' lang='lat' dir='ltr'><strong>injuriam</strong></span> <span class='ocrx_word' id='word_1_176' title='bbox 2809 3474 3108 3548; x_wconf 91' lang='lat' dir='ltr'><strong>nominis</strong></span> <span class='ocrx_word' id='word_1_177' title='bbox 3131 3477 3370 3567; x_wconf 87' lang='lat' dir='ltr'><strong>nostri,</strong></span> 
     </span>
     <span class='ocr_line' id='line_1_20' title="bbox 566 3593 3376 3692; baseline 0.002 -26"><span class='ocrx_word' id='word_1_178' title='bbox 566 3593 715 3669; x_wconf 88' lang='lat' dir='ltr'><strong>licet</strong></span> <span class='ocrx_word' id='word_1_179' title='bbox 738 3598 1126 3671; x_wconf 90' lang='lat' dir='ltr'><strong>uberiorem</strong></span> <span class='ocrx_word' id='word_1_180' title='bbox 1160 3597 1544 3670; x_wconf 81' lang='lat' dir='ltr'><strong>vindic-tam</strong></span> <span class='ocrx_word' id='word_1_181' title='bbox 1576 3594 1965 3669; x_wconf 83' lang='lat' dir='ltr'><strong>reffundere</strong></span> <span class='ocrx_word' id='word_1_182' title='bbox 2000 3617 2360 3692; x_wconf 86' lang='lat' dir='ltr'><strong>possemus</strong></span> <span class='ocrx_word' id='word_1_183' title='bbox 2381 3597 2453 3668; x_wconf 91' lang='lat' dir='ltr'><strong>in</strong></span> <span class='ocrx_word' id='word_1_184' title='bbox 2490 3596 2826 3691; x_wconf 89' lang='lat' dir='ltr'><strong>quosdam</strong></span> <span class='ocrx_word' id='word_1_185' title='bbox 2850 3599 3170 3672; x_wconf 88' lang='lat' dir='ltr'><strong>concives</strong></span> <span class='ocrx_word' id='word_1_186' title='bbox 3197 3622 3376 3673; x_wconf 91' lang='lat' dir='ltr'><strong>con-</strong></span> 
     </span>
     <span class='ocr_line' id='line_1_21' title="bbox 570 3719 3375 3816; baseline 0.001 -25"><span class='ocrx_word' id='word_1_187' title='bbox 570 3720 764 3792; x_wconf 90' lang='lat' dir='ltr'><strong>sorcii</strong></span> <span class='ocrx_word' id='word_1_188' title='bbox 789 3720 1038 3813; x_wconf 88' lang='lat' dir='ltr'><strong>vestri,</strong></span> <span class='ocrx_word' id='word_1_189' title='bbox 1101 3742 1397 3815; x_wconf 90' lang='lat' dir='ltr'><strong>quorum</strong></span> <span class='ocrx_word' id='word_1_190' title='bbox 1430 3720 1710 3793; x_wconf 89' lang='lat' dir='ltr'><strong>nomina</strong></span> <span class='ocrx_word' id='word_1_191' title='bbox 1745 3719 2246 3815; x_wconf 83' lang='lat' dir='ltr'><strong>congnovimus</strong></span> <span class='ocrx_word' id='word_1_192' title='bbox 2280 3729 2350 3793; x_wconf 87' lang='lat' dir='ltr'><strong>et</strong></span> <span class='ocrx_word' id='word_1_193' title='bbox 2397 3741 2527 3793; x_wconf 91' lang='lat' dir='ltr'><strong>vos</strong></span> <span class='ocrx_word' id='word_1_194' title='bbox 2577 3722 3031 3815; x_wconf 87' lang='lat' dir='ltr'><strong>coguovistis,</strong></span> <span class='ocrx_word' id='word_1_195' title='bbox 3095 3723 3218 3816; x_wconf 89' lang='lat' dir='ltr'><strong>qui</strong></span> <span class='ocrx_word' id='word_1_196' title='bbox 3258 3724 3375 3794; x_wconf 87' lang='lat' dir='ltr'><strong>in·-</strong></span> 
     </span>
     <span class='ocr_line' id='line_1_22' title="bbox 569 3841 3375 3938; baseline 0.002 -24"><span class='ocrx_word' id='word_1_197' title='bbox 569 3841 976 3934; x_wconf 90' lang='lat' dir='ltr'><strong>pediverunt</strong></span> <span class='ocrx_word' id='word_1_198' title='bbox 997 3865 1159 3916; x_wconf 91' lang='lat' dir='ltr'><strong>cum</strong></span> <span class='ocrx_word' id='word_1_199' title='bbox 1175 3844 1491 3938; x_wconf 89' lang='lat' dir='ltr'><strong>nequiter</strong></span> <span class='ocrx_word' id='word_1_200' title='bbox 1511 3853 1658 3915; x_wconf 91' lang='lat' dir='ltr'><strong>tum</strong></span> <span class='ocrx_word' id='word_1_201' title='bbox 1684 3852 1994 3938; x_wconf 90' lang='lat' dir='ltr'><strong>potenter</strong></span> <span class='ocrx_word' id='word_1_202' title='bbox 2013 3842 2206 3938; x_wconf 88' lang='lat' dir='ltr'><strong>quod</strong></span> <span class='ocrx_word' id='word_1_203' title='bbox 2230 3844 2638 3917; x_wconf 89' lang='lat' dir='ltr'><strong>aconsorcio</strong></span> <span class='ocrx_word' id='word_1_204' title='bbox 2660 3845 3122 3917; x_wconf 88' lang='lat' dir='ltr'><strong>universitatis</strong></span> <span class='ocrx_word' id='word_1_205' title='bbox 3147 3854 3375 3920; x_wconf 84' lang='lat' dir='ltr'><strong>vestre</strong></span> 
     </span>
     <span class='ocr_line' id='line_1_23' title="bbox 570 3961 3372 4062; baseline 0.002 -27"><span class='ocrx_word' id='word_1_206' title='bbox 570 3985 697 4038; x_wconf 92' lang='lat' dir='ltr'><strong>non</strong></span> <span class='ocrx_word' id='word_1_207' title='bbox 718 3966 1298 4062; x_wconf 80' lang='lat' dir='ltr'><strong>proveniebamur</strong></span> <span class='ocrx_word' id='word_1_208' title='bbox 1324 3961 1686 4061; x_wconf 81' lang='lat' dir='ltr'><strong>condignis</strong></span> <span class='ocrx_word' id='word_1_209' title='bbox 1715 3967 2125 4057; x_wconf 91' lang='lat' dir='ltr'><strong>honoribus,</strong></span> <span class='ocrx_word' id='word_1_210' title='bbox 2168 3966 2380 4038; x_wconf 91' lang='lat' dir='ltr'><strong>immo</strong></span> <span class='ocrx_word' id='word_1_211' title='bbox 2403 3987 2447 4038; x_wconf 88' lang='lat' dir='ltr'><strong>a</strong></span> <span class='ocrx_word' id='word_1_212' title='bbox 2470 3966 2671 4039; x_wconf 90' lang='lat' dir='ltr'><strong>vobis</strong></span> <span class='ocrx_word' id='word_1_213' title='bbox 2701 3967 3105 4038; x_wconf 90' lang='lat' dir='ltr'><strong>recessimus</strong></span> <span class='ocrx_word' id='word_1_214' title='bbox 3130 3968 3372 4041; x_wconf 90' lang='lat' dir='ltr'><strong>ultimo</strong></span> 
     </span>
     <span class='ocr_line' id='line_1_24' title="bbox 574 4086 3374 4184; baseline 0.001 -24"><span class='ocrx_word' id='word_1_215' title='bbox 574 4108 688 4161; x_wconf 87' lang='lat' dir='ltr'><strong>nec</strong></span> <span class='ocrx_word' id='word_1_216' title='bbox 718 4097 1073 4184; x_wconf 85' lang='lat' dir='ltr'><strong>tamquam</strong></span> <span class='ocrx_word' id='word_1_217' title='bbox 1095 4112 1223 4164; x_wconf 79' lang='lat' dir='ltr'><strong>rex</strong></span> <span class='ocrx_word' id='word_1_218' title='bbox 1259 4101 1329 4166; x_wconf 90' lang='lat' dir='ltr'><strong>et</strong></span> <span class='ocrx_word' id='word_1_219' title='bbox 1363 4091 1687 4165; x_wconf 91' lang='lat' dir='ltr'><strong>dominus</strong></span> <span class='ocrx_word' id='word_1_220' title='bbox 1711 4100 1972 4181; x_wconf 89' lang='lat' dir='ltr'><strong>vester,</strong></span> <span class='ocrx_word' id='word_1_221' title='bbox 2027 4110 2156 4161; x_wconf 92' lang='lat' dir='ltr'><strong>nec</strong></span> <span class='ocrx_word' id='word_1_222' title='bbox 2187 4086 2519 4161; x_wconf 83' lang='lat' dir='ltr'><strong>exhibitis</strong></span> <span class='ocrx_word' id='word_1_223' title='bbox 2565 4086 2700 4160; x_wconf 89' lang='lat' dir='ltr'><strong>hiis</strong></span> <span class='ocrx_word' id='word_1_224' title='bbox 2742 4089 2815 4160; x_wconf 90' lang='lat' dir='ltr'><strong>in</strong></span> <span class='ocrx_word' id='word_1_225' title='bbox 2855 4090 3144 4163; x_wconf 91' lang='lat' dir='ltr'><strong>modicis</strong></span> <span class='ocrx_word' id='word_1_226' title='bbox 3172 4090 3374 4164; x_wconf 90' lang='lat' dir='ltr'><strong>nobis</strong></span> 
     </span>
     <span class='ocr_line' id='line_1_25' title="bbox 570 4209 3371 4311; baseline 0.002 -29"><span class='ocrx_word' id='word_1_227' title='bbox 570 4213 669 4285; x_wconf 90' lang='lat' dir='ltr'><strong>vel</strong></span> <span class='ocrx_word' id='word_1_228' title='bbox 696 4214 768 4285; x_wconf 90' lang='lat' dir='ltr'><strong>in</strong></span> <span class='ocrx_word' id='word_1_229' title='bbox 807 4215 1079 4306; x_wconf 82' lang='lat' dir='ltr'><strong>magnis</strong></span> <span class='ocrx_word' id='word_1_230' title='bbox 1101 4236 1241 4310; x_wconf 90' lang='lat' dir='ltr'><strong>que</strong></span> <span class='ocrx_word' id='word_1_231' title='bbox 1269 4214 1633 4308; x_wconf 88' lang='lat' dir='ltr'><strong>utriusque</strong></span> <span class='ocrx_word' id='word_1_232' title='bbox 1660 4220 2116 4309; x_wconf 90' lang='lat' dir='ltr'><strong>competerent</strong></span> <span class='ocrx_word' id='word_1_233' title='bbox 2159 4209 2524 4283; x_wconf 88' lang='lat' dir='ltr'><strong>honestati.</strong></span> <span class='ocrx_word' id='word_1_234' title='bbox 2581 4212 2961 4287; x_wconf 84' lang='lat' dir='ltr'><strong>Statuimus</strong></span> <span class='ocrx_word' id='word_1_235' title='bbox 3003 4213 3214 4308; x_wconf 85' lang='lat' dir='ltr'><strong>igitur</strong></span> <span class='ocrx_word' id='word_1_236' title='bbox 3242 4237 3371 4311; x_wconf 90' lang='lat' dir='ltr'><strong>pro</strong></span> 
     </span>
     <span class='ocr_line' id='line_1_26' title="bbox 570 4335 3369 4434; baseline 0.003 -28"><span class='ocrx_word' id='word_1_237' title='bbox 570 4353 734 4426; x_wconf 87' lang='lat' dir='ltr'><strong>pena</strong></span> <span class='ocrx_word' id='word_1_238' title='bbox 758 4343 829 4407; x_wconf 89' lang='lat' dir='ltr'><strong>et</strong></span> <span class='ocrx_word' id='word_1_239' title='bbox 862 4335 1173 4410; x_wconf 88' lang='lat' dir='ltr'><strong>vindicta</strong></span> <span class='ocrx_word' id='word_1_240' title='bbox 1205 4337 1467 4410; x_wconf 90' lang='lat' dir='ltr'><strong>eisdem</strong></span> <span class='ocrx_word' id='word_1_241' title='bbox 1494 4358 1672 4431; x_wconf 91' lang='lat' dir='ltr'><strong>quos</strong></span> <span class='ocrx_word' id='word_1_242' title='bbox 1696 4358 1839 4409; x_wconf 88' lang='lat' dir='ltr'><strong>una</strong></span> <span class='ocrx_word' id='word_1_243' title='bbox 1868 4335 2226 4409; x_wconf 86' lang='lat' dir='ltr'><strong>vobiscum</strong></span> <span class='ocrx_word' id='word_1_244' title='bbox 2259 4343 2584 4407; x_wconf 89' lang='lat' dir='ltr'><strong>nocentes</strong></span> <span class='ocrx_word' id='word_1_245' title='bbox 2620 4337 3069 4430; x_wconf 88' lang='lat' dir='ltr'><strong>cognovimus</strong></span> <span class='ocrx_word' id='word_1_246' title='bbox 3097 4339 3168 4411; x_wconf 92' lang='lat' dir='ltr'><strong>in</strong></span> <span class='ocrx_word' id='word_1_247' title='bbox 3212 4362 3369 4434; x_wconf 91' lang='lat' dir='ltr'><strong>pre·</strong></span> 
     </span>
     <span class='ocr_line' id='line_1_27' title="bbox 572 4456 3366 4556; baseline 0.002 -26"><span class='ocrx_word' id='word_1_248' title='bbox 572 4456 819 4549; x_wconf 89' lang='lat' dir='ltr'><strong>missis,</strong></span> <span class='ocrx_word' id='word_1_249' title='bbox 877 4467 953 4531; x_wconf 92' lang='lat' dir='ltr'><strong>ut</strong></span> <span class='ocrx_word' id='word_1_250' title='bbox 990 4460 1080 4533; x_wconf 91' lang='lat' dir='ltr'><strong>de</strong></span> <span class='ocrx_word' id='word_1_251' title='bbox 1107 4460 1400 4555; x_wconf 86' lang='lat' dir='ltr'><strong>pecunia</strong></span> <span class='ocrx_word' id='word_1_252' title='bbox 1446 4460 1646 4533; x_wconf 91' lang='lat' dir='ltr'><strong>nobis</strong></span> <span class='ocrx_word' id='word_1_253' title='bbox 1688 4459 2028 4556; x_wconf 86' lang='lat' dir='ltr'><strong>promissa</strong></span> <span class='ocrx_word' id='word_1_254' title='bbox 2056 4459 2329 4531; x_wconf 88' lang='lat' dir='ltr'><strong>solvant</strong></span> <span class='ocrx_word' id='word_1_255' title='bbox 2356 4458 2939 4553; x_wconf 85' lang='lat' dir='ltr'><strong>quemadmodum</strong></span> <span class='ocrx_word' id='word_1_256' title='bbox 2975 4483 3069 4533; x_wconf 85' lang='lat' dir='ltr'><strong>ex</strong></span> <span class='ocrx_word' id='word_1_257' title='bbox 3102 4461 3366 4536; x_wconf 87' lang='lat' dir='ltr'><strong>delibe-</strong></span> 
     </span>
     <span class='ocr_line' id='line_1_28' title="bbox 575 4581 3359 4680; baseline 0.003 -28"><span class='ocrx_word' id='word_1_258' title='bbox 575 4581 834 4655; x_wconf 85' lang='lat' dir='ltr'><strong>racione</strong></span> <span class='ocrx_word' id='word_1_259' title='bbox 853 4583 1065 4655; x_wconf 88' lang='lat' dir='ltr'><strong>vestri</strong></span> <span class='ocrx_word' id='word_1_260' title='bbox 1094 4583 1359 4656; x_wconf 89' lang='lat' dir='ltr'><strong>consilii</strong></span> <span class='ocrx_word' id='word_1_261' title='bbox 1392 4582 1656 4657; x_wconf 91' lang='lat' dir='ltr'><strong>eisdem</strong></span> <span class='ocrx_word' id='word_1_262' title='bbox 1672 4640 1689 4671; x_wconf 88' lang='lat'><strong>,</strong></span> <span class='ocrx_word' id='word_1_263' title='bbox 1734 4604 1893 4654; x_wconf 89' lang='lat' dir='ltr'><strong>cum</strong></span> <span class='ocrx_word' id='word_1_264' title='bbox 1918 4581 2171 4656; x_wconf 86' lang='lat' dir='ltr'><strong>fuerint</strong></span> <span class='ocrx_word' id='word_1_265' title='bbox 2197 4589 2508 4655; x_wconf 87' lang='lat' dir='ltr'><strong>auctores</strong></span> <span class='ocrx_word' id='word_1_266' title='bbox 2527 4582 2903 4676; x_wconf 84' lang='lat' dir='ltr'><strong>ignominie</strong></span> <span class='ocrx_word' id='word_1_267' title='bbox 2927 4585 3128 4659; x_wconf 91' lang='lat' dir='ltr'><strong>nobis</strong></span> <span class='ocrx_word' id='word_1_268' title='bbox 3149 4587 3359 4680; x_wconf 86' lang='lat' dir='ltr'><strong>illate,</strong></span> 
     </span>
     <span class='ocr_line' id='line_1_29' title="bbox 583 4701 3357 4805; baseline 0.004 -30"><span class='ocrx_word' id='word_1_269' title='bbox 583 4701 903 4779; x_wconf 86' lang='lat' dir='ltr'><strong>duxeritis</strong></span> <span class='ocrx_word' id='word_1_270' title='bbox 932 4706 1451 4805; x_wconf 88' lang='lat' dir='ltr'><strong>inponendum;</strong></span> <span class='ocrx_word' id='word_1_271' title='bbox 1500 4717 1582 4798; x_wconf 13' lang='lat' dir='ltr'><strong>*et</strong></span> <span class='ocrx_word' id='word_1_272' title='bbox 1627 4707 1685 4780; x_wconf 91' lang='lat' dir='ltr'><strong>si</strong></span> <span class='ocrx_word' id='word_1_273' title='bbox 1720 4706 2191 4782; x_wconf 87' lang='lat' dir='ltr'><strong>recusaverint</strong></span> <span class='ocrx_word' id='word_1_274' title='bbox 2228 4705 2522 4802; x_wconf 83' lang='lat' dir='ltr'><strong>inposita</strong></span> <span class='ocrx_word' id='word_1_275' title='bbox 2552 4708 2719 4804; x_wconf 90' lang='lat' dir='ltr'><strong>ipsis</strong></span> <span class='ocrx_word' id='word_1_276' title='bbox 2754 4730 2829 4782; x_wconf 91' lang='lat' dir='ltr'><strong>se</strong></span> <span class='ocrx_word' id='word_1_277' title='bbox 2862 4731 3000 4783; x_wconf 92' lang='lat' dir='ltr'><strong>non</strong></span> <span class='ocrx_word' id='word_1_278' title='bbox 3035 4709 3312 4786; x_wconf 88' lang='lat' dir='ltr'><strong>daturos</strong></span> <span class='ocrx_word' id='word_1_279' title='bbox 3335 4765 3357 4805; x_wconf 95' lang='lat'><strong>,</strong></span> 
     </span>
    </p>
   </div>
  </div>
 </body>
</html>
