4500 5956
1061 594 1186 658 980
1990 602 2242 663 INDEX
2291 603 2986 665 DOCUMENTORUM.

1091 797 1313 872 1256

1113 926 1293 984 maio.

1496 920 1674 998 Apud

1392 1016 1779 1095 Herbipolim.

1836 959 1918 974 —
1955 928 2214 990 Sculteto
2261 931 2334 991 de
2386 932 2748 1010 Oppenheim
2791 938 2853 991 et
2896 930 3326 991 successoribus
3371 935 3501 1009 ejus
3532 934 3777 994 mandat
3827 942 3898 995 ut

1904 1029 2044 1103 jura
2087 1033 2149 1086 et
2184 1029 2636 1088 consuetudines
2674 1044 2831 1105 quae
2856 1030 3013 1087 cives
3040 1028 3113 1087 de
3138 1027 3502 1104 Oppenheim
3527 1045 3564 1088 a
3591 1031 3895 1107 majestate

1910 1139 2018 1183 sua
2042 1129 2278 1195 tenent,
2310 1125 2622 1185 observare
2646 1124 2942 1184 studeant.
3776 1136 3890 1188 864

1832 1251 1911 1263 -
1949 1218 2047 1279 Ad
2083 1220 2568 1296 supplicationem
2612 1220 2868 1296 Philippi
2903 1220 2979 1279 de
3017 1219 3354 1281 Hohenvels
3397 1219 3591 1281 fidelis
3614 1224 3741 1298 sui,
3766 1222 3891 1284 filio

1907 1321 1968 1375 et
1992 1314 2149 1376 filiae
2184 1319 2313 1392 eJus
2347 1317 2619 1392 Philippo
2663 1322 2724 1375 et
2763 1316 3067 1375 Elizabeth
3104 1315 3284 1378 feuda
3310 1333 3461 1394 quae
3489 1319 3613 1394 ipse
3650 1319 3889 1395 Philip-

1902 1428 2017 1488 pus
2058 1412 2134 1471 ab
2172 1414 2417 1489 imperio
2463 1418 2661 1484 tenet,
2691 1417 2826 1488 post
2863 1418 3113 1472 mortem
3138 1414 3326 1489 ipsius
3353 1415 3704 1489 possidenda
3731 1431 3886 1475 con-

1902 1508 2079 1570 cedit.
3767 1521 3882 1572 864

1480 1600 1660 1677 Apud
1821 1634 1901 1648 —
1942 1604 2351 1680 Praepositum
2381 1609 2442 1662 et
2466 1608 2822 1662 conventum
2849 1604 3185 1663 monasterii
3212 1604 3272 1662 in
3300 1601 3538 1663 Sclbold
3566 1622 3704 1665 cum
3743 1622 3884 1667 om-

1378 1695 1764 1773 Herbipolim.
1899 1699 2073 1760 nibus
2099 1717 2303 1761 eorum
2329 1701 2524 1773 bonis,
2557 1716 2811 1778 quorum
2836 1700 3132 1776 quaedam
3155 1708 3601 1780 enumerantur,
3630 1702 3742 1762 sub
3774 1720 3882 1765 sua

1897 1800 1956 1856 et
1982 1797 2211 1872 imperii
2239 1798 2600 1872 protectione
2627 1798 2854 1872 recipit.
3761 1808 3874 1860 865

1816 1922 1897 1938 -
1935 1892 2310 1953 Abbatissam
2337 1900 2399 1953 et
2423 1898 2783 1953 conventum
2811 1892 3216 1953 Porcetensem
3236 1895 3416 1969 juxta
3443 1892 3877 1971 Aquisgranum

1894 2004 2033 2048 cum
2061 1989 2340 2049 omnibus
2366 1990 2703 2048 monasterii
2746 1987 2917 2047 bonis
2954 1988 3068 2048 sub
3112 2005 3221 2048 sua
3265 1993 3326 2047 et
3372 1990 3603 2065 imperii
3642 1997 3874 2066 protec-

1892 2086 2050 2144 tione
2081 2087 2312 2161 recipit.
3755 2095 3869 2148 866

1810 2210 1893 2223 -
1927 2179 2024 2241 Ad
2049 2181 2535 2258 supplicationem
2555 2182 2895 2243 Wenemari
2921 2180 3149 2241 abbatis
3173 2182 3471 2241 Portensis
3498 2178 3599 2259 (de
3615 2181 3867 2263 Prona),

1884 2277 2259 2355 privilegium
2286 2278 2477 2338 eidem
2506 2280 2861 2338 monasterio
2888 2284 3149 2353 tempore
3175 2279 3340 2355 regni
3364 2278 3459 2338 sui
3505 2294 3542 2337 a
3580 2294 3643 2338 se
3669 2280 3868 2340 indul-

1493 1211 1673 1290 Apud

1384 1309 1772 1388 Herbipolim.

1105 1217 1281 1275 maio.

1095 1601 1275 1659 maio.

1095 1892 1272 1952 maio.
1479 1884 1662 1963 Apud

1373 1982 1757 2061 Herbipolim.

1081 2181 1274 2256 junio.
1344 2175 1459 2252 Ap.
1473 2178 1778 2241 Werdam.

1884 2380 2013 2434 tum
2041 2382 2288 2435 renovat
2314 2380 2376 2434 et
2400 2375 2709 2435 inserendo
2737 2374 3068 2436 confirmat.
3750 2386 3859 2436 867

1073 2472 1266 2545 junio.
1337 2464 1769 2543 Ap.Werdam.
1801 2504 1881 2518 —
1921 2469 2244 2531 Confirmat
2288 2473 2662 2532 collationem
2689 2474 2966 2533 ecclesiae
2994 2471 3243 2533 cellensi
3272 2469 3553 2545 (Altzell)
3583 2470 3865 2533 dioecesis

1877 2570 2195 2631 MisnensIs
2248 2571 2328 2629 ab
2384 2570 2754 2631 Hartmanno
2807 2570 2882 2629 de
2929 2568 3181 2645 Salburg
3225 2568 3442 2628 factam
3495 2568 3572 2629 de
3621 2571 3863 2646 triginta

1867 2668 2179 2746 jugeribus
2221 2665 2518 2745 lignorum
2556 2683 2738 2743 prope
2784 2666 3154 2743 Tutenbcrg,
3185 2666 3264 2726 ad
3302 2681 3477 2726 usum
3517 2665 3860 2727 comandiae

1870 2763 1946 2824 de
1972 2764 2238 2824 chlsen
2265 2769 2547 2840 perpetuo
2572 2765 2946 2823 servituram.
3741 2773 3855 2825 869

1059 2851 1257 2936 [junio
1341 2892 1759 2920 .......
1792 2891 1872 2905 —
1909 2860 1998 2921 De
2036 2860 2388 2921 Lombardis
2421 2862 2801 2937 conqueritur
2844 2874 3097 2937 quorum
3142 2858 3482 2918 rebelliones
3517 2865 3578 2918 et
3613 2861 3857 2937 injul'ias

1024 2955 1295 3033 exeunt]
1869 2959 2130 3019 seriatim
2173 2962 2411 3018 enarrat
2427 2999 2446 3031 ‚
2488 2963 2549 3017 et
2587 2957 2821 3017 nuntiat
2847 2972 2941 3029 se,
2971 2970 3108 3015 cum
3136 2956 3235 3015 isti
3261 2954 3438 3015 nullis
3464 2956 3624 3032 pacis
3649 2956 3853 3017 condi-

1869 3054 2128 3114 tionibus
2153 3053 2430 3114 accedere
2460 3053 2673 3125 velint,
2704 3068 2848 3112 mox
2887 3052 3122 3112 Italiam
3170 3053 3573 3128 ingressurum
3597 3093 3615 3124 ,
3646 3053 3851 3112 simul-

1866 3168 1985 3229 que
2030 3150 2391 3228 objectiones
2434 3166 2621 3228 papae
2659 3149 2736 3209 de
2775 3150 3012 3227 negotio
3054 3149 3271 3210 Terrae
3309 3148 3556 3209 Sanctae
3594 3149 3848 3210 ineundo

1865 3249 2098 3309 refellit.
3560 3254 3699 3318 872,
3731 3255 3842 3306 873

1785 3374 1866 3390 -
1903 3344 2088 3421 Apud
2111 3362 2325 3422 papam
2351 3363 2414 3407 se
2440 3351 2687 3407 excusat
2718 3344 2881 3422 quod
2922 3344 3171 3405 transire
3206 3342 3283 3403 ad
3309 3342 3631 3404 Saracenos
3659 3342 3845 3404 bosti-

1864 3442 1995 3502 liter
2023 3457 2143 3502 non
2172 3442 2386 3518 possit,
2417 3443 2562 3503 dum
2587 3440 3006 3503 Lombardiam
3033 3446 3094 3499 et
3116 3440 3428 3516 praecipue
3451 3438 3845 3499 Mediolanen-

1862 3542 2019 3600 sium
2043 3541 2339 3600 civitatem
2365 3540 2470 3601 ubi
2495 3546 2586 3601 tot
2609 3540 2878 3601 haereses
2903 3537 3229 3615 pullulant,
3257 3538 3515 3613 primum
3543 3536 3844 3597 debellan-

1861 3636 1970 3698 das
1995 3637 2229 3697 habeat.
3550 3642 3694 3706 880,
3725 3642 3832 3694 881

1048 3335 1254 3419 [junio

1020 3439 1290 3515 exeunt]

1006 3736 1080 3788 27
1105 3730 1280 3806 junii.
1443 3730 1625 3806 Apud
1779 3763 1862 3780 -
1899 3734 2129 3795 Foedus
2156 3751 2455 3796 armorum
2484 3736 2595 3795 init
2623 3750 2761 3795 cum
2788 3736 3049 3811 quinque
3076 3731 3397 3791 nominatis
3421 3731 3650 3807 imperii
3679 3733 3840 3808 prin-

1349 3825 1702 3905 Augustam.
1857 3831 2088 3907 cipibus
2140 3832 2426 3893 adversus
2468 3832 2830 3892 Fridericum
2876 3831 3089 3891 ducem
3132 3827 3409 3888 Austriae
3462 3833 3524 3886 et
3571 3827 3833 3906 Styriae,

1857 3931 2059 4006 gravia
2085 3931 2277 3988 nimis>
2307 3936 2367 3988 ct
2406 3929 2612 3990 illicita
2638 3934 2842 3988 contra
2884 3943 2948 3987 se
2989 3924 3387 4001 honoremque
3425 3923 3657 4000 imperii
3707 3939 3835 3983 mo-

3757 4029 3791 4079 8

1045 4115 1234 4190 junio.
1437 4116 1614 4194 Apud
1774 4025 2275 4200 —ngtiteffegium
2302 4120 2655 4181 monasterio
2679 4116 3200 4196 Berchtesgadensi
3239 4120 3500 4190 tempore
3542 4119 3705 4193 regui
3718 4029 3830 4176 8111131

1351 4215 1702 4293 Augustam.
1851 4235 2008 4279 anuo
2046 4228 2221 4292 1218,
2253 4228 2325 4280 18
2355 4219 2660 4289 februarii,
2692 4234 2728 4278 a
2753 4235 2817 4278 se
2853 4216 3152 4277 indultum
3178 4214 3386 4273 inserit
3411 4218 3471 4274 et
3495 4213 3828 4274 renovando

1555 4362 1559 4368 v
1846 4316 2180 4377 confirmat.
3712 4317 3821 4369 885

1381 4409 1661 4471 Werdae.
1767 4443 1849 4458 —
1886 4413 2267 4490 Privilegium
2291 4412 2562 4489 Liupoldi
2588 4411 2862 4471 Austriae
2888 4410 3057 4470 ducis
3082 4410 3157 4469 de
3185 4425 3341 4470 anno
3367 4415 3517 4468 1202
3534 4449 3552 4480 ,
3579 4415 3615 4466 8
3637 4408 3786 4484 junii
3802 4449 3821 4479 ,

1844 4509 2173 4585 praeposito
2214 4512 2276 4567 et
2321 4508 2635 4568 conventui
2677 4506 3196 4584 Berchtesgadensi
3238 4521 3414 4582 super
3453 4504 3825 4563 immunitate

1845 4603 2210 4665 teloneorum
2234 4604 2532 4664 indultum
2546 4647 2565 4681 ‚
2591 4605 2797 4663 inserit
2827 4611 2888 4664 et
2913 4603 3253 4664 renovando
3274 4599 3605 4662 confirmat.
3706 4608 3817 4660 887

1042 4698 1214 4776 julio.
1301 4699 1412 4776 Ap.
1427 4699 1737 4761 Werdam.
1767 4731 1847 4743 —
1884 4699 2219 4760 Ekkeberto
2255 4702 2525 4776 episcopo
2549 4699 3017 4778 Babenbergensi
3050 4701 3115 4759 in
3147 4700 3286 4759 villa
3311 4696 3821 4759 Frankenmarket

1051 4402 1222 4477 juno.
