4500 5956
685 619 884 681 Iunior.
913 612 1000 701 9.]
1585 614 1979 676 HISTORIA
2027 614 2611 678 DIPLOMATIGA.
3386 622 3507 685 855

684 774 842 840 sue,
881 750 1074 846 quod
1105 749 1458 843 justiciam
1495 757 1564 821 et
1590 748 1938 841 judicium
1976 747 2065 821 de
2104 759 2285 822 terra
2333 771 2462 823 sua
2496 750 2969 847 proscripserit
3009 777 3028 822 ε
3059 761 3128 824 et
3171 774 3328 825 cum
3370 756 3505 828 ini·

685 876 944 971 quitate
997 873 1202 947 fedus
1239 874 1503 961 inienS‚
1564 894 1846 968 prorsus
1898 872 2221 965 abjecerit
2266 874 2683 967 equitatem,
2737 874 2973 948 viduis
3020 885 3087 949 st
3136 877 3495 972 orphanis,

687 1020 859 1093 quos
872 1002 1036 1093 jure
1058 1000 1293 1072 fovere
1326 995 1686 1084 debuerat,
1725 999 2050 1070 molestus
2071 998 2404 1088 existenS,
2442 998 2694 1071 divites
2711 999 3132 1095 opprimens,
3164 1022 3503 1097 pauperes

688 1124 1128 1211 conculcans,
1165 1121 1542 1194 humilians
1586 1120 1851 1194 nobiles
1892 1128 1961 1193 et
2009 1119 2375 1193 destruens
2416 1122 2814 1218 popularae,
2877 1121 3171 1196 diversis
3228 1125 3504 1218 flagitiis

688 1249 992 1322 afficiens
1027 1248 1383 1338 subditos;
1428 1247 1686 1319 nullam
1720 1245 2054 1318 adversus
2080 1267 2201 1319 eos
2229 1247 2438 1319 aliam
2473 1268 2750 1321 causam
2785 1248 3085 1338 bahem,
3136 1251 3266 1322 nisi
3314 1251 3505 1345 quod

687 1372 878 1466 pium
912 1394 1066 1446 esse
1099 1372 1233 1443 sibi
1269 1370 1489 1443 credit
1521 1380 1590 1442 et
1624 1370 1889 1443 licitum
1911 1370 2244 1464 quicquid
2269 1371 2457 1443 libet.
2487 1372 2959 1444 Ministeriales
2986 1381 3054 1447 et
3075 1374 3246 1446 alios
3280 1374 3503 1448 infeu-

691 1492 917 1583 datos,
950 1516 1125 1590 quos
1157 1495 1247 1568 ab
1270 1494 1560 1588 imperio
1585 1501 1793 1584 tenet,
1823 1503 2010 1566 tanto
2032 1494 2330 1586 graviori
2363 1496 2796 1589 persequitur
2827 1498 3206 1588 voluntate,
3243 1509 3504 1594 quanto

691 1617 759 1687 in
797 1618 1041 1690 odium
1090 1628 1401 1690 nostrum
1439 1627 1509 1691 et
1556 1617 1826 1711 imperii
1880 1618 2162 1689 afflictos
2216 1617 2603 1690 immaniter
2642 1618 2734 1690 ab
2780 1620 2929 1713 ipso
2982 1622 3412 1715 percepimus
3439 1634 3510 1697 et

691 1753 946 1834 quanto
977 1741 1078 1839 (a)
1109 1741 1398 1837 deipsis
1431 1741 1740 1835 cogimur
1766 1741 2111 1814 dubitare.
2140 1744 2313 1814 Data
2344 1742 2557 1834 igitur
2592 1766 2713 1837 per
2756 1765 2916 1815 eum
2959 1744 3196 1817 effreni
3233 1748 3505 1820 licentia

693 1867 926 1955 luxui,
962 1875 1032 1938 et
1061 1875 1291 1937 ments
1309 1865 1531 1959 ipsius
1555 1865 1627 1935 in
1655 1886 1930 1936 omnem
1964 1865 2151 1936 viam
2178 1866 2449 1937 malicie
2471 1867 2755 1961 turpiter
2783 1867 3138 1961 inquinata
3156 1924 3174 1956 ,
3219 1870 3508 1944 deflorat

693 1988 997 2081 virgines
1033 1999 1101 2060 et
1132 1987 1294 2060 facit
1339 2010 1381 2059 a
1431 1989 1577 2061 suis
1627 1988 2077 2082 complicibus
2111 1989 2467 2080 deflorari,
2507 2000 2850 2063 matronas
2884 1993 3311 2066 venerabiles
3342 1995 3510 2068 des-

697 2111 1046 2204 honestat,
1087 2114 1407 2185 auferens
1444 2111 1621 2186 filias
1655 2112 2004 2207 patribuS‚
2057 2121 2126 2184 et
2151 2113 2320 2184 viris
2344 2113 2669 2185 mulierae
2697 2115 2782 2208 (b)
2812 2137 2933 2208 per
2960 2116 3387 2189 violentiam.
3426 2119 3510 2190 Et

695 2237 955 2308 utinam
1004 2235 1114 2308 his
1161 2244 1525 2309 contentus
1571 2257 1713 2308 non
1763 2237 2186 2330 excogitaret
2217 2237 2288 2308 in
2327 2250 2599 2330 patrum
2639 2238 2907 2311 animas
2943 2251 3012 2311 et
3047 2239 3390 2314 virorum!
3434 2243 3508 2314 in

696 2382 987 2454 quorum
1014 2382 1253 2436 necem
1294 2361 1608 2433 diversas
1643 2361 1909 2456 species
1938 2362 2179 2432 mortis
2216 2371 2629 2454 exaggerat,
2679 2362 2937 2455 quibus
2975 2364 3268 2437 trucidet
3303 2367 3508 2438 mise·

694 2485 974 2558 rabilius
1015 2485 1438 2558 innocentes.
1480 2487 1609 2558 Pro
1657 2506 1955 2581 quorum
2005 2484 2334 2557 ineffabili
2392 2486 2726 2558 malorum
2772 2488 3082 2579 cumulo,
3144 2498 3326 2560 mota
3385 2491 3512 2561 fuit

694 2630 850 2703 sepe
882 2620 1112 2682 nostre
1159 2609 1657 2706 preeminentia
1708 2608 2087 2704 dignitatis·
2132 2608 2271 2682 Sed
2314 2630 2440 2681 nos
2494 2611 2757 2703 paterni
2810 2610 3074 2682 servitii
3134 2633 3506 2706 memoreS,

695 2733 1039 2806 voluimus
1074 2755 1235 2806 cum
1267 2733 1550 2806 lenitate
1582 2731 1988 2829 procedere,
2047 2732 2481 2806 intendentes
2517 2753 2559 2804 a
2590 2733 2708 2805 via
2745 2733 2923 2806 mala
2954 2733 3182 2805 virum
3221 2734 3511 2832 impium

693 2878 1040 2931 revocare.
1073 2859 1505 2953 Quapropter
1548 2858 1946 2929 monuimus
1984 2878 2145 2930 eum
2177 2867 2249 2929 et
2283 2856 2584 2951 benigue
2617 2857 3017 2949 rogavimus
3051 2869 3129 2928 ut
3164 2857 3257 2930 ad
3292 2860 3513 2932 collo·

695 2982 934 3077 quium
970 2983 1291 3078 preterite
1316 2983 1510 3055 curie
1561 2983 1877 3079 preterita
1912 2982 2159 3077 hyeme
2201 2980 2538 3053 indictum
2574 2978 2886 3072 Auguste
2928 2983 3230 3071 veniret,
3265 2984 3385 3054 ubi
3423 2983 3513 3057 de

694 3107 1118 3180 restitutione
1168 3116 1386 3179 status
1427 3106 1535 3178 sui
1572 3106 2039 3203 comparanda
2094 3104 2185 3202 (c)
2229 3128 2388 3177 cum
2438 3103 2766 3201 predictis
2822 3105 3252 3201 principibus
3305 3116 3512 3203 atque

697 3240 952 3318 tecum,
1008 3240 1078 3303 et
1124 3231 1468 3304 abolenda
1526 3232 1812 3304 infamia
1846 3229 2244 3325 supradicta
2279 3251 2440 3303 eum
2470 3230 2727 3323 alloqui
2750 3238 2821 3301 et
2846 3252 3002 3301 cum
3036 3250 3119 3302 eo
3151 3231 3513 3326 disponere

696 3355 1137 3447 volebamus3
1194 3355 1474 3450 provisa
1525 3356 1628 3447 ei,
1686 3355 1896 3446 juxta
1947 3354 2461 3449 requisitionem
2510 3362 2580 3426 et
2627 3355 2808 3427 velle
2857 3376 3096 3445 suum,
3152 3356 3516 3428 securitate

697 3478 1080 3552 conductus
1111 3479 1203 3553 de
1230 3479 1538 3575 personis
1573 3500 1748 3573 quas
1783 3487 1853 3551 et
1880 3488 2047 3573 quot
2092 3479 2317 3551 voluit
2345 3478 2700 3572 exegisse,·
2740 3478 2926 3550 illam
2963 3478 3193 3551 sidem
3227 3480 3515 3572 gratiam

698 3602 1101 3676 exhibentes
1146 3603 1342 3697 quod
1377 3603 1540 3697 quia
1570 3601 1936 3676 dubitabat
1963 3623 2086 3698 pro
2114 3601 2513 3695 hujusmodi
2545 3602 3010 3697 queremoniis
3054 3601 3178 3674 diu
3222 3604 3513 3694 morari,

697 3726 1138 3822 promisimus
1160 3727 1225 3799 ei
1253 3749 1378 3822 per
1411 3727 1704 3798 nuncios
1740 3746 1904 3799 suos
1925 3727 2118 3819 quod
2148 3748 2412 3801 moram
2453 3734 2522 3797 et
2542 3726 2842 3799 reditum
2877 3725 2970 3798 ad
3005 3746 3199 3797 suam
3229 3726 3518 3820 permit-

702 3859 996 3923 teremus
1034 3849 1181 3923 fieri
1213 3854 1672 3942 voluntatem,
1727 3861 1797 3923 et
1832 3851 2018 3945 quod
2053 3873 2215 3923 eum
2244 3871 2456 3946 super
2485 3850 2769 3941 objectis
2793 3848 2888 3921 ad
2909 3848 3256 3940 justiciam
3292 3850 3515 3921 nulla-

702 3983 899 4047 tenus
950 3996 1392 4068 cogeremuS,
1446 3975 1715 4048 etiamsi
1754 3974 2165 4048 deberemus
2216 3973 2309 4047 de
2360 3973 2639 4047 offensis
2692 3973 3083 4068 principum
3130 3973 3521 4046 satisfacere

700 4120 819 4192 per
838 4120 967 4171 nos
994 4100 1205 4193 ipsos.
1232 4098 1498 4172 Deinde
1533 4100 1701 4194 quia
1730 4097 1924 4194 apud
1954 4099 2340 4193 Augustam
2376 4097 2470 4171 ad
2496 4098 2756 4170 curiam
2780 4096 3020 4169 venire
3046 4098 3301 4186 noluit,
3343 4120 3523 4193 sup-

700 4222 1117 4316 plicantibus
1144 4224 1346 4296 nobis
1375 4244 1498 4319 pro
1521 4224 1765 4296 iterata
1783 4224 2103 4296 citatione
2121 4244 2248 4295 sua
2266 4222 2519 4295 dilecto
2544 4220 2858 4318 principe
2880 4230 3111 4294 nostro
3142 4222 3519 4294 venerabili

700 4346 1226 4440 Salzeburgensi
1263 4347 1780 4443 archiepiscopo
1816 4359 1888 4421 et
1911 4348 2091 4440 aliis,
2125 4347 2403 4420 nunciis
2436 4346 2580 4419 suis
2607 4341 2868 4443 et[iam]
2899 4346 3415 4442 acceptantibus
3446 4356 3523 4420 ut

784 4521 869 4601 (a)
909 4524 1072 4585 Haec
1100 4542 1139 4585 a
1164 4525 1346 4586 verbo
1372 4523 1605 4606 afflictos
1631 4528 1692 4586 ln
1718 4526 2016 4589 codicibus
2044 4534 2159 4587 202
2187 4532 2249 4587 et
2274 4534 2391 4587 455
2420 4525 2654 4586 desunt.

786 4627 869 4709 (b)
911 4629 983 4690 In
1008 4631 1258 4692 codicib.
1287 4633 1645 4714 conjuqatas.

789 4735 861 4816 (c)
904 4739 1025 4816 Ap.
1059 4739 1221 4801 Petr.
1252 4741 1327 4801 ds
1352 4741 1488 4804 Vin.
1520 4739 1688 4820 (edit.
1719 4743 1795 4804 ds
1817 4740 1995 4823 1566)
2013 4742 2210 4823 etipsa
2233 4738 2613 4823 comparandi
2639 4761 2661 4799 .·
2694 4741 2857 4820 quod
2877 4757 3052 4804 sensu
3077 4743 3320 4804 omnino
3347 4749 3517 4803 caret.
