4500 5956
654 735 929 855 ,ιθ-511.

701 1056 872 1133 julio.
1040 1051 1296 1113 Melflae.

647 1352 919 1423 augusto.
1045 1336 1299 1400 Melflae.

645 1642 915 1714 augusto.
1041 1626 1298 1688 Memno.

688 2126 723 2177 9
749 2134 891 2197 aug.
1040 2108 1296 2170 Melflae.

673 2799 745 2852 19
768 2798 916 2868 sept.
1034 2786 1293 2849 Melfiae.

706 3285 855 3356 sept.
1002 3357 1009 3362 ἢ
1041 3272 1297 3336 Melflae.

707 3673 855 3743 sept.
1037 3660 1310 3742 Melssae.j,

705 4055 856 4129 sept.
1036 4047 1288 4111 Mclflae.

680 4434 875 4519 [sept-J

1564 533 1815 592 INDEX
1863 533 2559 597 DOCUMENTORUM.
3355 538 3475 600 967

1501 860 1699 922 ilnnat
1724 864 2096 941 privilegium
2121 865 2400 925 Friderici
2432 866 2462 923 Ι
2490 868 2585 925 avi
2612 867 2704 926 sui
2732 868 2920 928 eidem
2947 869 3301 928 monasterio
3326 883 3481 928 anno

1511 967 1684 1030 1185,
1711 968 1782 1019 19
1803 961 2174 1037 septembris,
2199 978 2560 1022 concessum.
3368 974 3480 1025 870

1421 1085 1503 1101 -
1540 1057 1836 1133 Volqulno
1880 1059 2159 1134 magistro
2199 1058 2447 1118 fratrum
2483 1060 2725 1120 militiae
2754 1062 2967 1123 Christi
2994 1062 3307 1122 confirmat
3330 1063 3482 1121 etin

1500 1168 1671 1212 suam
1712 1156 2131 1229 protectionem
2176 1156 2381 1231 recipit
2422 1158 2811 1230 possessiones
2834 1158 3058 1217 ordinis
3094 1159 3157 1217 ln
3192 1158 3442 1218 Livonia
3457 1199 3475 1227 ,

1501 1248 1770 1308 Lettonia
1786 1294 1803 1321 ,
1834 1250 1999 1310 00801
2016 1295 2031 1319 ,
2055 1252 2368 1328 Esthonia,
2393 1253 2714 1313 Kurlandia
2738 1260 2799 1313 et
2827 1254 3182 1331 Semigallia.
3365 1262 3479 1314 375

1420 1375 1503 1388 -
1540 1345 1912 1405 Theodorum
1962 1345 2233 1406 abbatem
2283 1347 2627 1407 Lutrensem
2673 1352 2738 1409 111
2780 1352 3061 1410 comitatu
3107 1332 3482 1427 Burfgundiae

1500 1442 1870 1517 capellanum
1897 1443 2066 1502 aulae
2095 1444 2410 1519 imperialis
2436 1443 2770 1519 denuntiat,
2801 1462 3053 1523 eumque
3077 1462 3215 1506 cum
3238 1445 3482 1505 ecclesia

1501 1537 1632 1610 ejus
1659 1534 1771 1595 sub
1797 1539 2158 1611 protectione
2182 1553 2292 1597 sua
2319 1539 2548 1614 recipit.
3363 1548 3478 1600 379

1419 1663 1502 1674 -
1542 1630 1866 1692 Confirmat
1907 1636 2254 1694 sententiam
2281 1651 2319 1693 a
2354 1634 2666 1695 Benedicto
2706 1637 2975 1713 episcopo
3002 1636 3352 1697 Massiliensi
3391 1638 3480 1697 la-

1501 1734 1623 1787 tam
1663 1745 1840 1805 super
1879 1731 2282 1790 controversia
2309 1733 2463 1791 inter
2487 1732 2907 1809 Baymundum
2933 1733 3343 1811 Berengerium
3377 1751 3482 1793 co-

1502 1828 1704 1886 mitem
1749 1828 2090 1888 Provinciae
2130 1836 2190 1887 et
2234 1829 2571 1889 Nicolinum
2609 1828 2945 1906 Aycardum
2970 1830 3284 1906 syndicum
3311 1831 3484 1890 villae

1504 1924 1925 1983 vicecomitalis
1962 1925 2262 1985 Massiliae
2299 1928 2521 2003 agitata
2559 1926 2635 1986 de
2671 1925 3042 1986 cautionibus
3069 1926 3259 1986 eidem
3285 1927 3484 1986 comiti

1503 2020 1896 2096 praestandis.
3367 2032 3481 2084 380

1421 2150 1503 2164 -
1540 2118 1828 2195 Magistro
1882 2119 2140 2179 Benrico
2200 2119 2535 2180 Coloniensi
2588 2120 2926 2180 commodat
2972 2120 3482 2180 transcribendum

1501 2230 1680 2275 suum
1725 2216 2024 2293 exemplar
2060 2215 2591 2277 Abbreviationum
2617 2217 2956 2277 Avicennae
2990 2217 3076 2276 De
3108 2214 3481 2291 animalibus,

1499 2328 1537 2371 a
1563 2312 1850 2374 Michaele
1876 2313 2050 2374 Scoto
2074 2314 2450 2373 translatum.
3368 2324 3478 2375 881

1418 2440 1500 2452 -
1540 2407 1841 2487 Magistris
1876 2412 1937 2469 in
1969 2410 2338 2487 philosophia
2372 2410 2719 2470 docentibus
2743 2409 2924 2469 libros
2950 2409 3236 2486 quosdam
3260 2426 3484 2470 sermo-

1497 2506 1685 2566 niales
1711 2512 1771 2565 et
1798 2507 2244 2567 mathematicos
2271 2506 2348 2566 ab
2375 2505 2686 2579 Aristotele
2710 2506 2958 2583 aliisque
2984 2504 3344 2582 philosophis
3371 2504 3484 2565 sub

1499 2604 1726 2679 graecis
1769 2609 1831 2663 et
1876 2603 2126 2664 arabicis
2169 2603 2474 2663 vocabulis
2508 2605 2864 2679 conscriptos
2882 2643 2900 2675 ‚
2926 2617 3087 2661 nunc
3123 2603 3189 2661 in
3224 2601 3481 2661 latinum

1496 2700 1626 2774 ipso
1651 2705 1895 2759 curante
1921 2701 2271 2776 translatos,
2300 2699 2506 2758 mittit.
3364 2707 3479 2758 383

1419 2824 1497 2839 -
1536 2795 1786 2855 Mandat
1811 2796 2077 2869 Qualllae
2102 2796 2177 2855 de
2202 2796 2473 2855 Gorzano
2513 2799 2582 2854 ut
2613 2793 2844 2853 studeat
2873 2809 3217 2869 componere
3241 2793 3484 2854 dissen-

1497 2894 1719 2952 tionem
1746 2898 1935 2952 ortam
1964 2896 2118 2953 inter
2145 2894 2418 2953 comitem
2445 2893 2790 2952 Provinciae
2817 2896 2878 2951 et
2901 2892 3290 2951 Massilienses
3306 2935 3325 2969 ,
3350 2893 3486 2952 Bal-

1499 3004 1702 3049 censes
1747 2995 2121 3066 caeterosque
2137 3033 2156 3068 ,
2200 3006 2276 3049 ne
2326 2988 2481 3048 idem
2527 3005 2722 3049 comes
2768 2991 2996 3066 justam
3040 2990 3483 3048 excusationem

1497 3084 1716 3145 habeat
1759 3102 1881 3145 non
1930 3086 2206 3146 veniendi
2245 3102 2353 3162 pro
2396 3085 2734 3146 defensione
2773 3086 3109 3161 patrimonii
3153 3085 3310 3145 beati
3356 3085 3483 3146 Pe-

1496 3183 1598 3242 tri.
3191 3197 3192 3200 ’
3365 3193 3480 3245 386

1417 3315 1500 3328 -
1539 3280 1967 3341 Monasterium
1997 3280 2368 3341 Carbonense
2407 3283 2471 3340 in
2515 3281 2764 3341 dioecesi
2790 3281 3151 3358 Anglonensi
3177 3297 3314 3340 cum
3342 3298 3485 3341 om—

1497 3380 1676 3439 nibus
1716 3377 1887 3438 bonis
1930 3380 2062 3454 ejus
2104 3377 2216 3437 sub
2253 3395 2362 3438 sua
2409 3381 2770 3455 protectione
2816 3380 3054 3455 recipit,
3090 3380 3261 3455 eique
3302 3378 3486 3440 donat

1498 3478 1887 3535 tenimentum
1916 3473 2216 3550 quoddam
2262 3474 2339 3535 de
2378 3475 2653 3534 demanio
2696 3491 2804 3535 suo
2844 3477 2907 3533 in
2934 3475 3225 3535 Policorio
3251 3491 3483 3535 necnon

1498 3577 1847 3649 potestatem
1876 3570 2136 3630 habendi
2161 3569 2338 3630 libere
2365 3570 2601 3631 barcam
2618 3586 2796 3631 unam
2814 3573 2876 3629 in
2893 3571 3140 3630 flumine
3158 3571 3318 3630 Acri.
3365 3579 3478 3631 387

1420 3702 1498 3714 -
1540 3670 1610 3729 In
1638 3669 1884 3729 ecclesia
1911 3667 2253 3726 Altamurae
2288 3684 2326 3726 a
2371 3684 2435 3726 se
2468 3671 2697 3727 noviter
2739 3667 2988 3728 fundata
3025 3668 3378 3727 Riccardum
3405 3669 3480 3728 de

1498 3765 1835 3827 Brundusio
1860 3763 2434 3840 archipresbyterum
2462 3765 2750 3841 instituit,
2776 3769 2838 3824 et
2869 3763 3135 3824 eamdem
3174 3765 3479 3825 ecclesiam

1497 3863 1573 3923 ab
1595 3865 1755 3924 omni
1776 3862 2187 3939 jurisdictione
2225 3861 2540 3936 episcopali
2564 3862 2801 3933 eximit,
2830 3862 3137 3921 collatione
3163 3861 3476 3939 archipres-

1496 3958 1803 4037 byteratus
1832 3957 1942 4018 sibi
1971 3962 2032 4017 et
2056 3956 2492 4016 successoribus
2514 3958 2638 4016 suis
2663 3962 2980 4018 reservata.
3362 3965 3476 4018 889

1420 4084 1496 4099 -
1537 4052 1632 4112 Ad
1681 4052 2169 4128 supplicationem
2219 4049 2501 4126 Volquinl
2546 4051 2810 4128 maglstri
2857 4051 3100 4109 militiae
3147 4048 3366 4111 Christi
3418 4053 3482 4111 in

1496 4149 1775 4222 Livonia‚
1809 4164 1944 4208 eum
1991 4154 2051 4207 et
2093 4145 2303 4206 fratres
2346 4150 2477 4222 ejus
2512 4162 2651 4206 cum
2681 4145 2955 4206 omnibus
2987 4145 3158 4206 bonis
3181 4162 3385 4206 eorum
3412 4148 3477 4206 in

1494 4245 1748 4306 Livonia
1763 4287 1782 4317 ,
1812 4244 2006 4304 Lettia
2023 4285 2042 4315 ,
2078 4243 2263 4304 osilia
2301 4247 2363 4301 et
2388 4244 2558 4302 terris
2593 4241 2811 4303 ibidem
2837 4244 3157 4320 expressis,
3185 4241 3299 4302 sub
3325 4258 3475 4319 pro-

1494 4344 1748 4404 tectione
1775 4357 1884 4402 sua
1909 4346 1972 4401 et
1995 4342 2226 4417 imperii
2250 4341 2479 4414 recipit.
3359 4345 3476 4398 940

1283 4479 1301 4500 .
1417 4469 1496 4486 --
1534 4438 1932 4499 Januensibus
1976 4436 2177 4496 scribit
2219 4452 2285 4496 se
2328 4450 2532 4496 eorum
2578 4436 2820 4495 nuntios
2862 4434 3111 4512 benigne
3157 4435 3475 4511 recepisse,

1495 4535 1856 4612 oriensisque
1882 4536 2208 4611 praeteritis
2234 4534 2520 4608 remissis,
2551 4533 2880 4593 Januenses
2912 4535 3018 4609 qui
3056 4529 3484 4592 custodieban-

1493 4634 1682 4692 turin
1712 4647 1895 4710 reguo
1921 4648 2031 4691 suo
2057 4636 2116 4690 et
2140 4646 2234 4691 res
2259 4646 2464 4691 eorum
2489 4636 2693 4707 captas
2717 4629 2952 4691 liberari
2971 4632 3239 4708 jussisse.
3367 4637 3475 4691 891
