4500 5956
528 597 731 657 lamet.
764 591 851 674 7.]
1427 587 1828 649 HISTORIA
1879 584 2474 648 DIPLOMATICA.
3242 590 3363 652 663

530 730 818 804 ecclesie
846 748 940 800 ex
978 726 1262 816 antiquo
1298 724 1708 816 pertinuisse
1744 724 2200 816 dignoscitur,
2238 724 2529 816 imperio
2567 722 2845 792 duxerit
2885 724 3309 794 retinendam
3333 780 3353 816 ‚

530 852 864 948 promisso
886 850 1018 944 ipsi
1052 837 1340 919 ecclesie
1362 848 1772 942 competenti
1800 856 2106 918 restauro
2124 900 2144 936 ,
2182 848 2361 916 sicut
2381 868 2471 916 ex
2497 846 2853 940 privilegio
2871 868 2997 918 suo
3021 852 3277 942 patet&
3297 850 3349 944 )‚

526 976 718 1070 quod
754 984 821 1046 et
858 996 984 1044 nos
1016 972 1354 1043 duximus
1380 970 1947 1064 approbandum3
1990 992 2114 1040 nos
2138 992 2262 1064 pro
2294 972 2509 1040 salute
2539 970 2755 1062 ipsius
2791 971 2999 1062 patris
3039 974 3247 1040 nostri
3277 996 3357 1042 ac

530 1110 792 1188 nostra,
838 1100 910 1168 ,in
946 1108 1210 1192 partem
1246 1096 1534 1166 restauri
1570 1096 2016 1180 contulimuffi
2064 1096 2475 1166 tradidimus
2511 1106 2577 1164 et
2614 1094 3027 1164 donavimus
3055 1096 3355 1188 predicte

528 1224 816 1294 ecclesie
868 1232 936 1292 et
984 1220 1334 1292 canonicis
1372 1222 1524 1310 ejus
1552 1222 1670 1310 jus
1712 1230 2110 1312 patronatus
2152 1218 2475 1312 parochie
2523 1220 2749 1288 Sancti
2803 1220 3003 1288 Blasii
3059 1222 3352 1292 Northu-

528 1346 746 1416 sensis
782 1354 850 1416 et
878 1344 1216 1437 quicquid
1232 1344 1410 1436 juris
1436 1344 1798 1438 imperium
1832 1354 1900 1416 et
1944 1366 2070 1414 nos
2106 1344 2483 1412 habuimus
2513 1344 2583 1410 in
2621 1342 2899 1426 eadem,
2943 1352 3019 1412 ut
3047 1344 3353 1416 decanus

528 1482 592 1540 et
646 1470 1022 1564 capitulum
1072 1470 1346 1562 plenam
1390 1478 1458 1538 et
1512 1468 1798 1538 liberam
1856 1468 2158 1538 habeant
2208 1468 2597 1536 facultatem
2651 1466 3017 1538 ordinandi
3071 1468 3159 1538 de
3201 1468 3351 1560 ipsa

530 1594 852 1686 parochia
888 1594 1224 1686 quicquid
1264 1594 1598 1686 placuerit
1628 1592 1968 1662 voluntati
1994 1612 2266 1678 eorum,
2310 1590 2459 1660 sive
2505 1590 2847 1660 voluerint
2887 1590 2977 1660 ad
3023 1614 3355 1682 augmen-

532 1726 670 1786 tum
688 1714 1198 1810 prebendarum
1226 1738 1508 1786 suarum
1542 1724 1940 1786 convertere
1958 1714 2220 1784 fructus
2252 1716 2431 1804 ejus,
2461 1714 2611 1784 sive
2625 1714 2713 1786 ad
2735 1736 2901 1784 usus
2921 1714 3117 1804 alioS,
3151 1728 3354 1808 prout

530 1840 654 1912 sibi
690 1840 994 1910 viderint
1018 1840 1374 1932 expedire.
1416 1840 1502 1908 Ut
1530 1838 1740 1928 igitur
1772 1840 1900 1908 hec
1930 1848 2160 1910 nostra
2194 1836 2473 1910 donatio
2521 1838 2823 1908 debitam
2857 1848 2923 1906 et
2951 1848 3353 1932 perpetuam

530 1964 826 2034 obtineat
858 1962 1286 2052 firmitatem,
1348 1970 1736 2056 presentem
1786 1964 2106 2056 paginam
2158 1960 2324 2032 inde
2383 1962 2835 2052 conscriptam
2887 1962 3089 2052 sigilli
3143 1963 3355 2032 nostri

532 2088 950 2181 appensione
1000 2088 1288 2158 fecimus
1328 2088 1778 2172 communiri;
1832 2086 1966 2156 sub
2002 2086 2284 2156 obtentu
2322 2086 2539 2177 gratie
2589 2094 2817 2156 nostre
2849 2084 3129 2156 firmiter
3177 2088 3357 2156 inhi-

532 2211 760 2283 bentes
794 2233 884 2283 ne
920 2213 1058 2283 ulla
1086 2233 1380 2305 persona
1416 2215 1551 2283 alta
1586 2213 1695 2283 vel
1706 2263 3341 2283 .....................

618 2459 866 2531 Actum
902 2481 1086 2533 anno
1116 2461 1384 2531 Domini
1418 2461 1512 2531 M.
1542 2461 1664 2531 CC.
1700 2461 1982 2531 XXXIV
2018 2459 2152 2553 (2).

628 2977 1034 3087 HenricUS,
1074 2981 1592 3065 Romanorum
1634 3010 1804 3089 rex,
1850 2983 2401 3091 Thegenhardo
2449 2983 2859 3089 imperialis
2907 2985 3125 3065 aulae
3169 3013 3357 3093 pro-

530 3113 896 3195 tonotario
962 3123 1038 3193 et
1092 3115 1566 3197 vicedomino
1620 3115 2256 3223 Magdeburgensi
2314 3115 2659 3223 indulget
2709 3117 3143 3197 facultatem
3199 3119 3352 3199 eli—

530 3245 746 3351 gendi
788 3247 1244 3329 advocatum
1284 3275 1514 3357 quem
1544 3249 1868 3329 voluerit
1904 3249 2284 3331 bonorum
2326 3249 2403 3327 in
2437 3249 2789 3331 Guzstein
2827 3277 3157 3359 quorum
3195 3251 3353 3359 ipse

528 3379 862 3481 provisor
910 3381 1199 3487 existit,
1242 3393 1316 3463 et
1362 3383 1758 3463 exercendi
1816 3383 2158 3463 bannum
2220 3383 2519 3491 regium
2557 3383 2877 3487 ibidem,
2931 3411 3171 3491 quum
3211 3385 3353 3491 ipsi

530 3521 594 3589 et
628 3513 984 3595 ecclesiae
1038 3515 1678 3623 Magdeburgensi
1718 3515 1796 3593 id
1836 3515 2178 3595 bannum
2220 3517 2597 3623 pertinere
2635 3517 2837 3595 velit.

676 3699 885 3777 (Edid.
915 3702 1237 3775 honnus,
1267 3700 1649 3783 Allqemeines
1687 3700 1884 3764 archiv
1901 3702 2021 3782 fiir
2048 3702 2141 3764 die
2175 3704 2411 3765 Preuss.
2443 3704 2675 3765 Staates
2701 3702 2907 3781 (1834)
2928 3747 2946 3781 ,
2986 3719 3123 3780 pars
3150 3702 3344 3780 XVI·,

752 3823 817 3882 p.
857 3807 1028 3885 274.)

612 3976 1011 4070 Heinricus,
1087 3980 1209 4052 Dei
1269 3982 1489 4074 gratia
1540 3981 2003 4053 Romanorum
2048 4002 2179 4053 rex
2220 3988 2291 4051 et
2345 4000 2613 4072 semper
2669 3986 3047 4070 augustus,
3102 3976 3351 4050 dilecto

532 4093 692 4170 fideli
734 4122 867 4172 suo
896 4101 1400 4195 Thegenhardo
1428 4104 1804 4200 imperialis
1837 4106 1996 4176 aule
2032 4103 2548 4200 prothonotario
2583 4113 2652 4176 et
2689 4102 3128 4175 vicedomino
3161 4103 3353 4196 Mag·

535 4218 932 4318 deburgensi
955 4227 1249 4320 gratiam
1286 4251 1484 4302 suam
1523 4238 1593 4302 et
1629 4251 1833 4301 omne
1868 4230 2154 4302 bonum.
2200 4228 2373 4300 Cum
2403 4226 3019 4322 Magdeburgensis
3060 4228 3353 4301 ecclesia

595 4506 661 4576 (4)
695 4507 800 4564 vid
818 4523 1012 4581 supra,
1040 4514 1080 4566 t.
1104 4510 1156 4582 1,
1184 4528 1241 4585 p.
1265 4512 1389 4568 807.

599 4600 663 4673 (2)
699 4604 830 4661 Cum
861 4605 1007 4663 nulla
1035 4606 1140 4663 alia
1175 4608 1549 4681 chronologica
1584 4614 1709 4665 nota
1742 4614 2027 4682 appareat,
2069 4607 2313 4664 arbitrari
2349 4608 2476 4665 licet
2508 4608 2611 4665 hoc
2637 4608 2971 4683 privilegium
3000 4608 3140 4683 apud
3168 4607 3352 4663 Alten-

539 4691 661 4771 burg
683 4717 867 4760 mense
885 4703 1042 4776 J'unio
1067 4706 1154 4763 vel
1178 4706 1331 4778 julio,
1355 4708 1497 4764 sicut
1515 4705 1847 4780 praecedens
1869 4706 2269 4778 documentum,
2292 4706 2456 4766 fuisse
2475 4707 2679 4764 datum.

3521 2983 3643 3035 Apud

3453 3037 3687 3087 Altenburg
3703 3065 3715 3087 ,

3497 3093 3523 3131 2
3543 3091 3661 3141 julii.
