4500 5956
657 597 859 659 lnmcr.
891 595 981 673 6.]
1566 590 1958 653 HISTORIA
2008 590 2591 653 DlPLOMATICA.
3375 592 3494 654 597

1477 913 1703 975 Ammo
1758 914 1957 976 1233.
2004 949 2084 962 —
2123 913 2609 975 1ND1CT10NE
2656 914 2715 976 6.

766 1429 1178 1534 HenricuS,
1219 1429 1740 1512 Romanorum
1794 1453 1968 1534 rex,
2009 1427 2376 1510 fratribus
2426 1429 2864 1511 monasterii
2917 1431 3014 1514 de
3056 1428 3488 1518 Brumbach
3557 1445 3864 1550 ωξξξξκῃ,

675 1562 1020 1673 indulget
1059 1574 1147 1645 ut
1181 1589 1305 1645 res
1340 1564 1690 1672 proprias
1723 1588 1861 1669 per
1894 1562 2247 1644 Rhenum
2303 1573 2378 1645 et
2423 1562 2833 1672 Moganum
2872 1589 3006 1646 seu
3042 1592 3176 1674 per
3211 1578 3495 1651 terram
3584 1554 3836 1608 omma

669 1697 829 1779 sine
873 1697 1036 1780 ullo
1093 1722 1441 1806 unquam
1495 1695 1793 1778 teloneo
1845 1696 2218 1778 deducere
2277 1694 2622 1803 possint,
2672 1695 2984 1804 suisque
3026 1698 3495 1783 ministeria-

667 1830 868 1912 libus
911 1831 992 1911 in
1038 1830 1496 1936 Frankfurt,
1541 1827 2016 1938 Oppenheim
2034 1888 2058 1933 ,
2098 1827 2530 1936 Boppardia
2581 1838 2656 1909 et
2707 1829 3126 1912 Wertheim
3182 1835 3497 1917 mandat

669 1975 752 2046 ut
786 1963 987 2045 hanc
1023 1962 1582 2073 indulgentiam
1619 1960 1907 2044 eisdem
1940 1959 2308 2043 fratribus
2344 1972 2815 2042 conservent.

827 2175 1013 2255 (Edit.
1043 2193 1141 2254 ap.
1171 2178 1298 2238 Jos.
1331 2177 1687 2254 AsmAcn,
1707 2172 1900 2236 Gaetu,
1933 2172 2272 2253 derGrasm
2296 2192 2406 2235 von
2445 2173 2772 2249 wertheim,
2804 2192 2940 2253 pars
2959 2178 3038 2250 11,
3069 2178 3493 2261 Urkundenb.,

904 2300 968 2361 p.
993 2292 1094 2356 27,
1122 2293 1190 2343 n·
1215 2283 1408 2361 xx1.)

761 2471 1095 2544 Henricus
1120 2525 1142 2563 ,
1196 2471 1324 2543 Dei
1368 2470 1587 2564 gratia
1620 2471 2086 2542 Romanorum
2139 2490 2267 2541 rex
2304 2478 2374 2541 et
2423 2491 2697 2565 semper
2731 2482 3106 2563 augustus,
3148 2475 3494 2550 universis

669 2594 923 2689 quibus
961 2595 1052 2667 he
1088 2594 1314 2667 littere
1347 2603 1618 2667 ostense
1652 2594 1909 2665 fuerint
1943 2592 2231 2686 gratiam
2271 2614 2467 2665 suam
2501 2603 2571 2665 et
2606 2614 2811 2666 omne
2850 2594 3135 2668 bonum.
3199 2597 3366 2670 Cum
3403 2623 3493 2674 ex

672 2718 918 2789 summi
956 2718 1163 2812 Regis
1192 2717 1472 2791 decreto
1505 2715 1598 2790 ad
1632 2738 1922 2811 regnum
1954 2716 2172 2787 simus
2203 2717 2574 2811 temporale
2604 2718 2870 2807 vocati,
2920 2721 3071 2810 ejus
3097 2740 3223 2792 nos
3255 2723 3494 2796 credi-

672 2864 825 2914 mus
859 2843 1292 2936 beneplacito
1343 2841 1694 2914 deservire
1736 2841 2057 2935 quotiens
2089 2840 2371 2913 servitio
2404 2862 2533 2912 suo
2569 2841 3042 2914 insistentibus
3075 2843 3494 2919 incessanter

671 2967 980 3039 utilitatis
1022 2966 1389 3040 commodo
1434 2964 1910 3061 providemus.
1963 2965 2139 3037 Hinc
2181 2964 2510 3060 estquod
2568 2965 2853 3037 fratrum
2904 2963 2993 3038 de
3037 2966 3492 3044 Brunnebach

670 3113 838 3186 quos
868 3091 1265 3186 specialiter
1294 3091 1667 3185 dignamur
1695 3110 1956 3178 amore,
1988 3089 2311 3183 precibus
2331 3089 2650 3183 pietatem
2668 3090 3190 3184 explorantibus
3210 3095 3494 3169 favora-

671 3214 890 3286 biliter
925 3222 1342 3305 annuentes,
1387 3212 1556 3307 ipsis
1592 3213 1808 3305 regali
1854 3211 2324 3284 munificentia
2361 3210 2804 3304 indulgemus
2840 3222 2917 3283 ut
2953 3212 3043 3287 de
3077 3218 3287 3290 rebus
3320 3243 3492 3314 pro-

671 3339 832 3433 priis
865 3360 1042 3432 quas
1083 3359 1207 3434 per
1239 3337 1458 3410 Rheni
1492 3358 1615 3408 seu
1653 3335 2136 3429 Moguntinum
2171 3335 2449 3407 alveum
2486 3336 2637 3408 sive
2669 3358 2795 3431 per
2835 3349 3084 3410 terram
3126 3340 3495 3420 habuerint

673 3461 1118 3535 deducendas
1151 3462 1302 3534 sive
1338 3461 1586 3533 usibus
1620 3459 1917 3554 propriis
1947 3458 2436 3550 adducendas,
2478 3461 2710 3532 nullus
2745 3460 3103 3536 hominum
3132 3467 3323 3539 nullo
3352 3490 3490 3540 un-

672 3609 871 3681 quam
913 3596 1217 3682 tempore
1251 3586 1643 3658 theloneum
1678 3584 1830 3656 sive
1865 3584 2293 3664 exactionem
2325 3584 2625 3677 aliquam
2661 3595 3074 3679 extorquere
3110 3605 3481 3685 presumat,

672 3712 786 3785 sed
819 3712 910 3785 ab
947 3711 1132 3784 omni
1182 3732 1452 3804 semper
1493 3708 1855 3783 exactione
1892 3708 2170 3804 penitus
2217 3708 2357 3780 sint
2390 3708 2765 3798 immunes;
2824 3732 3003 3803 quos
3031 3713 3236 3785 etiam
3275 3729 3343 3787 et
3378 3739 3489 3790 res

670 3835 974 3930 ipsorum
1007 3844 1076 3907 et
1113 3855 1440 3929 personas
1475 3844 1710 3908 nostre
1744 3835 2067 3907 volumus
2114 3834 2375 3925 jugiter
2425 3834 2865 3928 protectionis
2908 3837 3270 3910 securitate
3315 3862 3488 3933 gau·-

672 3956 850 4031 dere.
890 3959 1027 4031 Res
1063 3969 1294 4031 autem
1313 3959 1600 4048 alienas,
1641 3958 1701 4029 si
1733 3979 1910 4051 quas
1943 3957 2393 4046 deduxerint,
2431 3958 2523 4029 ab
2551 3957 2682 4029 hac
2705 3957 3139 4051 indulgentia
3175 3962 3487 4036 decerni-

673 4102 817 4154 mus
851 4104 1008 4155 esse
1030 4091 1351 4155 remotas.
1380 4081 1592 4155 Vobis
1620 4089 1881 4168 autem,
1915 4081 2240 4153 officiales
2266 4082 2479 4153 nostri
2507 4083 2578 4152 in
2601 4081 2988 4173 Frankfurt,
3029 4083 3482 4182 Oppenheim,

672 4203 999 4301 Popardia
1049 4216 1120 4279 et
1170 4206 1545 4279 Wertheim
1571 4263 1587 4293 ,
1650 4205 1934 4301 speciali
1990 4204 2318 4278 mandato
2373 4204 2801 4298 injungimus
2847 4215 2926 4277 ut
2982 4206 3161 4281 hanc
3224 4210 3487 4287 eisdem

676 4328 991 4402 fratribus
1021 4330 1521 4424 indulgentiam
1547 4328 2035 4403 inviolabiliter
2063 4329 2487 4402 conservetis
2514 4351 2643 4403 nec
2667 4330 2807 4403 ulla
2825 4330 2928 4404 eis
2954 4332 3102 4436 sitis
3127 4337 3489 4412 exactione

680 4455 960 4526 molesti.
1003 4454 1073 4526 Si
1125 4456 1286 4547 quis
1337 4465 1568 4528 autem
1605 4464 1841 4527 contra
1882 4466 2022 4525 tam
2077 4454 2428 4526 liberalem
2470 4466 2699 4528 nostre
2744 4455 3212 4531 munificentie
3255 4461 3487 4533 indul-

683 4579 967 4666 gentiam
999 4578 1241 4651 venire
1276 4578 1802 4677 presumpserit,
1842 4588 2075 4652 nostre
2107 4600 2182 4651 se
2211 4578 2483 4651 noverit
2522 4579 3014 4675 indignationis
3051 4583 3487 4660 animadver-

682 4700 859 4774 sione
893 4702 1366 4798 plectendum.
