4500 5956
602 651 800 710 lucter.
830 647 922 727 8.]
1498 642 1888 704 HISTORIA
1938 637 2519 702 mnonAthA.
3300 628 3419 690 739

601 809 1049 883 absolutionis
1086 806 1486 902 impendas;
1528 806 1890 879 sufficienti
1929 805 2019 877 ab
2046 826 2131 876 eo
2166 804 2361 899 prius
2398 799 2715 873 cautione
2750 805 3021 892 recepta
3052 792 3245 891 quod
3273 795 3413 865 mi-

602 934 834 1007 litibus
875 933 1088 1006 Danis
1132 932 1225 1005 ab
1263 930 1596 1025 obsequio
1630 932 1932 1003 Romane
1978 928 2284 1001 Ecclesie
2331 926 2780 999 redeuntibus
2833 944 3100 995 necnon
3151 921 3413 992 clericis

600 1055 1088 1130 accedentibus
1134 1054 1228 1128 ad
1272 1055 1457 1126 illam
1496 1063 1567 1126 et
1607 1052 2061 1127 redeuntibus
2108 1053 2199 1123 ab
2257 1050 2534 1141 eadem,
2589 1069 2766 1143 quos
2805 1046 2962 1119 fecit
3014 1045 3218 1117 bonis
3265 1043 3412 1116 suis

601 1202 731 1253 non
771 1180 1042 1273 absque
1072 1178 1303 1252 divina
1342 1186 1413 1249 et
1447 1176 1834 1273 Apostolice
1877 1174 2077 1248 Sedis
2125 1174 2376 1266 injuria
2426 1171 2737 1268 spoliari,
2796 1170 3167 1244 satisfaciat
3211 1189 3411 1240 com-

684 1313 930 1376 tenter.

599 1324 945 1500 peDatum
979 1426 1275 1518 Perusii,
1322 1423 1635 1497 kalendis
1659 1402 1973 1516 augusti,
2013 1419 2221 1520 [anno
2260 1416 2406 1518 lX].

705 2005 937 2089 Curia
1001 2004 1492 2087 celeberrima
1564 2004 1644 2085 in
1681 2003 2217 2113 Assumptione
2279 2001 2543 2086 beatae
2612 2001 2890 2085 Mariae
2956 2002 3160 2111 apud
3231 2001 3409 2086 Ma-

608 2139 951 2249 guntiam
1021 2138 1411 2220 indicitur.
1503 2134 1645 2219 Ubi
1716 2137 1873 2220 fere
1959 2135 2318 2220 omnibus
2383 2134 2853 2245 principibus
2925 2136 3141 2246 regni
3212 2135 3420 2219 Teu—

606 2271 830 2354 tonici
875 2271 1541 2376 convenientibuS,
1588 2297 1741 2379 pax
1766 2269 2102 2379 juratur,
2141 2279 2393 2353 vetera
2437 2267 2615 2378 jura
2652 2268 3176 2372 stabiliuntur,
3220 2292 3417 2351 nova

606 2411 1040 2486 statuuntur
1099 2413 1174 2486 et
1227 2403 1638 2487 Teutonico
1692 2428 2039 2486 sermone
2099 2403 2180 2484 in
2223 2403 2673 2485 membrana
2717 2402 2996 2511 scripta
3057 2400 3415 2484 omnibus

605 2535 1088 2643 publicantur
1125 2535 1292 2646 (1);
1331 2562 1684 2619 excessus
1718 2536 1921 2644 regis
1968 2546 2229 2618 contra
2290 2538 2820 2644 imperatorem
2874 2537 3164 2617 cunctis
3228 2560 3417 2642 ape-

604 2668 901 2751 riuntur
946 2666 1100 2779 (2).
1164 2669 1483 2753 Gonsrn.
1538 2668 1802 2751 Conon.
1856 2694 1981 2778 ap.
2031 2668 2420 2777 Boenasa,
2468 2675 2762 2764 Fontes,
2818 2676 2876 2748 t.
2921 2667 3034 2772 ΙΙ,
3072 2692 3151 2775 p.
3222 2669 3407 2750 567.

604 2845 707 2861 —
739 2800 1208 2883 Adveniente
1260 2800 1455 2883 festo
1502 2800 2101 2910 Assumptionis,
2152 2809 2666 2883 convenerunt
2725 2799 3101 2909 principes
3152 2825 3246 2880 ex
3287 2798 3418 2879 di-

604 2933 833 3016 versis
869 2933 1214 3043 partibus
1258 2933 1723 3018 Theutoniae
1776 2934 1981 3043 apud
2033 2932 2504 3044 Moguntiam
2559 2958 2804 3043 usque
2865 2933 2964 3017 ad
3017 2931 3415 3016 duodecim

603 3066 841 3150 millia
873 3067 1233 3150 militum.
1275 3070 1541 3150 Annal.
1582 3067 1994 3177 Arqentin„
2039 3067 2356 3173 Ibidem,
2394 3077 2452 3148 t.
2495 3066 2639 3172 111,
2678 3093 2758 3175 p.
2806 3061 2986 3148 109.

2627 3274 2712 3281 ⁹——

669 3401 740 3472 (1)
774 3399 1123 3458 Membranae
1150 3400 1454 3474 hujusmodi
1485 3400 1776 3458 Teutonico
1817 3415 2066 3458 sermone
2097 3406 2225 3457 tunc
2250 3402 2587 3474 conscriptae
2638 3400 2884 3476 exempla
2924 3403 3067 3460 nulla
3096 3409 3416 3478 supersunt3

604 3504 658 3556 at
689 3499 865 3572 capita
899 3499 1291 3558 constitutionis
1319 3500 1507 3557 ordine
1542 3500 1701 3574 paulo
1726 3500 1942 3558 diverso
1976 3499 2049 3556 ibi
2074 3500 2330 3557 collocata
2356 3501 2546 3572 fuisse,
2573 3501 2698 3559 inde
2716 3501 2943 3560 fortasse
2969 3502 3234 3576 conjicere
3258 3503 3418 3561 liceat

603 3596 743 3669 quod
769 3602 951 3653 textus
980 3597 1271 3654 Teutonico
1301 3612 1549 3654 sermone
1583 3597 1845 3671 scriptus,
1883 3596 2210 3669 ubicumque
2236 3613 2343 3655 non
2384 3599 2559 3655 solum
2583 3599 2936 3672 posteriorum
2955 3601 3421 3659 constitutionibus

602 3693 984 3767 imperatorum
1025 3693 1300 3764 inseritur,
1331 3693 1428 3751 sed
1472 3695 1652 3751 seculo
1684 3695 1786 3753 XV
1826 3711 1858 3751 e
1889 3694 2054 3752 latino
2092 3695 2380 3753 translatus
2423 3697 2686 3766 occurrit,
2732 3697 2918 3753 eodem
2958 3696 3150 3755 ordine
3188 3698 3419 3754 habetur

602 3807 761 3864 quem
784 3791 922 3847 intra
950 3792 1004 3846 in
1033 3792 1224 3849 edictis
1248 3792 1316 3849 de
1343 3794 1414 3851 25
1431 3791 1551 3865 julii
1579 3794 1740 3862 1281,
1765 3792 1834 3848 de
1860 3795 1928 3849 18
1951 3791 2253 3849 decembris
2279 3795 2438 3862 1281,
2458 3794 2525 3849 de
2553 3794 2620 3849 24
2650 3793 2824 3850 martii
2852 3794 3012 3863 1287,
3037 3794 3104 3850 de
3129 3798 3163 3852 2
3188 3795 3418 3852 octobris

606 3890 739 3946 1292
771 3894 828 3945 et
868 3889 997 3945 anni
1043 3892 1182 3945 1303
1224 3889 1484 3947 invenies.
1521 3890 1726 3945 Pertzii
1747 3890 2174 3961 animadversio,
2205 3906 2263 3963 p.
2291 3893 2415 3945 312.
2441 3919 2515 3933 -
2538 3890 2766 3947 Textum
2802 3906 2931 3948 vero
2973 3890 3353 3947 Germanicum
3385 3908 3418 3946 a

599 3984 1066 4043 constitutionibus
1093 3984 1303 4043 Rudolfl
1324 4028 1338 4057 ,
1366 3983 1540 4043 Adolfi
1576 3991 1633 4042 et
1655 3984 1859 4043 Alberti
1882 3987 2182 4055 diversum,
2220 3986 2337 4043 sive
2370 3985 2583 4059 abipso
2622 3983 2866 4059 exemplo
2908 3985 3034 4042 anni
3072 3988 3213 4043 1235
3243 3987 3359 4045 sive
3387 4003 3421 4045 a

601 4087 744 4139 textu
779 4082 941 4140 latino
981 4083 1311 4153 derivatum,
1356 4081 1425 4140 cl.
1472 4082 1557 4140 vir
1601 4082 1688 4140 ille
1725 4082 1902 4140 denuo
1948 4083 2228 4157 proposuit
2268 4082 2406 4138 inter
2439 4081 2720 4153 Αάἀωιάα,
2752 4088 2791 4138 t.
2830 4083 2920 4154 IV,
2950 4099 3008 4156 p.
3041 4084 3297 4142 571-582.
3336 4083 3416 4141 Ct'.

600 4177 923 4250 Gar-rma,
953 4182 1029 4237 De
1051 4181 1285 4254 Epocha,
1312 4187 1444 4251 etc„
1476 4197 1565 4255 ap.
1597 4182 1890 4239 comment.
1922 4183 2159 4255 Gottiny.
2178 4226 2193 4253 ,
2220 4197 2364 4239 anno
2389 4183 2548 4251 1780,
2575 4198 2628 4254 p.
2666 4183 2756 4240 26.
2793 4179 3165 4239 Schonemann
3192 4182 3421 4256 (system

598 4273 691 4333 der
715 4278 952 4351 Diplom.
968 4320 983 4348 ,
1014 4284 1059 4334 t.
1088 4279 1143 4349 1,
1178 4295 1235 4352 p.
1266 4278 1408 4350 300)
1436 4277 1562 4335 huic
1597 4279 1831 4353 opinioni
1857 4279 2173 4337 adversatur
2197 4294 2306 4352 qua
2330 4277 2547 4352 quidam
2594 4277 2956 4350 Moguntinam
2991 4279 3423 4338 constitutionem

601 4373 697 4431 sub
721 4374 897 4449 prima
919 4381 977 4432 et
995 4375 1243 4448 originali
1269 4376 1438 4433 forma
1454 4376 1745 4435 Teutonico
1767 4392 2013 4435 sermone
2037 4376 2292 4452 scriptam
2316 4377 2480 4434 fuisse
2505 4375 2863 4433 crediderunt.

667 4471 744 4544 (2)
779 4471 932 4529 Tunc
957 4472 1215 4547 temporis
1243 4474 1540 4531 Henricum
1564 4490 1632 4532 ex
1673 4475 1941 4533 sententia
1975 4474 2279 4549 principum
2312 4475 2460 4547 regia
2496 4479 2759 4549 potestate
2785 4473 3098 4532 destitutum
3122 4473 3289 4533 fuisse
3320 4489 3422 4532 ar-

603 4563 882 4625 bitramur.
921 4569 1024 4642 Ap.
1064 4571 1322 4643 luricam,
1353 4570 1654 4629 Miscellan.
1673 4613 1689 4643 ,
1722 4578 1764 4628 t.
1793 4573 1869 4643 11,
1896 4588 1952 4644 p.
1982 4575 2245 4643 122-123,
2274 4573 2429 4630 adest
2458 4573 2725 4646 quoddam
2768 4573 3183 4630 instrumentum
3221 4571 3315 4630 ubi
3352 4573 3422 4630 ad

606 4662 799 4720 calcem
832 4665 971 4722 haec
1006 4665 1293 4737 singularis
1333 4672 1461 4725 nota
1491 4666 1682 4741 legitur
1713 4685 1727 4723 ι
1758 4687 1787 4722 «
1809 4668 1942 4724 Acta
1972 4674 2098 4725 sunt
2124 4667 2224 4723 hec
2254 4666 2524 4724 Friderico
2555 4667 2876 4740 imperatore
2908 4667 3071 4723 filium
3096 4682 3254 4726 suum
3278 4681 3310 4723 a
3336 4667 3420 4724 sui

605 4761 743 4833 regni
771 4761 904 4820 solio
927 4762 1276 4822 destituente.
1308 4783 1335 4818 a
1358 4764 1440 4824 Ct'.
1470 4764 1777 4838 Gsoaoms,
1815 4763 2022 4839 Uffenh.
2049 4763 2436 4836 Nebenstuna„
2462 4771 2503 4822 t.
2535 4766 2580 4836 1,
2603 4780 2660 4837 p.
2686 4766 2812 4835 205,
2842 4769 2988 4822 nota.

3494 2020 3546 2064 1⁶
3568 2021 3767 2075 sunau.
