4500 5956
571 658 761 717 [amer.
796 657 882 732 9.]
1465 657 1862 718 HISTORIA
1912 655 2495 717 mPLOMA'rch.
3271 656 3389 719 857

569 791 625 863 si
651 812 899 864 manus
926 791 997 862 in
1023 812 1174 863 eam
1213 793 1482 865 mittere
1519 793 1884 887 potuisset,
1923 792 2139 863 ubera
2165 793 2317 881 ejus
2352 791 2595 861 infelix
2631 790 2838 863 homo
2875 791 3229 886 precidere
3249 792 3382 863 mi-

568 913 881 985 nabatur.
920 915 1008 987 Et
1055 915 1187 986 nisi
1220 915 1312 987 ad
1356 925 1424 988 te
1459 915 1785 988 dilectum
1822 915 2202 1009 principem
2244 925 2553 986 nostrum
2607 925 2675 986 et
2713 915 2988 987 affinem
3025 915 3376 989 habuisset

568 1037 991 1131 confugium,
1022 1060 1179 1110 cum
1211 1040 1495 1111 consilio
1530 1051 1649 1112 tuo
1673 1037 2109 1134 postmodum
2132 1037 2225 1110 ad
2249 1038 2655 1132 presentiam
2679 1047 2978 1110 nostram
3005 1038 3370 1131 accedens,

568 1179 701 1230 non
737 1158 1020 1234 haberet
1057 1162 1176 1234 ubi
1214 1173 1423 1256 caput
1455 1171 1641 1235 tante
1669 1160 2040 1234 nobilitatis
2075 1160 2358 1233 domina
2384 1161 2779 1250 reclinaret;
2837 1183 2975 1254 que
3008 1161 3376 1256 lachrymis

570 1283 756 1376 apud
788 1285 1010 1357 Deum
1047 1294 1116 1356 et
1147 1306 1274 1357 nos
1315 1285 1610 1358 clamore
1641 1285 1967 1357 continuo
2000 1284 2326 1376 querula,
2371 1302 2511 1354 non
2568 1291 2789 1355 cessat
2834 1283 3180 1373 justiciam
3241 1285 3375 1356 sibi

570 1403 902 1479 adversus
931 1418 1072 1479 tam
1110 1408 1502 1502 improbum
1528 1408 1749 1480 filium
1779 1408 2167 1502 implorare.
2191 1407 2334 1478 Nec
2361 1428 2729 1501 possumus
2754 1407 3023 1480 silentio
3051 1410 3377 1503 preterire

567 1531 860 1622 qualiter
887 1531 1351 1605 marchionem
1381 1532 1822 1623 Misnensem,
1850 1532 1982 1602 sibi
2016 1552 2247 1604 sorore
2266 1552 2395 1603 sua
2422 1531 2668 1627 nuptui
2699 1530 2970 1621 tradita,
3002 1541 3072 1603 et
3103 1533 3174 1603 in
3199 1542 3377 1605 terra

570 1674 692 1725 sua
730 1657 992 1749 nuptiis
1030 1656 1421 1744 celebratis,
1466 1677 1624 1727 cum
1662 1655 1886 1751 prima
1930 1654 2105 1727 thori
2150 1653 2410 1747 gaudia
2454 1654 2809 1744 coluisset,
2863 1675 3229 1748 aggressus
3272 1666 3377 1729 est

568 1797 684 1849 eos
721 1778 791 1848 in
830 1779 1003 1850 lecto
1035 1779 1262 1852 nudos
1298 1787 1369 1851 et
1412 1800 1696 1872 surgere
1733 1797 1870 1849 non
1919 1777 2258 1871 permisit,
2314 1776 2535 1848 donec
2580 1798 2699 1848 eos
2743 1777 2812 1845 in
2862 1777 3184 1848 manibus
3223 1779 3377 1869 ejus

568 1922 838 1974 omnem
866 1901 1092 1973 dotem
1132 1912 1200 1973 et
1228 1904 1348 1994 jus
1379 1901 1470 1974 de
1501 1902 1759 1994 quibus
1795 1901 2155 1973 tenebatur
2204 1901 2306 1971 eis
2350 1920 2473 1994 pro
2527 1899 2884 1993 maritagio
2919 1901 3369 1995 respondere,

568 2028 870 2119 oportuit
922 2027 1307 2099 necessario
1354 2027 1732 2115 remisisse,
1788 2033 2022 2098 contra
2067 2025 2502 2096 securitatem
2547 2025 2688 2094 sibi·
2725 2025 3127 2118 promissam
3182 2027 3376 2119 quod

565 2147 822 2220 nullam
857 2149 1139 2223 deberet
1169 2150 1271 2223 eis
1308 2151 1706 2245 petitionem
1742 2151 1965 2222 facere
2000 2149 2113 2221 vel
2148 2149 2615 2220 remissionem
2651 2148 2953 2242 aliquam
2986 2152 3369 2243 postulare3

568 2281 749 2344 metu
781 2273 1062 2368 insuper
1092 2275 1368 2346 incusso
1404 2273 1507 2367 (a)
1547 2273 2104 2344 ministerialibus
2149 2273 2296 2344 suis
2338 2271 2528 2366 quod
2567 2273 2799 2343 nullus
2846 2271 3197 2362 evaderet,
3241 2274 3373 2346 nisi

564 2396 897 2489 quicquid
923 2397 1211 2491 petierat
1235 2398 1728 2491 compleretur;
1758 2405 1837 2467 ut
1866 2396 1999 2467 sibi
2036 2405 2106 2467 et
2136 2396 2291 2468 aliis
2314 2396 2462 2468 suis
2488 2395 2748 2466 intimis
2769 2405 3159 2491 persecutor
3185 2407 3254 2468 et
3277 2407 3378 2493 ty·

563 2540 819 2592 rannus
833 2519 922 2592 ab
936 2521 1256 2593 omnibus
1283 2521 1355 2592 in
1377 2521 1725 2593 communi
1746 2539 2027 2614 operum
2041 2520 2308 2611 judicio
2331 2530 2743 2591 censeretur.
2763 2519 3031 2604 Quibus
3054 2521 3374 2594 omnibus

563 2644 888 2735 lacessiti,
932 2666 1087 2716 cum
1111 2653 1298 2716 tanta
1322 2645 1412 2715 sit
1444 2645 1662 2740 ipsius
1694 2643 2023 2738 iniquitas
2047 2641 2237 2737 quod
2261 2664 2396 2715 non
2425 2643 2640 2739 possit
2675 2642 2951 2714 veniam
2974 2645 3368 2737 promereri,

561 2766 650 2839 ad
686 2778 784 2841 tot
816 2768 1293 2862 queremonias
1329 2767 1723 2862 principum
1762 2767 1834 2838 in
1860 2776 2092 2839 nostra
2129 2766 2473 2860 presentia
2506 2765 2891 2860 replicatae,
2930 2764 3022 2837 ad
3060 2767 3376 2859 querelas

558 2900 625 2962 et
655 2893 1041 2988 lachrymas
1071 2893 1309 2964 matris
1338 2913 1465 2964 sue
1488 2891 1781 2987 petentis
1803 2890 1893 2963 de
1920 2899 2148 2963 nostra
2178 2889 2346 2962 sede
2371 2889 2752 2982 judicium,
2787 2889 2880 2960 ad
2911 2887 3376 2985 lachrymosas

558 3037 762 3090 voces
806 3018 1136 3090 nobilium
1196 3027 1264 3090 et
1316 3016 1792 3111 popularium,
1855 3015 2321 3109 orphanorum
2364 3025 2434 3087 et
2480 3013 2888 3103 viduarum,
2948 3024 3017 3087 et
3066 3015 3376 3086 omnium

559 3141 1085 3213 inhabitantium
1113 3152 1363 3214 terram
1398 3163 1598 3213 suam
1616 3195 1635 3232 ,
1674 3161 1905 3213 coram
1930 3144 2071 3213 Deo
2093 3150 2160 3213 et
2185 3140 2389 3213 nobis
2424 3139 2865 3212 clamantium
2889 3150 3125 3212 contra
3161 3161 3321 3211 eum
3346 3168 3366 3229 3

558 3263 984 3336 attendentes
1005 3266 1286 3359 insuper
1313 3265 1609 3337 offensas
1632 3275 1898 3338 nostras
1920 3275 1989 3336 et
2019 3264 2287 3359 imperii
2311 3286 2432 3359 per
2462 3284 2620 3335 eum
2646 3263 2963 3356 nequiter
2981 3272 3366 3353 attentatae,

560 3385 648 3459 ad
678 3387 1096 3479 condignam
1137 3389 1625 3461 correctionem
1656 3387 2006 3479 ejusdem,
2063 3390 2388 3479 exigente
2404 3388 2717 3480 justicia,
2760 3387 3094 3460 duximus
3130 3388 3372 3460 insur-

557 3509 894 3603 gendum,
927 3512 1321 3606 responsuri
1356 3513 1565 3584 stulto
1602 3511 1696 3606 (b)
1732 3510 2115 3584 secundum
2149 3511 2519 3584 stulticiam
2549 3533 2744 3582 suam
2767 3564 2787 3600 ,
2817 3531 2906 3582 ne
2940 3512 3218 3606 sapiens
3238 3513 3369 3584 sibi

558 3632 908 3723 videatur,
950 3635 1073 3708 sed
1119 3635 1343 3707 discat
1373 3657 1497 3730 per
1530 3656 1605 3707 se
1636 3636 1865 3730 ipsum
1898 3635 2192 3728 qualiter
2241 3637 2468 3708 Deum
2505 3636 2746 3707 timere
2790 3633 3073 3725 debeat,
3115 3657 3197 3707 ac
3244 3658 3370 3708 nos

555 3767 622 3828 et
656 3759 1019 3853 imperium
1063 3767 1374 3832 teneatur
1408 3761 1734 3831 omnibus
1785 3759 2013 3832 modis
2048 3760 2379 3832 revereri.
2426 3761 2578 3844 Que
2627 3760 2860 3830 omnia
2914 3758 3040 3829 tibi
3094 3768 3164 3829 et
3214 3760 3368 3830 aliis

555 3881 979 3976 principibus
1015 3883 1269 3955 nostris
1307 3882 1643 3955 duximus
1679 3883 2130 3977 exponenda,
2193 3891 2270 3952 ut
2304 3881 2402 3954 rei
2442 3879 2779 3953 certitudo
2819 3879 2912 3950 ad
2946 3880 3096 3970 ejus
3128 3891 3367 3950 exter-

556 4005 841 4077 minium
881 4016 1114 4101 pateat
1150 4007 1493 4079 universis
1521 4004 1651 4101 (4).

634 4180 716 4258 (a)
756 4183 826 4241 In
852 4181 1102 4242 codicib.
1133 4183 1482 4255 inconeussa,
1514 4182 1618 4242 sed
1644 4181 1727 4241 ibi
1753 4181 1928 4241 male.

633 4284 715 4366 (b)
757 4287 872 4365 Ap.
902 4289 1062 4349 Petr.
1097 4289 1172 4349 de
1201 4290 1341 4351 Vin.
1378 4286 1545 4369 (edit.
1573 4289 1649 4348 de
1681 4287 1858 4365 1566)
1888 4284 2098 4361 studio,
2128 4288 2401 4364 pessime.

623 4600 696 4673 (⁴)
733 4601 1115 4683 nanthalerum
1157 4603 1324 4659 secuti
1346 4646 1360 4674 ,
1407 4603 1547 4660 hanc
1585 4603 1867 4677 epistolam
1901 4602 2054 4675 quasi
2088 4601 2365 4676 praeviam
2403 4599 2515 4673 regi
2550 4598 2837 4656 Bohemiae
2871 4597 3248 4671 imperatorem
3286 4597 3367 4654 di-

548 4696 744 4754 rexisse
772 4697 1113 4769 arbitramur,
1139 4716 1248 4771 qua
1282 4703 1332 4757 ei
1358 4703 1597 4774 proxime
1622 4717 1653 4757 a
1683 4716 1743 4758 se
1769 4699 2064 4757 faciendam
2103 4699 2356 4757 Friderici
2385 4696 2647 4755 Austriaci
2687 4695 3128 4770 proscriptionem
3168 4693 3369 4766 signifi·

550 4799 713 4850 caret.
741 4794 919 4862 Quum
951 4802 1130 4851 autem
1164 4812 1351 4854 mense
1383 4798 1534 4869 junio
1569 4796 1712 4870 apud
1739 4796 2035 4869 Augustam
2068 4794 2256 4852 foedus
2285 4799 2471 4852 contra
2494 4793 2687 4850 ducem
2716 4793 2962 4850 Austriae
2992 4790 3150 4847 fuerit
3178 4791 3369 4847 initum

700 4894 808 4957 lv.
853 4906 968 4954 rm
992 4913 1037 4956 a.
2939 4897 3050 4949 108
