4500 5956
1026 537 1145 595 744
2019 533 2445 594 Fumi-:mci
2503 530 2849 592 SECUNDI
3460 533 3621 610 [Anu.
3663 534 3833 594 1235.

1027 671 1224 743 nobis
1260 668 1574 740 ostendat
1614 690 1690 739 se
1738 669 1828 739 ab
1876 669 2164 763 imperio
2203 668 2293 740 de
2330 671 2483 759 jure
2519 666 2800 739 habere.
2841 666 3279 760 Quicumque
3325 688 3491 740 vero
3530 679 3838 740 monetas

1027 794 1279 884 injuste
1304 793 1622 879 tenuerit,
1660 801 1987 886 tanquam
2012 792 2323 863 falsarius
2345 791 2692 884 puniatur.
2724 791 3003 862 Veteres
3028 800 3258 862 autem
3294 801 3563 863 monete
3601 791 3835 864 debito

1023 916 1231 988 modo
1262 924 1331 987 et
1354 917 1536 1007 juste
1567 924 1635 987 et
1669 916 2158 987 rationabiliter
2187 916 2660 988 observentur.
2697 914 2988 985 Omnem
3025 913 3333 986 fraudem
3369 925 3439 986 et
3472 914 3830 988 falsitatem

1024 1040 1094 1109 in
1130 1039 1422 1111 monetis
1456 1037 1602 1109 fieri
1640 1039 2014 1110 districtius
2050 1038 2461 1127 inhibentes,
2484 1047 2793 1132 preterea
2822 1037 3249 1109 falsariorum
3277 1059 3455 1132 pene
3479 1039 3836 1131 subJ‘acere

1024 1163 1456 1236 decrevimus
1489 1183 1728 1234 omnes
1759 1163 1910 1234 illos
1937 1164 2058 1256 qui
2089 1163 2221 1234 sibi
2255 1171 2601 1233 monetam
2638 1161 2789 1232 sive
2815 1161 3098 1234 formam
3127 1161 3346 1234 aliene
3372 1162 3836 1257 impressionis

1020 1298 1379 1382 usurpant.

1120 1415 1192 1482 8.
1248 1412 1344 1482 De
1378 1413 1702 1482 conductu
1742 1410 2147 1502 usurpando.
2186 1409 2401 1480 Stulte
2441 1417 2922 1503 praeumentur
2962 1409 3196 1481 illicita
3231 1410 3351 1481 ubi
3386 1419 3675 1503 questus
3703 1411 3834 1481 im—

1019 1536 1323 1630 probitas
1364 1535 1807 1606 humanitatis
1857 1532 2271 1604 beneficium
2322 1531 2707 1604 actionibus
2750 1532 3137 1604 venalitatis
3160 1535 3470 1626 exponit.
3531 1534 3838 1607 Firmiter

1020 1659 1416 1730 inhibemus
1452 1680 1538 1729 ne
1573 1659 1732 1752 quis
1767 1655 2184 1729 conductum
2219 1655 2440 1728 alicui*
2465 1654 2696 1751 precio
2729 1656 3049 1750 prebeat,
3093 1657 3225 1728 nisi
3254 1658 3372 1749 jus
3399 1655 3832 1730 conducendi

1023 1790 1252 1852 teneat
1289 1782 1378 1852 ab
1413 1781 1697 1874 imperio
1718 1782 1876 1871 jure
1902 1779 2177 1852 feodali.

1124 1902 1194 1975 9.
1237 1904 1333 1974 De
1350 1906 1822 1999 phalburyaris
1859 1915 1922 1975 et
1961 1904 2435 1975 munimanm's.
2466 1901 2652 1975 Preci
2662 1903 2890 1997 pimus
2919 1913 2998 1973 ut
3020 1903 3462 1997 phalburgari
3499 1903 3569 1974 in
3603 1903 3835 1975 omni-

1022 2027 1157 2099 bus
1171 2028 1567 2100 civitatibus
1586 2040 1723 2100 tam
1746 2028 1816 2098 iu
1835 2029 2085 2099 nostris
2102 2050 2312 2122 quam
2334 2028 2619 2099 aliorum
2638 2036 2907 2098 cessent
2920 2035 2990 2099 et
3005 2037 3491 2100 removeantur
3512 2027 3829 2118 omnino;

1021 2160 1510 2223 muntmannos
1545 2151 1750 2223 etiam
1790 2152 2049 2245 ubique
2077 2173 2345 2223 cessare
2363 2153 2714 2243 jubemus.

1122 2276 1241 2344 10.
1297 2277 1394 2344 De
1426 2275 1825 2368 piyncm‘bus.
1886 2276 2128 2346 Nullus
2181 2276 2483 2367 aliquem
2536 2275 2688 2346 sine
2739 2275 3139 2347 auctoritate
3179 2274 3438 2366 judicis
3489 2275 3840 2370 provincie

1023 2398 1390 2492 pignorare
1420 2408 1798 2493 presumat.
1833 2398 2035 2482 Quod
2064 2398 2182 2491 qui
2222 2399 2456 2469 fecerit
2493 2409 2817 2491 tanquam
2845 2397 3057 2491 predo
3095 2397 3446 2493 puniatur.

1122 2525 1241 2594 ll.
1298 2526 1394 2593 De
1436 2536 1607 2615 pena
1649 2524 1936 2617 filiorum
1973 2525 2088 2615 qui
2122 2524 2534 2593 committunt
2581 2524 2653 2593 in
2690 2535 2953 2615 patres,
2999 2534 3062 2593 et
3108 2527 3404 2614 fautores
3445 2544 3676 2593 eorum
3703 2521 3833 2616 (l).

1021 2648 1189 2720 Cum
1224 2646 1414 2744 apud
1446 2668 1685 2719 omnes
1726 2646 2241 2741 ingratitudinis
2267 2646 2512 2715 vitium
2545 2665 2686 2717 non
2721 2646 2875 2717 leve
2903 2646 2993 2717 sit
3021 2646 3308 2733 crimen,
3344 2654 3532 2718 tanto
3560 2648 3841 2739 gravius

1022 2780 1126 2843 est
1159 2771 1229 2841 in
1265 2769 1406 2842 filio
1445 2769 1872 2864 puniendum
1910 2777 2170 2862 quanto
2203 2775 2484 2862 paterne
2518 2768 2789 2861 pietatis
2826 2776 2931 2838 est
2962 2766 3353 2858 immemor,
3397 2769 3598 2859 cujus
3633 2769 3840 2839 bene·

1024 2892 1181 2965 ficia
1229 2894 1415 2965 nullo
1459 2894 1683 2988 potuit
1723 2893 2056 2988 obsequio
2106 2892 2218 2963 vel
2271 2890 2642 2962 devotione
2673 2891 2945 2961 mereri.
2986 2891 3127 2961 Hac
3153 2890 3361 2985 igitur
3385 2890 3664 2962 edictali
3692 2894 3842 2986 lege

1026 3027 1357 3112 perpetuo
1401 3018 1693 3089 valitura
1723 3019 2098 3090 sanctimus
2128 3024 2204 3087 ut
2236 3017 2660 3108 quicumque
2703 3014 2886 3085 filius
2917 3025 3181 3109 patrem
3215 3038 3420 3087 suum
3455 3017 3545 3088 de
3574 3021 3837 3102 castriS,

1025 3140 1221 3212 terris
1266 3140 1506 3212 aliisve
1546 3140 2098 3234 possessionibus
2137 3139 2474 3212 violenter
2519 3139 2792 3229 ejecerit
2836 3147 2959 3210 aut
3000 3138 3184 3211 bona
3230 3139 3451 3233 ipsius
3507 3139 3843 3211 incendiis

1026 3263 1402 3335 vastaverit
1431 3262 1541 3334 vel
1581 3263 1841 3357 rapinis
1883 3285 2002 3335 seu
2054 3285 2211 3334 cum
2263 3262 2560 3334 inimicis
2601 3263 2811 3357 patris
2857 3262 3061 3334 fedus
3109 3262 3372 3352 inierit,
3425 3277 3845 3336 sacramenta

1026 3387 1141 3459 vel
1179 3385 1383 3459 fidem
1426 3395 1734 3482 prestans
1772 3387 1842 3457 iu
1876 3388 2142 3481 paterni
2174 3387 2453 3459 honoris
2487 3387 2598 3458 vel
2628 3386 2962 3460 bonorum
2988 3388 3206 3481 ipsius
3232 3409 3444 3481 grave
3474 3386 3847 3461 detrimen-

1027 3519 1174 3582 tum
1210 3510 1326 3583 vel
1356 3512 1926 3601 destructionem,
1976 3509 2167 3604 quod
2210 3512 2425 3602 vulgo
2476 3509 2988 3605 verderpnusse
3035 3509 3139 3606 (a)
3179 3522 3465 3583 vocatur
3500 3540 3516 3582 ε
3561 3513 3620 3582 si
3660 3522 3847 3607 pater

1029 3655 1186 3706 cum
1214 3632 1492 3706 duobus
1513 3633 1684 3704 viris
1704 3633 1883 3705 bone
1908 3632 2255 3728 opinionis
2277 3642 2347 3704 et
2379 3632 2625 3726 integri
2661 3642 2911 3724 status,
2941 3633 3389 3728 synodalibus
3420 3635 3840 3718 hominibuS,

1027 3757 1350 3830 eumdem
1394 3755 1611 3828 filium
1649 3755 1741 3827 de
1773 3756 2007 3851 aliquo
2043 3755 2531 3828 maleficiorum
2560 3758 2709 3849 jam
2751 3766 3307 3830 enumeratorum
3345 3779 3574 3829 coram
3604 3757 3846 3850 judice

1111 3943 1194 4024 (a)
1230 3947 1395 4007 Alias
1435 3943 1844 4026 Vcrderprusso
1868 3952 1928 4007 et
1967 3943 2395 4026 Vordcrfnmse.

1103 4260 1177 4332 (l)
1210 4260 1509 4317 Notandum
1542 4266 1628 4318 est
1650 4259 1753 4318 boc
1782 4260 2075 4335 capitulum
2098 4260 2241 4334 apud
2268 4275 2457 4318 omnes
2479 4259 2752 4317 versiones
2780 4259 3139 4334 germanicas,
3174 4274 3402 4332 quarum
3431 4260 3563 4316 ordo
3587 4260 3657 4317 ab
3682 4260 3844 4334 origi·

1031 4357 1138 4415 nali
1166 4356 1330 4414 latino
1353 4357 1609 4427 discedit,
1648 4357 1751 4414 sub
1778 4358 1926 4415 initio
1969 4358 2363 4416 constitutionis
2390 4358 2575 4416 inseri.
2607 4359 2782 4428 Quum
2821 4363 3000 4414 autem
3035 4355 3312 4414 rebellioni
3350 4356 3563 4414 Henrici
3598 4359 3740 4430 regis
3772 4359 3845 4416 ibi

1029 4455 1173 4513 clare
1197 4454 1480 4524 alludatur,
1508 4457 1662 4528 cujus
1687 4453 1961 4513 destitutio
1989 4457 2042 4512 in
2075 4455 2179 4513 hac
2209 4455 2330 4529 ipsa
2354 4456 2500 4512 curia
2538 4455 2846 4513 denuntiata
2877 4455 3003 4526 fuit,
3043 4453 3318 4512 rebellium
3357 4469 3585 4528 poenam
3621 4454 3846 4513 filiorum

1028 4553 1263 4628 primum
1286 4551 1462 4608 locum
1489 4552 1544 4608 in
1568 4553 1800 4611 editione
1832 4554 2096 4612 teutonica
2124 4553 2418 4613 obtinuisse
2446 4555 2712 4612 credimus
2728 4597 2743 4624 ,
2776 4561 2835 4611 ut
2859 4552 3040 4628 populi
3066 4553 3357 4610 memoriae
3396 4559 3453 4611 et
3489 4553 3647 4626 quasi
3680 4554 3849 4612 oculis

1028 4664 1119 4706 res
1146 4647 1325 4723 aptius
1348 4647 1676 4722 infigeretur.
