4500 5956
1524 570 1777 631 INDEX
1823 568 2521 632 DocuussuTonuM.
3307 569 3429 633 999

633 913 668 963 a
695 904 851 980 julii.
1037 897 1216 974 Apud
1376 929 1454 945 -
1492 897 1729 959 Decano
1769 904 1831 960 61
1864 897 2124 974 capitulo
2159 895 2548 958 Goslariensis
2584 893 2860 953 ecelesiae
2891 908 3056 952 areas
3088 895 3343 954 civitatis
3369 901 3430 955 et

951 995 1304 1072 Altenburg.
1453 1012 1668 1057 census
1694 996 2032 1057 earumdem
2066 995 2396 1066 confirmat,
2418 992 2634 1071 jubens
2660 997 2728 1052 ut
2757 993 2806 1052 61
2834 993 2968 1068 quis
2992 1008 3234 1053 censum
3260 992 3432 1052 debi-

1454 1100 1584 1155 tum
1610 1094 1685 1155 de
1710 1098 1864 1155 areis
1887 1112 2008 1155 non
2049 1096 2425 1172 persolverit,
2454 1096 2517 1154 in
2551 1094 2860 1170 sexaginta
2891 1092 3111 1153 solidos
3137 1093 3213 1154 611
3244 1093 3430 1153 advo-

1454 1196 1589 1251 cato
1615 1193 1779 1269 regio
1800 1191 2284 1267 condempnetur.
3313 1197 3431 1249 664

637 1309 675 1361 4
696 1301 852 1378 julii.
1042 1303 1223 1379 Apud
1378 1335 1460 1348 —
1494 1305 1755 1365 Jobanni
1792 1305 1992 1365 abbati
2030 1304 2233 1365 Sancti
2267 1304 2502 1382 Georgii
2543 1302 3071 1380 Nuemburgensls,
3112 1303 3189 1363 ad
3228 1320 3429 1380 preces

956 1398 1308 1477 Altenburg.
1456 1400 1866 1478 Thegenhardi
1902 1401 2222 1478 imperialis
2248 1401 2420 1461 aulae
2445 1401 2858 1477 protonotarii,
2884 1399 3156 1477 indulget
3179 1399 3429 1460 faculta-

1457 1500 1578 1555 tem
1618 1495 1870 1573 eligendi
1910 1497 2264 1556 advocatum
2300 1511 2476 1572 quem
2512 1495 2763 1554 voluerit
2795 1501 2855 1555 et
2892 1495 3158 1555 bennum
3203 1498 3431 1573 regium

1459 1606 1568 1667 pro
1594 1592 1797 1652 eadem
1822 1592 2068 1652 ecelesia
2092 1592 2424 1651 exercendi.
3316 1600 3432 1652 665

638 1708 672 1758 5
700 1699 859 1775 julii.
1048 1697 1226 1774 Apud
1380 1725 1461 1740 —
1499 1695 1796 1756 Ecclesiae
1826 1696 2181 1757 Goslariensi
2216 1696 2591 1773 privilegium
2618 1711 2656 1755 6
2680 1711 2900 1772 proavo
2926 1712 3034 1757 suo
3059 1697 3358 1758 Friderico
3377 1699 3431 1758 1⁶

958 1793 1310 1874 Altenburg.
1459 1794 1811 1869 imperatore
1855 1794 2146 1854 indultum
2199 1793 2542 1865 6661116161,
2590 1795 2857 1854 eamdem
2898 1796 3106 1855 eximit
3148 1795 3224 1855 611
3269 1798 3432 1856 61661

1461 1889 1883 1950 advocatorum
1926 1891 2240 1949 vexatione
2257 1932 2275 1961 ,
2323 1889 2669 1969 diversaque
2713 1893 2853 1967 jura
2894 1890 3114 1951 ibidem
3157 1907 3434 1968 expressa

1461 1984 1738 2045 ecclesiae
1763 1990 1825 2046 61
1854 1987 2152 2044 666661616
2175 1991 2421 2045 renovat
2445 1985 2538 2046 vel
2565 1987 2854 2048 concedit.
3148 1996 3287 2061 666,
3320 1996 3432 2048 667

1047 2093 1227 2169 Apud
1381 2122 1462 2134 —
1499 2089 1598 2149 Ad
1622 2090 1965 2166 petitionem
1991 2089 2275 2149 Bernardi
2302 2089 2533 2150 abbatis
2558 2097 2619 2150 et
2643 2098 2967 2153 conventus
2993 2095 3331 2153 monasterii
3362 2094 3439 2153 de

954 2190 1308 2270 Altenburg.
1460 2184 1658 2259 Buch,
1687 2185 1846 2245 idem
1883 2186 2307 2246 monasterium
2341 2202 2478 2246 6616
2507 2187 2782 2247 omnibus
2818 2187 2990 2248 bonis
3023 2191 3154 2266 ejus
3187 2190 3250 2248 in
3287 2205 3438 2265 pro-

1460 2283 1713 2340 tectione
1736 2296 1846 2341 sua
1873 2282 2142 2359 suscipit,
2169 2282 2341 2359 eique
2363 2281 2519 2342 bona
2543 2299 2653 2343 sua
2676 2286 2872 2344 611616
2899 2284 3353 2345 Nidabudowitz
3379 2290 3441 2345 61

1462 2376 1751 2454 Κ6361661
1771 2377 1946 2453 pleno
1967 2379 2105 2454 Jure
2129 2378 2357 2439 confert
2382 2385 2443 2440 et
2466 2379 2670 2440 donat.
3323 2392 3439 2443 669

637 2494 700 2546 11
727 2488 884 2565 julli.
943 2485 1059 2562 Ap.
1089 2485 1324 2563 Egram.
1382 2512 1463 2527 —
1503 2481 1596 2540 Ad
1636 2482 1952 2542 utilitatem
1994 2483 2255 2544 civitatis
2292 2500 2434 2544 suae
2472 2485 2783 2564 Egi-ensis,
2814 2489 3131 2548 66611666-
3158 2489 3224 2548 16
3258 2503 3329 2547 66
3364 2487 3441 2547 de

1463 2580 1597 2638 vico
1624 2578 1989 2657 Schipbgaze
2024 2578 2101 2639 ab
2129 2579 2384 2639 Henrlco
2420 2581 2496 2641 de
2534 2582 2873 2643 Libenstein
2908 2589 3239 2660 comparat,
3276 2590 3336 2643 61
3381 2587 3438 2643 61

1464 2675 1700 2735 novalia
1726 2678 1791 2735 in
1817 2676 2088 2737 Gruoene
2104 2678 2283 2752 Juxta
2309 2683 2568 2737 montem
2594 2678 2963 2758 Thilcelberg
2988 2680 3160 2740 661111.
3323 2688 3440 2740 670

640 2795 708 2846 14
731 2786 887 2865 Julii.
945 2786 1063 2862 Ap.
1085 2784 1328 2864 Egram.
1388 2813 1469 2825 —
1507 2782 1721 2843 comiti
1745 2782 2006 2858 Egeuoni
2033 2781 2108 2841 de
2132 2782 2389 2859 Friburg
2413 2790 2475 2842 et
2500 2783 2574 2842 de
2598 2783 2792 2844 Urach
2816 2801 2921 2861 pro
2951 2787 3133 2862 gratis
3159 2787 3289 2861 eius
3314 2802 3440 2845 ser·

1467 2879 1629 2938 vitiis
1655 2877 1882 2937 confert
1920 2879 1982 2937 in
2019 2878 2260 2938 feodum
2298 2878 2545 2938 flumina
2587 2880 2876 2956 quaedam
2919 2880 3138 2939 ibidem
3164 2897 3443 2956 expressa

1467 2992 1604 3036 6616
1631 2976 1775 3035 rivis
1796 2980 1856 3034 et
1880 2976 2179 3036 montanis
2207 2975 2638 3054 adjacentibus,
2659 2976 2877 3054 jubens
2903 2984 2972 3038 ut
2997 2978 3286 3056 quidquid
3313 2980 3443 3038 auri

1467 3077 1686 3137 ibidem
1714 3079 2035 3155 invenerit,
2063 3079 2125 3138 in
2152 3080 2284 3155 ejus
2308 3077 2622 3138 utilitatem
2649 3077 2844 3138 cedat.
3327 3087 3395 3139 67
3411 3088 3437 3139 1

1051 3181 1232 3258 Apud
1389 3214 1471 3230 —
1507 3183 1696 3260 Super
1748 3183 1849 3242 lite
1900 3185 2055 3242 inter
2102 3183 2410 3244 ecclesiam
2460 3183 3023 3244 Hailsbrunnensem
3090 3188 3152 3243 et
3201 3184 3443 3243 viduam

631 2101 701 2152 10
724 2091 882 2169 julii.

645 3188 714 3240 15
748 3196 891 3259 663.

1469 3381 1545 3441 de
1571 3381 1773 3442 Nissen
1800 3383 2069 3459 cognita,
2098 3385 2448 3441 sententiam
2476 3381 2591 3442 fert
2618 3388 2690 3442 ut
2712 3379 2871 3441 filius
2897 3381 3111 3440 viduae
3135 3382 3264 3456 ipsa
3288 3378 3447 3439 11666

1472 3484 1702 3538 1661616
1733 3477 1809 3537 ad
1829 3477 1953 3536 dies
1982 3480 2141 3538 vitae
2166 3495 2308 3539 6666
2335 3483 2554 3539 166661.
3334 3483 3447 3535 672

1054 3580 1236 3656 Apud
1396 3612 1474 3660 ·.···
1512 3581 1630 3640 Pro
1664 3581 1921 3641 remedio
1959 3583 2192 3642 6611666
2227 3599 2401 3660 6666,
2431 3582 2633 3642 domui
2670 3580 2873 3642 Sancti
2906 3580 3113 3640 Lazari
3148 3580 3448 3640 ecclesiam

959 3676 1335 3756 Nurimberg.
1474 3695 1644 3739 suam
1671 3679 2042 3757 Mem-ingen,
2059 3681 2236 3739 611616
2262 3682 2325 3739 16
2355 3679 2484 3738 1666
2510 3678 2822 3750 Hasilthal,
2840 3693 2976 3737 6616
2996 3680 3134 3754 jure
3158 3683 3450 3753 patrona-

1474 3782 1574 3835 tus
1598 3780 1659 3834 et
1685 3778 1847 3835 omni
1872 3776 2141 3835 libertate
2166 3781 2446 3853 perpetuo
2472 3773 2887 3852 possidendam
2917 3772 3164 3833 confert.
3331 3783 3446 3834 673

1058 3877 1236 3955 Apud
1397 3915 1475 3928 —
1514 3881 1809 3942 Abbatem
1835 3888 1895 3942 61
1919 3881 2130 3943 fratres
2171 3881 2247 3941 de
2282 3880 2449 3940 Buch
2485 3881 2874 3941 cisterciensis
2914 3879 3138 3938 ordinis
3164 3895 3302 3938 6616
3341 3879 3449 3940 ho-

960 3974 1340 4053 Nurimberg.
1477 3977 1737 4038 minibus
1763 3984 1824 4038 et
1847 3977 2020 4038 bonis
2043 3994 2246 4037 eorum
2275 3977 2387 4037 sub
2424 3978 2783 4053 protectione
2809 3992 2918 4037 sua
2950 3977 3223 4052 suscipit,
3252 3977 3454 4036 indul-

1477 4080 1692 4152 getque
1726 4078 1795 4133 ut
1828 4073 2118 4150 quidquid
2146 4091 2183 4133 6
2209 4089 2457 4150 persona
2491 4072 2674 4133 libera
2713 4075 2840 4131 sive
2877 4072 3240 4131 ministeriali
3269 4074 3452 4148 justis

1479 4169 1674 4230 modis
1711 4169 2098 4244 obtinuerint,
2138 4169 2253 4230 hoc
2290 4168 2538 4229 libenter
2577 4184 2697 4227 666
2733 4169 3012 4244 requisito
3052 4183 3298 4227 6666666
3343 4184 3453 4229 666

1478 4268 1787 4342 recipiant.
3166 4272 3305 4337 674,
3339 4274 3455 4326 675

1066 4370 1245 4447 Apud
1401 4403 1484 4416 —-
1520 4372 1766 4433 Petente
1800 4371 2218 4451 Bambergensi
2256 4372 2528 4448 episcopo
2545 4414 2564 4443 ,
2606 4371 2816 4430 statuit
2855 4386 2933 4430 ne
2971 4371 3133 4430 cives
3164 4369 3457 4431 Bamber-

960 4466 1343 4545 Nuremberg.
1484 4483 1694 4545 366666
1719 4467 1798 4527 611
1822 4468 2015 4528 611666
2036 4468 2264 4544 judicia
2288 4468 2363 4527 de
2390 4472 2618 4527 caetero
2643 4472 2982 4527 evocentur.
3340 4477 3454 4529 676

1070 4571 1248 4648 Apud
1406 4604 1487 4617 —
1524 4574 1747 4633 Notum
1784 4571 1927 4634 facit
1961 4572 2121 4649 quod
2156 4573 2235 4633 ad
2274 4573 2662 4632 imitationem
2701 4573 2884 4649 patris
2921 4573 3016 4632 sui
3057 4573 3461 4634 Romanorum

966 4666 1351 4747 Nuremberg.
1489 4671 1888 4746 imperatoris,
1923 4669 2135 4731 fratres
2170 4670 2386 4730 domus
2420 4669 2919 4730 Tbeutonicorum
2956 4668 3206 4730 Sanctae
3239 4669 3461 4730 Mariae

647 3589 715 3640 16
755 3594 893 3658 aug.

647 3889 711 3942 21
755 3895 897 3960 aug.

651 4378 723 4429 23
762 4385 905 4449 aug.

657 4576 728 4631 28
765 4586 908 4650 663.

959 3278 1334 3356 Ν6111611613.
1471 3281 1768 3342 Cuonradi
1793 3281 1866 3341 de
1894 3281 2219 3355 Anindorf,
2248 3282 2324 3341 de
2350 3282 2523 3343 bonis
2555 3282 2911 3361 quibusdam
2944 3298 3144 3342 eoram
3173 3282 3447 3342 Helm-ico
3546 3347 3547 3350 ,
