4500 5956
1104 640 1226 702 916
2030 698 2033 703 ,
2098 637 2527 700 nmmum
2575 634 2922 697 ssscumnl
3550 631 3710 711 [An.
3748 633 3919 695 1236.

1106 775 1297 846 carni
1346 785 1414 846 et
1448 773 1711 848 mundo
1750 775 2063 864 abstulit,
2115 796 2323 869 quem
2364 774 2508 845 Deo
2543 773 2806 842 fructus
2840 766 3298 840 laudabilium
3344 787 3631 860 operum
3682 774 3751 838 et
3786 767 3925 839 vite

1105 898 1427 971 sanctitas
1462 897 2011 971 commendavit?
2041 898 2181 970 Nec
2208 898 2392 968 enim
2421 896 2613 966 locus
2649 891 2939 985 originis
2965 899 3151 963 recte
3185 898 3420 961 contra
3453 910 3613 961 eum
3650 889 3723 959 in
3757 910 3923 960 sus-

1109 1021 1399 1116 picionis
1452 1032 1928 1115 argumentum
1986 1019 2375 1108 inducitur,
2430 1039 2589 1089 cum
2644 1037 2781 1089 non
2838 1015 3111 1087 bonitas
3155 1013 3453 1087 hominis
3509 1012 3925 1085 deformetur

1110 1167 1150 1217 a
1207 1146 1356 1218 loco
1381 1198 1403 1236 ,
1464 1145 1587 1217 sed
1647 1146 1877 1240 potius
1927 1145 2060 1218 loci
2111 1143 2371 1215 malitia
2423 1162 2546 1236 per
2600 1138 2951 1211 hominem
3002 1138 3428 1210 reformetur.
3488 1136 3739 1208 Probat
3791 1137 3920 1210 hoc

1109 1267 1301 1360 quod
1353 1289 1482 1340 nec
1529 1268 1764 1362 pietati
1815 1267 2060 1342 Christi
2120 1267 2503 1359 quidquam
2552 1262 2857 1334 mundus
2912 1262 3256 1335 subtraxit
3311 1261 3603 1356 impius,
3642 1282 3774 1334 nec
3810 1283 3920 1333 ce-

1106 1392 1251 1463 lum
1281 1392 1442 1463 fecit
1464 1401 1776 1465 sanctum
1800 1391 2162 1464 demonem
2187 1411 2315 1461 nec
2342 1389 2689 1460 hominem
2717 1383 3103 1480 paradisus.
3126 1384 3359 1456 Genus
3385 1384 3590 1455 etiam
3617 1383 3708 1457 ad
3734 1393 3920 1455 tuam

1105 1516 1552 1588 intentionem
1601 1536 1740 1586 non
1783 1515 2137 1604 sufficere,
2180 1516 2391 1585 immo
2435 1533 2571 1583 non
2613 1508 2942 1604 proficere
2977 1507 3301 1598 creditur,
3342 1508 3503 1601 quia
3557 1507 3808 1579 frustra
3848 1508 3920 1579 in

1107 1638 1226 1709 illo
1250 1638 1593 1732 parentele
1619 1637 1787 1708 vitia
1814 1634 2386 1724 condemnantur,
2405 1634 2529 1728 qui
2558 1656 2680 1727 per
2707 1629 3245 1705 conversationis
3261 1639 3496 1701 sancte
3512 1628 3920 1701 munditiam

1106 1784 1148 1833 a
1184 1762 1405 1855 patria
1437 1770 1506 1832 et
1537 1761 1939 1855 parentibus
1986 1761 2186 1855 quasi
2235 1761 2309 1831 in
2356 1760 2583 1831 virum
2635 1766 2937 1831 mutatus
2984 1755 3195 1826 alium
3241 1755 3462 1826 factus
3505 1763 3610 1825 est
3654 1754 3922 1847 penitus

1108 1884 1535 1978 peregrinus.
1573 1883 1760 1969 Quid
1798 1885 2034 1977 plura!
2085 1884 2334 1954 frustra
2375 1882 2550 1976 quid
2591 1880 2684 1954 ad
2728 1879 3200 1975 probationem
3246 1878 3539 1969 alicujus
3578 1877 3923 1949 inducitur

1106 2006 1298 2100 quod
1323 2007 1494 2079 illud
1523 2029 1653 2080 nec
1681 2008 2074 2101 frequenter
2101 2027 2229 2078 nec
2255 2003 2796 2099 inseparabiliter
2821 2003 3209 2077 comitatur.
3239 2000 3666 2094 suffragatur
3693 2011 3920 2074 autem

1105 2130 1196 2201 ad
1231 2129 1365 2201 boc
1395 2131 1856 2202 testimonium
1886 2129 2121 2203 dilecti
2157 2128 2280 2200 filii
2314 2128 2617 2222 magistri
2654 2127 3004 2220 hospitalis
3035 2129 3280 2199 Sancte
3317 2126 3532 2197 Marie
3554 2125 3920 2197 Theutoni-

1106 2272 1370 2344 corum,
1396 2262 1465 2325 et
1495 2255 1556 2326 ei
1592 2252 1782 2346 quod
1814 2254 1945 2325 alia
1977 2254 2130 2325 vice
2158 2254 2384 2348 ipsum
2415 2273 2574 2323 cum
2602 2251 2851 2323 dilecto
2875 2248 3017 2321 filio
3044 2259 3273 2323 nostro
3300 2250 3381 2321 Ο.
3411 2249 3639 2321 Sancti
3666 2249 3920 2321 Nicolai

1107 2376 1180 2446 in
1222 2396 1492 2448 carcere
1530 2376 1840 2449 Tulliano
1875 2376 2170 2449 diacono
2215 2375 2547 2448 cardinali
2586 2374 3060 2447 transmissum
3103 2373 3229 2444 tibi
3266 2380 3662 2466 suspectum
3710 2373 3921 2444 fuisse

1108 2500 1397 2589 asseris,
1448 2500 1857 2592 refragatur,
1914 2520 2071 2571 cum
2118 2499 2351 2594 ipsum
2401 2498 2570 2569 nihil
2623 2497 2865 2569 fecisse
2914 2495 3102 2567 unde
3151 2494 3542 2567 celsitudini
3595 2496 3918 2591 imperiali

1108 2632 1468 2717 suspectus
1492 2622 1728 2694 merito
1755 2621 2038 2694 deberet
2071 2621 2309 2694 haberi
2339 2642 2569 2694 coram
2607 2621 2807 2693 nobis
2833 2621 3112 2715 publica
3140 2641 3316 2692 voce
3352 2616 3637 2711 dixerit,
3670 2630 3739 2693 et
3764 2641 3918 2692 eum

1110 2746 1291 2819 circa
1339 2745 1887 2819 observationem
1930 2745 2191 2837 justitie
2239 2746 2616 2838 plurimum
2667 2743 3188 2816 commendarit.
3247 2743 3670 2815 Erubescere
3717 2744 3921 2836 igitur

1109 2870 1355 2964 poterit
1388 2891 1611 2943 novus
1639 2869 1907 2962 logicus
1941 2870 2030 2941 de
2057 2869 2257 2940 nobis
2291 2868 2453 2941 mali
2483 2867 2776 2958 alicujus
2810 2866 3080 2938 initium
3119 2866 3231 2937 vel
3262 2866 3696 2960 participium
3730 2889 3921 2963 para·

1111 2992 1399 3084 logismo
1425 2992 1862 3082 concludere,
1897 2995 2094 3084 cujus
2130 2992 2494 3064 falsitatem
2540 2991 2747 3063 etiam
2790 2990 3088 3085 imperiti
3133 2989 3223 3062 de
3256 2991 3462 3084 longe
3496 2990 3922 3085 speculantes

1111 3125 1394 3208 possunt
1430 3116 1583 3187 luce
1615 3116 1861 3187 clarius
1886 3115 2296 3208 improbare,
2326 3137 2486 3187 cum
2508 3115 2786 3209 publice
2811 3114 3069 3186 bonum
3098 3122 3168 3185 et
3194 3114 3553 3186 manifesta
3577 3114 3742 3185 boni
3770 3136 3922 3208 spe·

1108 3237 1250 3308 cies
1286 3236 1491 3307 fuerit
1524 3237 1714 3329 quod
1756 3238 2025 3330 legatus
2063 3238 2155 3309 ad
2200 3237 2704 3311 reformandam
2743 3258 2981 3333 pacem
3018 3238 3193 3308 inter
3222 3245 3292 3309 te
3320 3257 3405 3307 ac
3430 3235 3847 3309 Lombardos
3880 3258 3921 3309 a

1109 3359 1308 3430 nobis
1342 3358 1724 3430 destinatus
1756 3361 2080 3449 accessit;
2117 3361 2230 3431 cui
2263 3360 2434 3432 nibil
2466 3382 2667 3455 posse
2701 3360 3048 3434 credimus
3074 3360 3395 3454 imputari
3421 3361 3480 3432 si
3509 3381 3593 3433 eo
3618 3371 3923 3457 presente

1108 3481 1342 3554 sedata
1369 3482 1504 3554 sint
1532 3482 1850 3554 intestina
1874 3483 2050 3555 bella
2080 3484 2455 3572 Placentie,
2489 3486 2548 3557 si
2581 3486 2812 3579 alique
2841 3485 3155 3559 civitates
3179 3483 3592 3557 Lombardie
3614 3483 3922 3557 cladibus

1112 3605 1481 3701 preliorum
1526 3626 1851 3699 oppresse
1890 3605 1984 3678 ad
2023 3607 2211 3700 pacis
2246 3607 2503 3679 fuerint
2537 3608 2976 3682 dulcedinem
3017 3608 3329 3680 invitate.
3378 3607 3770 3693 Quinimmo
3800 3606 3922 3677 tibi

1112 3727 1205 3801 ad
1234 3729 1583 3801 infamiam
1617 3737 1975 3823 reputatur
1997 3729 2223 3821 quod,
2254 3731 2558 3803 Ecclesia
2590 3753 2714 3804 seu
2737 3734 3000 3825 prefato
3026 3730 3377 3803 mediante
3402 3732 3658 3822 legato,
3690 3750 3921 3826 paoem

1112 3853 1382 3948 imperii
1422 3851 1818 3946 dedigneris
1853 3855 1965 3925 vel
2007 3874 2144 3924 non
2176 3854 2456 3947 patiaris
2491 3855 2718 3949 potius
2757 3854 3135 3927 reformari.
3178 3853 3316 3926 Sed
3347 3864 3450 3926 est
3485 3855 3767 3926 fortasse
3800 3853 3919 3946 qui

1112 3976 1297 4049 dicat
1326 3975 1541 4069 quod,
1578 3976 1745 4048 dum
1778 3986 2014 4048 contra
2044 3978 2146 4049 fas
2182 3988 2249 4049 et
2280 3977 2542 4049 licitum
2575 3978 2974 4070 episcopum
3004 3979 3342 4071 prefatum
3378 3977 3513 4048 tuis
3541 3998 3680 4047 non
3713 3975 3923 4048 habes

1112 4100 1291 4171 votis
1315 4100 1596 4172 omnino
1629 4102 2023 4195 propitium,
2062 4122 2222 4173 eum
2255 4101 2728 4194 imperialibus
2755 4101 3030 4174 estimes
3057 4100 3423 4173 desideriis
3448 4100 3827 4186 inimicum,
3855 4109 3924 4171 et

1112 4245 1253 4316 quo
1290 4224 1605 4317 equalius
1654 4225 1976 4297 eumdem
2029 4225 2122 4297 ad
2163 4225 2522 4318 quodlibet
2564 4226 3029 4320 oppositorum
3075 4234 3463 4298 extremum
3510 4233 3587 4296 ut
3633 4234 3922 4318 utraque

1115 4368 1332 4416 unum
1357 4348 1606 4419 efficiat
1638 4347 1982 4420 declinare
2011 4349 2444 4442 perspexeris
2462 4401 2482 4437 ,
2520 4370 2603 4420 eo
2642 4350 2881 4421 fortius
2915 4350 3138 4444 ipsum
3164 4347 3590 4421 celsitudinis
3622 4357 3742 4420 tue
3767 4366 3920 4443 pro·

1114 4469 1404 4540 fectibus
1431 4472 1845 4542 contrarium
1868 4471 2275 4565 suspiceris;
2308 4470 2400 4543 de
2426 4493 2567 4564 quo
2592 4471 2651 4543 si
2676 4473 2895 4565 placet
2920 4472 3431 4544 obtrectationis
3448 4480 3716 4544 cessent
3735 4470 3921 4543 oblo-

1115 4591 1279 4682 quia
1304 4645 1323 4678 ,
1363 4593 1727 4682 cujuslibet
1757 4594 2116 4687 prudentis
2152 4602 2219 4666 et
2253 4595 2414 4666 boni
2461 4596 2786 4690 principis
2819 4597 3128 4669 moribus
3164 4596 3478 4687 inimica,
3525 4596 3645 4689 qui
3684 4596 3784 4667 sic
3808 4596 3922 4686 jus

1112 4716 1316 4787 s'uum
1366 4716 1658 4789 discrete
1700 4718 2135 4812 prosequitur
2182 4718 2372 4813 quod
2420 4720 2491 4789 in
2528 4721 2813 4810 nullius,
2846 4722 3201 4816 presertim
3247 4719 3550 4792 timentis
3595 4721 3816 4792 Deum
3856 4727 3924 4791 et
