4500 5956
817 3682 946 3736 Apud

739 3732 997 3788 Nurimberg
1008 3768 1023 3789 ,

746 3790 799 3832 1⁶
822 3793 1019 3842 augusti.

1114 596 1237 658 672
2148 596 2494 657 HENRICI
2544 595 2883 657 SEPTIMI
3563 597 3725 678 [Anu.
3763 601 3934 662 1234.

1118 730 1387 828 imperii
1413 730 1523 803 sui
1552 728 1871 804 fidelibus
1904 731 2191 825 gratiam
2226 753 2428 804 suam
2468 741 2537 804 et
2566 752 2774 805 omne
2817 732 3103 804 bonum.
3142 732 3384 805 lunata
3418 732 3622 805 nobis
3654 734 3940 827 requirit

1117 855 1505 948 benignitas
1537 852 1942 926 devotorum
1975 863 2361 928 nostrorum
2396 866 2465 930 et
2500 856 2769 952 imperii
2806 854 3059 930 devota
3090 854 3427 950 obsequia
3457 878 3701 930 sereno
3735 858 3938 930 vultu

1117 978 1454 1073 respicere
1488 988 1815 1050 eteorum
1843 979 2394 1073 promotionibus
2414 987 2605 1051 tanto
2619 979 2918 1075 amplius
2955 978 3312 1052 intendere
3345 989 3606 1074 quanto
3633 981 3939 1075 ipsorum

1115 1102 1523 1195 obsequiosa
1566 1104 1885 1174 voluntas
1928 1124 2005 1175 se
2051 1102 2371 1176 servilem
2410 1101 2680 1174 studuit
2704 1101 3062 1175 exhibere.
3107 1102 3283 1174 Hinc
3313 1111 3419 1176 est
3453 1103 3647 1197 quod
3683 1124 3809 1175 nos
3838 1114 3940 1175 at-

1116 1226 1474 1299 tendentes
1523 1224 1753 1298 fidelia
1804 1225 2142 1321 obsequia
2191 1235 2262 1298 et
2315 1224 2567 1299 devota
2616 1247 2757 1320 que
2793 1224 3021 1299 fidelis
3054 1234 3287 1299 noster
3321 1246 3551 1300 comes
3580 1226 3815 1320 Egeno
3848 1225 3938 1299 de

1113 1349 1402 1445 Friburg
1428 1358 1497 1422 et
1529 1349 1619 1422 de
1646 1349 1869 1422 Urach
1896 1350 1967 1421 in
1997 1349 2294 1424 diversis
2318 1348 2609 1442 agendis
2633 1349 2837 1422 nobis
2859 1358 2928 1422 et
2954 1349 3245 1445 imperio
3273 1350 3606 1423 hactenus
3619 1349 3938 1423 exhibuit

1114 1486 1344 1571 etque
1373 1498 1496 1547 sua
1531 1473 1812 1547 devotio
1850 1474 1922 1545 in
1953 1484 2154 1548 antea
2193 1476 2442 1570 poterit
2467 1474 2836 1567 exhibere,
2874 1476 3103 1571 ipsum
3134 1474 3272 1547 hiis
3306 1475 3712 1547 fluminibus
3745 1462 3938 1548 Reuss—

1114 1599 1408 1691 chental,
1445 1597 1710 1684 Wisen,
1746 1597 2027 1691 Brigen,
2066 1598 2460 1671 Kinzechen
2495 1621 2719 1693 usque
2749 1597 3242 1692 Gengenbach,
3268 1609 3340 1671 et
3376 1599 3779 1671 nominatim
3809 1599 3937 1672 Mi·

1114 1722 1442 1810 lenbach‚
1484 1720 1769 1810 Elzach,
1803 1722 2212 1817 Treysonia,
2248 1723 2468 1816 Brega
2502 1731 2572 1795 et
2604 1721 2923 1795 Danubio
2952 1744 3178 1817 usque
3214 1721 3307 1794 ad
3332 1722 3884 1817 Ymmendingen
3907 1777 3928 1814 ,

1112 1867 1274 1917 cum
1302 1845 1644 1917 universis
1657 1843 1824 1917 rivis
1843 1844 1965 1938 qui
1993 1845 2320 1939 predictis
2344 1845 2750 1917 fluminibus
2781 1846 3209 1941 recipiuntur
3243 1855 3502 1919 etcum
3537 1846 3937 1919 eorumdem

1113 1969 1350 2042 fundis
1385 1991 1649 2043 necnon
1686 1969 2033 2043 universis
2069 1970 2416 2042 montanis
2444 1968 2709 2042 eisdem
2739 1969 3146 2042 fluminibus
3176 1977 3246 2041 et
3280 1970 3454 2042 rivis
3497 1971 3938 2066 superjacen-

1112 2095 1331 2185 tibus,
1370 2094 1676 2166 maxime
1708 2115 1866 2164 cum
1897 2093 1985 2165 de
2015 2104 2247 2166 nostro
2273 2091 2568 2166 fideliter
2596 2093 2686 2164 sit
2716 2093 3005 2166 consilio
3035 2092 3217 2166 etde
3243 2102 3476 2166 nostra
3508 2093 3599 2165 sit
3631 2093 3888 2165 familia
3910 2146 3934 2184 ‚

1113 2218 1204 2291 de
1236 2218 1427 2312 regia
1459 2215 1929 2290 munificentia
1964 2216 2290 2290 eumdem
2326 2215 2665 2289 duximus
2694 2216 3226 2290 infeodandum.
3258 2217 3580 2290 Volentes
3624 2226 3703 2289 ut
3741 2216 3942 2310 quid-

1112 2340 1286 2436 quid
1346 2340 1496 2413 auri
1550 2340 1623 2411 in
1683 2340 2097 2436 supradictis
2154 2340 2559 2412 fluminibus
2619 2341 2770 2413 sive
2823 2340 2897 2411 in
2953 2339 3124 2412 rivis
3182 2360 3266 2412 ac
3317 2339 3662 2412 universis
3703 2337 3941 2411 fundis

1115 2464 1516 2539 eorumdem
1551 2464 1892 2536 invenerit
1925 2473 1995 2537 et
2028 2461 2380 2557 quidquid
2416 2463 2761 2536 invenerit
2804 2464 3072 2555 argenti
3114 2463 3189 2535 in
3228 2463 3606 2552 montanis,
3663 2462 3794 2534 hec
3847 2460 3939 2533 ad

1113 2611 1312 2661 suam
1360 2608 1786 2682 suorumque
1831 2587 2168 2660 heredum
2205 2588 2365 2678 jure
2396 2586 2648 2659 feodali
2684 2585 2837 2659 sine
2873 2586 3063 2658 omni
3116 2584 3656 2659 contradictione
3691 2584 3941 2657 cedant

1114 2714 1499 2786 utilitatem.
1544 2713 1633 2785 Ut
1684 2722 1916 2784 autem
1964 2710 2276 2806 predicta
2309 2719 2562 2783 nostra
2618 2711 2839 2805 gratia
2897 2707 3126 2784 eidem
3172 2718 3449 2783 maneat
3493 2710 3934 2800 inconcussa,

1116 2846 1466 2933 proeentes
1501 2835 1567 2908 ei
1604 2834 1853 2908 damus
1882 2836 2142 2907 litteras
2177 2834 2406 2929 sigillo
2432 2844 2663 2907 nostro
2698 2834 3077 2908 roboratas.

1211 2961 1382 3035 Acta
1415 2969 1580 3032 sunt
1609 2960 1743 3033 hec
1773 2983 1957 3034 anno
1986 2960 2082 3032 Μ.
2115 2959 2242 3032 CC.
2277 2959 2498 3033 XXX.
2534 2958 2679 3032 1111.

1211 3084 1462 3156 Datum
1491 3083 1682 3181 apud
1710 3085 2003 3178 Egmm,
2041 3084 2101 3155 ΙΙ
2128 3083 2292 3156 idus
2315 3082 2509 3174 jolii,
2546 3080 2923 3156 indictione
2952 3081 3270 3178 septima.

1220 3658 1592 3745 Henricus
1614 3716 1638 3762 ,
1695 3653 2218 3738 Romanorum
2273 3676 2405 3733 rex
2429 3711 2454 3757 ,
2512 3672 2741 3756 super
2791 3645 2923 3728 lite
2973 3643 3171 3726 inter
3221 3640 3616 3725 ecclesiam
3669 3640 3941 3723 Halis-

1116 3798 1635 3881 brunnensem
1691 3783 2237 3898 (Heilsbronn)
2285 3793 2360 3866 et
2410 3781 2722 3865 viduam
2780 3775 3167 3861 Cuonradi
3220 3774 3317 3856 de
3369 3772 3787 3879 Anindorf,
3819 3774 3942 3856 >de

1118 3927 1341 4012 honis
1377 3923 1842 4035 quibusdam
1863 3979 1887 4025 ,
1929 3942 2185 4002 coram
2240 3914 2593 3998 Heinrico
2646 3914 2744 3995 de
2806 3907 3051 3994 Niffen
3102 3906 3409 4017 cognita
3425 3968 3449 4015 ,
3489 3905 3942 3989 sententiam

1121 4062 1298 4167 fert,
1339 4068 1426 4142 ut
1461 4056 1664 4139 filius
1700 4052 1975 4137 viduae
2011 4052 2175 4161 ipsa
2221 4049 2427 4132 bona
2460 4054 2764 4129 tantum
2800 4043 2902 4125 ad
2937 4041 3098 4124 dies
3140 4040 3338 4122 vitae
3372 4046 3650 4142 teneat,
3691 4048 3767 4120 et
3799 4063 3942 4146 pro

1121 4193 1272 4275 illis
1310 4190 1707 4274 annuatim
1740 4187 1867 4269 LX
1903 4184 2260 4267 denarios
2299 4181 2656 4264 ecclesiae
2702 4176 2971 4261 solvat.

1281 4403 1469 4481 (Edit.
1504 4403 1566 4460 in
1588 4400 1974 4469 Wonmnu,
1998 4395 2219 4455 Hister.
2252 4389 2507 4456 Nm-imb.
2531 4386 2794 4470 diplom,
2823 4393 2870 4450 t.
2898 4388 2979 4462 11,
3000 4403 3062 4464 p.
3084 4393 3185 4460 95,
3206 4391 3272 4444 n·
3299 4390 3454 4444 9.-
3472 4381 3728 4455 scum,
3759 4379 3934 4459 Corp.

1353 4508 1511 4570 Hist.
1538 4500 1899 4573 Brandmb„
1928 4501 2170 4579 Syllog.,
2203 4508 2306 4571 τι,
2338 4508 2405 4558 n⁶
2435 4506 2533 4559 34.
2555 4528 2634 4542 -
2656 4495 2986 4557 correctius
3010 4497 3242 4570 autem,
3273 4490 3585 4567 praecipue
3609 4490 3671 4547 in
3696 4488 3938 4546 testium

1354 4611 1714 4688 nominibus,
1745 4625 1844 4685 ap.
1873 4607 2136 4667 Monam.
2168 4604 2332 4666 Bm’c.
2346 4649 2368 4681 ,
2396 4610 2544 4665 tom.
2577 4603 2780 4675 XXX,
2812 4615 2950 4678 pars
2988 4599 3064 4673 1⁸,
3093 4614 3149 4675 p.
3186 4603 3328 4670 214,
3357 4604 3427 4655 n⁰
3455 4601 3563 4654 '121
3591 4636 3612 4673 ,
3637 4609 3714 4653 ex
3746 4592 3938 4669 orlgl—

1350 4719 1473 4780 nali
1501 4720 1674 4795 quus
1701 4715 1960 4792 siglllum
1984 4713 2205 4788 perlit.)
