4500 5956
1562 617 1815 677 INDEX
1861 617 2559 684 DOCUMENTORUM.
3316 626 3431 689 991

1449 944 1692 1003 nuntios
1716 959 1924 1005 eorum
1948 946 2194 1007 modum
2217 950 2303 1008 eis
2329 949 2692 1025 praescribit,
2712 966 2834 1027 quo
2859 968 2936 1011 ex
2954 955 3244 1013 sententia
3265 957 3430 1031 prin-

1449 1041 1649 1117 cipum
1676 1058 1785 1118 pro
1810 1045 2139 1104 temeritate
2162 1061 2365 1105 eorum
2391 1047 2455 1106 in
2485 1063 2549 1106 se
2574 1046 2732 1107 facta
2758 1047 3142 1109 satisfaciant.
3315 1060 3430 1113 572

625 1135 849 1211 1⁹Julii.
930 1128 1048 1208 Ap.
1072 1130 1312 1208 Egram.
1374 1168 1452 1183 -
1492 1138 1848 1199 Monasterio
1887 1141 2260 1202 Waltsassen
2296 1143 2670 1205 donatiouem
2709 1145 2998 1206 honorum
3033 1150 3097 1207 in
3133 1148 3336 1209 Culme
3366 1153 3429 1210 in

1449 1232 1717 1308 partibus
1745 1233 1948 1294 Olsnis
1975 1251 2082 1311 per
2105 1235 2556 1299 Reimbotonem
2582 1239 2658 1299 de
2684 1240 3072 1319 Stracenberg
3103 1242 3430 1321 fratresque

1450 1331 1582 1405 ejus
1607 1330 1722 1388 sub
1739 1332 1918 1390 certis
1938 1331 2379 1393 conditionibus
2393 1334 2535 1394 illuc
2554 1334 2771 1396 factam
2792 1336 3129 1411 confirmat,
3149 1346 3264 1401 etc.
3310 1350 3427 1401 573

627 1430 697 1483 80
712 1422 869 1501 jum,
1036 1415 1215 1495 Apud
1371 1454 1453 1469 —
1492 1424 1918 1486 monasterium
1943 1427 2019 1487 de
2045 1429 2224 1488 Porta
2256 1428 2416 1489 Coeli
2430 1472 2451 1508 ,
2479 1431 2780 1508 quondam
2814 1433 3211 1495 Tennenbach
3246 1453 3426 1497 voca-

941 1513 1295 1592 Haguenau.
1449 1525 1602 1594 tum,
1632 1536 1768 1581 cum
1794 1522 2073 1583 omnihus
2098 1526 2407 1602 mancipiis
2439 1531 2500 1585 et
2536 1528 2999 1603 possessionibus
3023 1532 3154 1607 ejus
3180 1532 3291 1592 sub
3317 1550 3428 1594 sua

1447 1620 1807 1773 Ρτοηῐέοῇουο
1833 1621 2064 1696 recipit,
2093 1622 2266 1698 eique
2295 1622 2619 1698 specialiter
2643 1624 2948 1702 praedium
2973 1628 3038 1686 in
3063 1626 3428 1708 Mundingen

1449 1729 1520 1773 00
1609 1720 1783 1775 rmnt-
3304 1739 3339 1792 5
3353 1738 3428 1788 74

625 1818 682 1869 ιο
707 1825 849 1890 ως,
928 1796 1109 1875 Apud
1132 1798 1320 1861 Fran·
1369 1841 1449 1854 —
1488 1810 1817 1871 canonicos
1841 1818 1904 1873 et
1927 1815 2269 1874 universum
2293 1816 2517 1875 clerum
2554 1816 2834 1877 ecclesiae
2860 1818 3160 1895 Aquensis
3184 1822 3297 1883 sub
3322 1840 3431 1886 sua

981 1894 1279 1956 eheniurt.
1449 1907 1688 1982 speciali
1723 1911 2085 1982 protectione
2121 1912 2356 1988 recipit,
2397 1919 2460 1972 et
2505 1912 2819 1985 advocato,
2860 1915 3131 1990 sculteto,
3177 1919 3430 1981 scabinis

1446 2000 1960 2081 burgensibusque
1985 2005 2367 2083 Aquensibus
2405 2007 2652 2068 mandat
2675 2025 2753 2069 ne
2777 2009 2909 2069 illos
2937 2012 3002 2070 in
3026 2016 3294 2088 personis
3326 2023 3432 2076 aut

1449 2097 1628 2159 rebus
1654 2099 1966 2160 molestare
1992 2108 2386 2177 praesumant.
3314 2120 3432 2172 576

629 2204 685 2259 1⁰
708 2214 852 2277 aug.
929 2202 1110 2278 Apud
1133 2203 1320 2264 Fran—
1367 2226 1451 2239 -—
1485 2195 1808 2257 Confirmat
1868 2197 2247 2258 donationem
2306 2214 2343 2259 a
2404 2201 2744 2277 praeposito.
2803 2200 3067 2279 Aquensi
3135 2210 3434 2269 canonicis

981 2298 1280 2361 ehenrnrt.
1448 2292 1834 2371 Aquensibus
1857 2294 2077 2356 factam
2099 2296 2359 2357 :scilicet
2381 2303 2450 2356 ut
2475 2312 2582 2372 pro
2606 2296 3022 2375 hospitalitatis
3047 2303 3433 2367 incommodis

1448 2391 1714 2466 quinque
1750 2389 1828 2450 de
1857 2398 2097 2452 centum
2135 2394 2351 2453 marcis
2387 2393 2461 2452 de
2495 2392 2890 2456 oblationibus
2927 2397 3204 2458 ecclesiae
3242 2402 3434 2475 perci-

1448 2487 1638 2561 piant.
2604 2530 2613 2535 -
3080 2502 3195 2553 57⁷
3227 2501 3288 2555 et
3315 2504 3431 2558 95³

643 2594 676 2644 ι
704 2601 844 2665 aug.
928 2586 1108 2667 Apud
1129 2590 1318 2651 Fran·
1369 2614 1452 2626 —
1489 2583 1818 2659 capellanis
1869 2584 1995 2645 suis
2045 2586 2345 2645 canonicis
2394 2586 2774 2664 Aquensihus
2842 2586 3067 2648 confert
3130 2590 3431 2667 jurnalem

982 2687 1282 2749 chaum-t,
1450 2694 1637 2741 unum
1664 2687 1853 2740 terrae
1875 2696 2019 2741 suae
2044 2682 2202 2742 cirea
2226 2698 2430 2742 eorum
2454 2684 2681 2744 curiam
2709 2682 2865 2759 apud
2893 2683 3119 2743 Dur-en.
3312 2695 3425 2746 577

645 2785 677 2838 8
705 2795 844 2859 aug.
909 2823 1322 2847 .......
1372 2808 1452 2824 ·-
1493 2778 1852 2839 Monasterio
1900 2776 2273 2838 dominarum
2314 2778 2715 2839 cisterciensis
2761 2779 2985 2839 ordinis
3025 2779 3183 2855 apud
3220 2782 3433 2843 Harste

1451 2873 1651 2931 omnia
1678 2870 1836 2931 bona
1867 2876 1928 2930 et
1963 2874 2359 2948 possessiones
2385 2888 2539 2948 quae
2565 2874 2677 2948 ipsi
2702 2872 2915 2932 collata
2939 2872 3180 2932 ruerunt
3203 2874 3431 2935 conflr-

1450 2973 1577 3029 mat
1590 3009 1611 3040 ,
1658 2974 1721 3029 et
1768 2966 2066 3028 ilcentiam
2112 2967 2333 3030 talibus
2378 2968 2795 3030 donationibus
2847 2968 2922 3030 de
2965 2976 3195 3031 caetero
3245 2971 3432 3032 adhi-

1449 3065 1575 3126 bet.
3314 3078 3431 3130 5¹18

635 3173 678 3225 18
704 3181 847 3246 aug.
928 3167 1107 3246 Apud
1130 3169 1319 3232 Fran-
1370 3193 1452 3208 —
1491 3161 1714 3222 Notum
1755 3160 1900 3222 facit
1945 3176 2009 3221 se
2046 3162 2288 3221 minime
2312 3168 2609 3236 monetas,
2640 3162 2890 3241 pedagia
2929 3171 2990 3225 et
3013 3165 3277 3241 ,iustitias
3303 3169 3434 3244 epi-

983 3265 1275 3328 cheufurt.
1451 3261 1616 3337 scopi
1633 3258 2109 3337 Osnahurgensis
2126 3276 2277 3337 quae
2301 3276 2340 3319 a
2365 3262 2490 3324 suis
2507 3260 3015 3336 predecessoribus
3038 3268 3223 3337 tenet,
3245 3266 3434 3325 minui

1451 3357 1634 3429 velle,
1679 3356 1786 3417 sed
1828 3372 1863 3416 e
1906 3362 2116 3417 contra
2160 3355 2310 3418 haec
2355 3357 2549 3417 eidem
2603 3360 2670 3417 in
2711 3360 2963 3436 pristino
3001 3364 3159 3419 statu
3212 3360 3435 3421 conflr-

1450 3455 1622 3523 mari‚
1649 3458 1764 3512 etc.
2284 3471 2289 3478 ¹
3317 3465 3432 3518 579

645 3563 678 3615 8
703 3570 847 3633 aug.
1034 3554 1214 3633 Apud
1374 3582 1454 3595 —
1491 3550 1860 3611 Auctoritate
1891 3551 2056 3626 regia
2090 3554 2152 3610 et
2194 3565 2274 3609 ex
2294 3556 2588 3627 potestate
2627 3566 2808 3627 quam
2850 3566 3039 3627 nuper
3074 3568 3111 3611 a
3136 3552 3433 3613 Friderieo

922 3651 1327 3716 Frmkmrurt
1452 3649 1805 3723 imperatore
1831 3652 1997 3723 patre
2021 3662 2130 3707 suo
2158 3647 2411 3723 adeptus
2443 3654 2565 3721 est,
2593 3650 2792 3708 omnia
2818 3648 3123 3725 privilegia
3157 3646 3234 3708 ab
3262 3655 3433 3709 ante—

954 3749 1021 3809 in
1046 3750 1298 3810 solemni
1453 3744 1785 3805 ceoeoribus
1811 3745 1935 3805 suis
1972 3741 2203 3803 civibus
2244 3743 2785 3805 Wormatiensibus
2823 3743 3054 3804 indulta
3090 3744 3429 3822 confirmat,

1033 3848 1213 3908 curia.
1453 3841 1707 3918 etjubet
1738 3857 1810 3901 ea
1844 3842 1909 3900 in
1943 3839 2152 3901 robore
2175 3839 2403 3917 absque
2435 3841 2770 3916 calumpnia
2803 3842 2866 3899 in
2901 3847 3202 3918 posterum
3236 3857 3431 3901 rema-

1455 3954 1616 3999 nere.
3314 3945 3431 3997 579

643 4044 679 4096 4
704 4052 846 4117 aug.
1037 4037 1219 4116 Apud
1375 4065 1457 4081 --
1495 4033 2036 4097 Wormatiensibus
2062 4030 2291 4093 civibus
2315 4031 2559 4092 mandat
2592 4048 2658 4092 se
2690 4045 2896 4092 eorum
2922 4031 3164 4091 consilia
3188 4039 3251 4093 et
3286 4050 3433 4094 con-

919 4133 1344 4198 Fraukenfurt.
1453 4133 1849 4194 fraternitates
1881 4135 1946 4192 in
1989 4138 2291 4208 posterum
2327 4130 2592 4203 ὠίου-ος
2623 4131 2699 4191 ad
2725 4147 2826 4192 eos
2858 4133 3098 4190 mittens
3140 4132 3432 4209 archiepi-

1454 4245 1698 4306 scopum
1737 4229 2185 4306 Moguntinum‚
2232 4227 2639 4288 marchionem
2676 4228 2751 4287 de
2786 4227 2989 4288 Baden
3022 4234 3084 4287 et
3119 4226 3432 4290 Gerlacum

1454 4327 1530 4387 de
1553 4327 1866 4404 Budingen
1891 4332 1963 4387 ut
1984 4341 2126 4386 cum
2147 4326 2422 4402 episeopo
2447 4326 2869 4386 Wormatiensi
2890 4324 2966 4385 de
2991 4330 3152 4384 statu
3180 4327 3438 4388 civitatis

1455 4423 1730 4484 ordinent
1752 4430 1812 4482 et
1837 4423 2173 4499 disponant.
3317 4433 3425 4485 581

644 4528 679 4580 8
706 4536 851 4600 sug.
1036 4520 1216 4600 Apud
1377 4552 1456 4565 -
1493 4520 2027 4581 wormatiensibus
2052 4519 2286 4581 civibus
2313 4518 2560 4580 mandat
2593 4534 2658 4580 se
2692 4518 2848 4578 inter
2871 4534 2974 4579 eos
3006 4524 3066 4579 et
3097 4518 3436 4597 episcopum

922 4617 1344 4680 FrankenIort.
1453 4634 1656 4679 eorum
1690 4617 2065 4678 concordiam
2090 4618 2323 4691 fecisse,
2352 4617 2466 4677 hoc
2493 4622 2663 4693 pacto
2688 4620 2758 4676 ut
2783 4615 3093 4677 consilium
3118 4622 3179 4677 et
3202 4617 3438 4678 confra-

1454 4717 1760 4776 ternitates
1800 4714 2104 4775 dimittant
2124 4755 2143 4787 ‚
2188 4713 2551 4791 mandatque
2593 4718 2662 4775 ut
2706 4713 3145 4791 archiepiscopo
3184 4713 3438 4792 Magun·
