4500 5956
1045 544 1170 608 670
2090 541 2452 604 numum
2497 540 2838 604 sss-run
3494 538 3657 618 [An.
3696 540 3872 604 1234.

1060 680 1294 772 itaque
1323 676 1456 749 sub
1501 675 2065 751 interminacione
2107 678 2328 771 gratie
2360 686 2590 750 nostre
2644 675 3036 749 firmissime
3071 674 3530 769 precipientes
3566 684 3648 747 ut
3688 676 3874 748 nulla

1054 822 1385 895 umquam
1414 821 1707 895 persona
1741 800 2020 872 humilis
2044 802 2158 874 vel
2184 803 2355 895 alta,
2392 800 2851 875 ecclesiastica
2877 800 2991 872 vel
3016 798 3408 891 mundana,
3449 798 3631 872 banc
3660 798 3875 872 dona·

1060 925 1327 998 cionem
1362 944 1527 1019 sepe
1561 922 1746 996 dicto
1780 924 2192 997 monasterio
2226 924 2568 998 indultam
2610 924 2984 1017 infringere
3027 921 3285 996 audeat
3326 930 3448 996 aut
3482 922 3548 995 ei
3583 923 3875 1014 alicujus

1060 1048 1323 1142 ingenii
1359 1046 1685 1147 scrupulo
1719 1047 2084 1121 contraire.
2124 1047 2330 1132 Quod
2366 1049 2489 1142 qui
2518 1050 2740 1121 faeere
2765 1046 3283 1143 presumpserit,
3317 1043 3870 1140 indignacionem

1060 1172 1399 1246 tremendi
1437 1170 1694 1266 judicis
1729 1181 2098 1266 nostreque
2135 1170 2582 1244 celsitudinis·
2605 1171 3079 1266 gravissimam
3117 1171 3451 1244 offensam
3492 1191 3571 1243 se
3603 1168 3872 1242 noverit

1050 1297 1512 1370 incursurum.
1569 1296 1678 1369 Ad
1717 1298 1918 1388 quus
1958 1295 2165 1369 etiam
2215 1296 2379 1368 facti
2427 1294 2639 1369 nostri
2686 1294 2897 1367 robur
2940 1294 3012 1366 in
3061 1303 3407 1389 posterum
3453 1293 3863 1385 valiturum,

1050 1441 1332 1515 presens
1366 1419 1807 1514 privilegium
1836 1418 2173 1491 conscribi
2202 1429 2273 1491 et
2301 1419 2531 1513 sigillo
2564 1425 2795 1492 nostro
2813 1418 3152 1510 jussimus
3174 1418 3517 1512 insigniri.

1145 1545 1378 1616 Testes
1408 1543 1508 1615 hii
1544 1550 1709 1614 sunt
1746 1569 1766 1614 ε
1811 1543 2240 1616 venerabiles
2273 1541 2570 1615 Sifridus
2593 1542 3076 1634 Maguntinus,
3115 1540 3557 1615 Burchardus
3585 1540 3872 1635 Magde-

1050 1666 1416 1760 burgensis
1447 1665 1976 1761 archiepiscopi,
2018 1667 2438 1740 Eckebertus
2468 1666 3043 1761 Babinbergensis
3061 1720 3082 1759 ,
3135 1666 3569 1739 Her-mannus
3612 1664 3870 1739 Herbi-

1052 1791 1390 1886 polensis,
1431 1789 1784 1863 Conradus
1810 1791 2397 1885 osnaburgensis»,
2438 1790 2922 1885 Engelhardus
2961 1790 3554 1884 Nuemburgensis
3575 1847 3592 1877 ,
3639 1788 3872 1862 Ecke-

1047 1912 1312 1986 hardus
1345 1914 1930 2009 Merseburgensis
1957 1915 2300 2011 episcopi,
2337 1916 2493 1989 Otto
2524 1915 2676 1987 dux
2695 1915 3017 1989 Bawarie
3044 1915 3388 2009 palatinus
3414 1933 3645 1987 comes
3669 1912 3863 2004 Reni,

1050 2037 1374 2110 Albertus
1406 2037 1559 2110 dux
1594 2039 1934 2131 Saxonis,
1989 2038 2356 2112 Heinricus
2391 2039 2823 2133 lantgravius
2847 2038 3252 2132 Thuringie,
3285 2037 3647 2111 Heinricus
3673 2058 3870 2110 mar-

1049 2162 1206 2234 chio
1223 2162 1614 2251 Misnensis‚
1652 2162 2014 2235 Heinricus
2032 2184 2264 2236 comes
2281 2162 2642 2255 Ascharie,
2684 2165 3121 2236 Hermannus
3150 2162 3457 2235 marchio
3489 2161 3581 2236 de
3601 2159 3862 2254 Baden,

1053 2286 1497 2358 Burchardus
1547 2287 1967 2381 burgravius
2020 2286 2677 2380 Magdeburgensis,
2711 2287 3065 2360 conradus
3118 2287 3534 2383 burgravius
3582 2286 3675 2361 de
3718 2286 3871 2359 Nu-

1049 2410 1393 2501 remberc,
1454 2431 1684 2483 comes
1740 2411 1898 2482 Otto
1954 2409 2044 2482 de
2095 2410 2565 2503 Ravensberc,
2632 2430 2862 2484 comes
2895 2411 3235 2484 Dietricus
3287 2410 3380 2485 de
3429 2410 3864 2505 Tekneburc,

1050 2534 1414 2606 Heinricus
1433 2534 1875 2626 marscalcus,
1899 2533 2257 2606 Heinricus
2274 2533 2363 2606 de
2390 2536 2616 2624 Nifen‚
2636 2534 3033 2609 Waltherus
3051 2535 3375 2629 pincerna
3401 2533 3494 2608 de
3515 2535 3864 2630 Limpurc,

1052 2656 1414 2733 conradus
1435 2658 1763 2753 pincerna
1781 2656 1873 2731 de
1898 2657 2433 2750 Wintersoeden,
2455 2658 2820 2731 Heinricus
2836 2660 3257 2732 camerarius
3279 2658 3371 2732 de
3395 2660 3866 2751 Ravensburc,

1057 2782 1417 2855 Heinricus
1442 2794 1514 2856 et
1538 2782 1900 2855 Heinricus
1930 2783 2169 2855 fratres
2200 2781 2522 2855 advocati
2553 2780 2646 2855 de
2676 2781 2910 2874 Wida,
2949 2791 3017 2855 et
3053 2783 3170 2855 alii
3202 2784 3670 2879 quamplures.

1147 2906 1398 2980 Actum
1444 2929 1630 2981 anno
1676 2906 2022 2983 dominice
2074 2907 2563 2980 incarnationis
2605 2906 2968 2980 millesimo
3009 2906 3482 2983 ducentesimo
3529 2907 3873 2982 tricesimo

1052 3040 1330 3125 quarto,
1385 3041 1585 3107 sexto
1630 3030 1793 3106 idus
1846 3032 2039 3125 julii,
2111 3031 2490 3106 indictione
2540 3033 2830 3127 septima
2854 3086 2875 3124 ,
2934 3054 3119 3107 anno
3171 3035 3367 3128 regni
3421 3036 3573 3127 ejus
3628 3043 3873 3127 quarto

1044 3153 1340 3227 decimo.

1156 3278 1445 3371 Signum
1483 3274 1750 3350 domini
1778 3277 2076 3351 Heinrici
2098 3277 2225 3350 Dei
2255 3279 2474 3372 gratia
2505 3280 2967 3354 Romanorum
2996 3282 3182 3375 regis
3209 3281 3669 3355 invictissimi.
3703 3280 3872 3377 (Mo-

1047 3399 1497 3496 moyramma.)

1148 3527 1396 3597 Datum
1422 3522 1614 3619 apud
1650 3522 2056 3619 Altenburc,
2095 3546 2316 3618 anno,
2357 3546 2627 3622 mense,
2667 3528 3047 3602 indictione
3075 3530 3472 3624 prenotatis.

1478 3814 1912 3824 '‘-Q-OOQQC-OODUO-
1934 3814 2397 3823 --—--——--—--——--
2413 3815 2671 3825 *ιω-.-
2833 3818 2960 3825 ‘mr-1..
2975 3819 3352 3829 ——a———o--ffo———es-
3373 3820 3444 3832 n-

727 4109 891 4212 ἐξὲξ
1156 4070 1558 4176 HenricuS,
1591 4067 2112 4153 Romanorum
2148 4095 2313 4176 reX,
2355 4069 2452 4152 ad
2491 4069 2892 4152 utilitatem
2919 4068 3238 4153 civitatis
3268 4096 3448 4154 suae
3476 4070 3866 4181 EgrensiS,

736 4216 918 4267 ”ium-
1054 4202 1461 4283 sectionem
1501 4202 1580 4279 in
1618 4227 1708 4282 ea
1744 4202 1839 4282 de
1874 4201 2039 4284 vico
2076 4201 2544 4311 Schiphgaze
2583 4201 2681 4284 ab
2715 4201 3040 4285 Henrioo
3076 4203 3172 4285 de
3197 4203 3624 4287 Libenstein
3661 4228 3871 4288 com-

1052 4344 1308 4440 parat,
1351 4341 1425 4413 et
1460 4332 1528 4413 ei
1585 4331 1886 4414 novalia
1927 4333 2008 4412 in
2057 4334 2404 4416 Gruoene
2430 4333 2651 4444 juxta
2687 4345 3027 4418 montem
3063 4335 3597 4448 Thilchelberg
3638 4337 3862 4422 cedit.

1213 4519 1405 4591 (Edit.
1437 4533 1534 4594 ap.
1567 4517 1823 4579 Monuni.
1857 4520 2060 4591 Boica,
2091 4527 2236 4580 tom.
2268 4520 2507 4600 XXXI,
2535 4538 2670 4599 pars
2696 4521 2775 4594 1⁸,
2812 4540 2874 4600 p.
2907 4532 3054 4597 558,
3084 4541 3119 4585 e
3142 4524 3294 4585 libro
3318 4525 3531 4602 coplall
3555 4527 3862 4604 antiquiss.

1284 4655 1362 4668 -
1391 4624 1695 4685 Memorat.
1729 4629 1925 4686 autem
1950 4642 1987 4687 a
2013 4627 2328 4687 Bauscmo
2353 4628 2418 4687 in
2445 4624 2977 4710 Monastoeioloqia,
3003 4647 3067 4707 p.
3098 4631 3269 4710 2⁴9.)
