4500 5956
1101 577 1223 639 682
2141 576 2485 636 nEchl
2536 576 2867 638 SEPTnss
3548 580 3708 658 [Anu.
3746 582 3918 643 1234.

1107 710 1267 791 sius
1304 734 1394 789 ac
1428 708 1725 816 imperii
1761 709 2048 790 honore
2101 708 2596 812 laboraverit3
2636 734 2844 789 nunc
2880 718 3134 790 autem
3155 768 3178 813 ,
3217 734 3462 818 quum
3516 710 3678 817 ipse
3711 723 3924 820 pater

1106 839 1499 922 malevolis
1547 842 1900 922 seductus
1946 840 2279 920 consiliis
2316 866 2498 948 erga
2552 867 2632 921 se
2684 840 2953 923 durius
3010 852 3224 949 agat,
3287 841 3509 921 illum
3562 852 3784 952 rogat
3835 857 3920 926 ut

1104 999 1260 1055 una
1314 998 1491 1053 cum
1554 974 1864 1053 caeteris
1918 971 2213 1079 imperii
2266 971 2736 1080 principibus
2791 971 3215 1080 supplicent
3267 972 3514 1055 eidem
3566 977 3775 1083 quod
3836 976 3912 1056 in

1102 1105 1316 1187 nullo
1351 1105 1721 1188 honorem
1759 1130 1987 1186 suum
2023 1104 2400 1185 diminuat
2433 1105 2550 1186 vel
2587 1105 2963 1187 immutet.

1259 1341 1448 1421 (Edit.
1491 1360 1587 1419 ap.
1633 1344 1988 1418 Seruum-r,
2032 1341 2290 1402 Vindem.
2329 1340 2538 1417 litter„
2570 1350 2617 1404 t.
2657 1345 2718 1418 Ι,
2756 1361 2818 1421 p.
2865 1352 3171 1422 los-200,
3207 1361 3283 1404 ex
3324 1345 3523 1406 codice
3566 1346 3915 1423 Magunfino

1335 1452 1441 1526 qui
1467 1450 1703 1509 videtur
1741 1450 1996 1525 episcopt
2031 1449 2552 1509 Hildesbetmensls
2583 1449 2732 1511 liber
2764 1452 3005 1527 coplalls
3041 1451 3246 1512 fuisse.
3280 1450 3458 1512 Anno
3488 1460 3667 1525 1798,
3708 1455 3774 1512 in
3807 1455 3912 1512 ln-

1334 1554 1545 1614 cendio
1572 1554 1927 1615 cathedralis
1964 1555 2241 1615 ecclesiae
2280 1555 2664 1632 Magunflnae
2677 1597 2697 1630 ,
2727 1556 2875 1618 dum
2899 1559 3113 1618 civitas
3148 1573 3187 1618 ι
3220 1558 3490 1620 Borussis
3523 1558 3908 1634 obsideretur,

1332 1657 1551 1720 librum
1576 1676 1817 1736 quoque
1843 1662 1980 1738 igne
2005 1666 2420 1736 consumptum
2445 1660 2691 1739 ferunt.)

1184 1871 1582 1963 Heinricus,
1658 1872 1778 1944 Dei
1838 1874 2056 1966 gratia
2105 1874 2567 1946 Romanorum
2611 1895 2743 1947 rex
2784 1885 2854 1947 et
2909 1895 3176 1970 semper
3231 1883 3608 1968 augustus,
3664 1873 3909 1946 dilecto

1087 1995 1380 2089 principi
1406 2015 1538 2066 suo
1568 1995 1642 2066 C.
1685 1996 2062 2067 venerabili
2100 1996 2677 2070 Hildesheimensi
2709 1998 3035 2094 episcopo
3064 1998 3352 2093 gratiam
3379 2020 3577 2070 suam
3612 2007 3682 2070 et
3705 2020 3907 2070 omne

1084 2120 1370 2190 bonum.
1410 2119 1668 2190 Recolit
1700 2119 1901 2212 plene
1936 2120 2292 2192 sinceritas
2331 2132 2452 2193 tua
2479 2143 2609 2194 nec
2643 2144 2684 2194 a
2717 2124 3045 2195 memoria
3073 2122 3424 2196 credimus
3453 2143 3606 2194 esse
3637 2123 3903 2215 lapsum

1079 2242 1375 2334 qualiter
1424 2241 1904 2314 serenissimus
1964 2244 2287 2315 dominns
2336 2245 2706 2339 imperator
2740 2254 2933 2341 pater
2977 2256 3209 2318 noster
3253 2244 3346 2318 ad
3392 2244 3658 2339 apicem
3710 2242 3903 2337 regni

1080 2362 1483 2437 Alemannie
1519 2366 1591 2436 in
1620 2366 1909 2460 imperio
1941 2366 2007 2438 ei
2038 2367 2323 2440 feliciter
2355 2389 2798 2440 successuros
2833 2368 2922 2441 de
2954 2378 3236 2463 paterne
3277 2366 3664 2441 dilectionis
3700 2365 3906 2437 beni-

1078 2489 1378 2561 volentia
1405 2499 1474 2563 et
1511 2490 1899 2585 principum
1934 2491 2152 2584 gratia
2195 2512 2323 2562 nos
2369 2493 2743 2586 promovit.
2779 2493 3087 2586 Cumque
3141 2492 3333 2564 filiali
3371 2492 3788 2581 reverentia,
3828 2498 3906 2561 ut

1075 2621 1416 2704 tenemur,
1463 2613 1978 2687 intenderemus
2008 2614 2146 2686 huc
2185 2637 2411 2709 usque
2441 2615 2663 2711 ipsius
2692 2637 2817 2711 per
2851 2617 3084 2689 omnia
3113 2613 3562 2711 beneplacitis
3587 2622 3658 2685 et
3688 2633 3901 2684 man-

1078 2734 1297 2828 datis,
1340 2737 1733 2811 insistentes
1765 2739 2051 2812 sollicite
2091 2793 2109 2810 .
2171 2793 2189 2811 .
2255 2794 2273 2811 .
2335 2793 2353 2811 .
2418 2793 2435 2810 .
2501 2795 2520 2811 .
2577 2794 2595 2811 .
2659 2791 2677 2810 .
2740 2794 2758 2811 .
2822 2794 2839 2811 .
2903 2794 2921 2812 .
2984 2793 3004 2810 .
3066 2793 3086 2810 .
3147 2793 3165 2810 .
3231 2794 3247 2811 .
3308 2794 3325 2810 .
3390 2792 3491 2845 ·:
3552 2787 3897 2808 .....

1081 2914 1673 2935 ........
1729 2863 1957 2936 cordis
1984 2863 2330 2937 desiderio
2365 2862 2787 2955 affectandO,
2844 2862 3075 2936 omnia
3128 2884 3267 2957 que
3311 2862 3598 2934 fecimus
3624 2860 3697 2931 in
3730 2859 3905 2931 Ale-

1073 2988 1354 3060 mannia
1389 2987 1603 3083 digna
1634 2991 1857 3060 relatu
1900 2998 1971 3061 et
2017 2989 2303 3060 consilio
2345 2988 2736 3083 principum
2771 2998 2843 3061 et
2879 2988 3254 3079 baronum,
3309 2986 3404 3059 ad
3448 2994 3899 3078 augmentum

1074 3109 1347 3204 imperii
1382 3112 1851 3207 disposuimus
1889 3120 1958 3184 et
2002 3112 2096 3184 ad
2127 3114 2679 3206 promovendum
2719 3113 3143 3186 serenissimi
3190 3111 3402 3206 patris
3447 3109 3659 3181 nostri
3697 3130 3899 3181 com-

1075 3232 1358 3303 modum
1390 3242 1457 3305 et
1485 3234 1842 3306 honorem.
1885 3235 2095 3306 Novit
2125 3235 2311 3307 enim
2343 3235 2711 3330 prudentia
2762 3246 2881 3310 tua
2916 3237 3264 3330 quomodo
3312 3234 3636 3307 dominns
3681 3254 3894 3327 papa,

1075 3365 1354 3450 sumpta
1387 3358 1784 3447 occasione,
1830 3358 2106 3430 volebat
2139 3357 2498 3431 dominum
2528 3382 2610 3431 ac
2635 3370 2900 3454 patrem
2945 3370 3255 3432 nostrum
3299 3379 3435 3430 non
3477 3358 3698 3428 solum
3729 3378 3899 3448 gra-

1072 3500 1277 3569 vare,
1315 3501 1556 3552 verum
1595 3481 1799 3553 etiam
1833 3479 1923 3551 ab
1963 3481 2336 3576 imperialis
2363 3482 2641 3555 honoris
2665 3482 2966 3555 culmine
2988 3482 3374 3577 deponere,
3431 3479 3524 3552 ad
3549 3479 3682 3551 hoc
3709 3479 3897 3548 omni

1072 3601 1355 3697 ingenio
1380 3610 1450 3674 et
1477 3603 1632 3674 totis
1660 3603 1932 3675 viribus
1967 3604 2337 3698 aspirando
2364 3629 2380 3687 ;
2424 3605 2535 3676 cui
2570 3627 2696 3678 nos
2726 3614 3039 3700 patenter
3067 3612 3136 3676 et
3170 3612 3478 3698 potenter
3519 3601 3897 3673 resistimus

1069 3734 1141 3799 et
1176 3748 1303 3799 nos
1331 3727 1782 3823 opposuimus
1802 3784 1820 3816 ,
1860 3727 2342 3801 submittentes
2372 3730 2679 3824 periculo
2712 3749 3071 3824 personam
3091 3781 3111 3819 ,
3159 3748 3270 3798 res
3296 3726 3553 3821 pariter
3585 3734 3655 3796 et
3680 3724 3896 3795 hono-

1068 3873 1243 3924 rem.
1275 3853 1361 3923 Et
1396 3874 1555 3924 cum
1595 3873 1805 3947 snper
1838 3852 2083 3925 eodem
2117 3853 2391 3946 negotio
2431 3853 2756 3925 dominus
2792 3852 2948 3923 Otto
2975 3849 3346 3923 cardinalis
3383 3847 3744 3942 legationis
3778 3847 3895 3916 of—

1070 3975 1228 4048 ficio
1275 3978 1668 4072 specialiter
1723 3978 1795 4048 in
1849 3978 2154 4073 partibus
2199 3975 2606 4049 Alemannie
2668 3979 3102 4069 fungeretur,
3169 3973 3839 4067 archiepiscoporum
3868 4022 3886 4057 ,

1073 4099 1553 4195 episcoporum
1582 4109 1651 4171 et
1688 4101 1980 4172 aliorum
2006 4103 2419 4195 prelatorum
2452 4099 2792 4192 colloquia
2833 4120 2970 4192 que
3005 4098 3099 4171 ad
3133 4097 3645 4170 incommodum
3686 4093 3892 4188 patris

1069 4224 1279 4294 nostri
1321 4223 1506 4295 idem
1540 4222 1913 4296 cardinalis
1948 4225 2328 4314 indixerat,
2374 4244 2497 4318 pro
2523 4244 2722 4318 posse
2759 4231 2829 4295 et
2853 4244 3054 4296 nosse
3091 4222 3377 4293 fecimus
3407 4218 3727 4314 impediri
3752 4213 3886 4310 (l);

1072 4355 1348 4440 propter
1372 4346 1566 4440 quod
1593 4367 1734 4418 non
1767 4348 1991 4418 solum
2025 4346 2314 4442 predicti
2341 4348 2584 4441 legati,
2619 4369 2866 4421 verum
2893 4348 3101 4419 etiam
3126 4344 3390 4420 domini
3424 4364 3604 4437 pape
3631 4351 3700 4413 et
3735 4360 3892 4410 car-

1144 4695 1219 4768 (4)
1256 4692 1336 4751 Cf.
1365 4706 1531 4767 supra
1557 4691 1626 4750 ad
1644 4706 1771 4749 ann.
1795 4692 1955 4763 ⁴229,
1982 4696 2022 4748 t.
2043 4690 2132 4762 111,
2163 4707 2218 4764 p.
2243 4694 2370 4762 ⁴⁴5,
2399 4691 2548 4750 etad
2572 4706 2771 4749 annum
2801 4694 2961 4762 ⁴230,
2990 4689 3220 4762 [bid-ern,
3248 4707 3304 4763 p.
3334 4691 3458 4760 tss,
3479 4689 3601 4747 ⁴39.
