4500 5956
1073 603 1198 666 604
2116 602 2463 664 mmmm
2514 602 2849 663 SEP'rnn
3530 606 3691 683 [Axx.
3731 606 3900 671 1233.

1189 1164 1594 1266 HenricuS,
1636 1164 2157 1247 Romanorum
2211 1189 2384 1270 rex,
2424 1161 3047 1245 ministerialibus
3084 1163 3242 1246 suis
3277 1164 3374 1246 de
3409 1164 3699 1277 Sintzig
3742 1193 3902 1250 no-

1084 1308 1252 1380 tum
1288 1297 1467 1378 facit
1510 1297 1720 1405 quod
1755 1321 1932 1377 cum
1969 1295 2171 1377 bona
2217 1321 2357 1376 sua
2395 1293 2823 1377 conservari
2865 1293 3047 1377 velit
3088 1294 3406 1404 imperio
3450 1307 3527 1379 et
3577 1297 3902 1381 fermam

1082 1457 1302 1513 suam
1340 1430 1576 1512 banni
1613 1430 1999 1511 custodiae
2036 1427 2466 1537 subjacere,
2509 1427 2899 1510 Gerhardo
2933 1428 3030 1509 de
3066 1427 3355 1538 Sintzig
3387 1431 3781 1514 mandavit
3814 1445 3902 1515 ut

1080 1573 1682 1670 transgressores
1718 1560 2093 1641 emendet.

1246 1764 1456 1839 (Edid.
1488 1764 1761 1837 Gonu„
1814 1760 1955 1825 Cod.
1987 1759 2150 1842 Dipt.
2198 1737 2584 1843 Magumjt.
2622 1761 2713 1837 11,
2743 1779 2881 1841 pars
2911 1764 3003 1842 11,
3030 1780 3094 1841 p.
3127 1773 3276 1839 989,
3317 1781 3397 1826 ex
3422 1766 3789 1845 autographo
3834 1768 3899 1828 tn

1319 1871 1558 1931 archivo
1581 1868 1893 1950 Landscr.)

1174 2058 1560 2143 Heinricns,
1594 2056 1718 2128 Dei
1757 2053 1974 2149 gratia
1992 2055 2458 2126 Romanorum
2486 2074 2614 2127 rex
2627 2063 2696 2126 et
2724 2075 2995 2150 semper
3018 2064 3385 2148 augustus,
3407 2055 3725 2130 fidelibus
3750 2058 3897 2131 suis

1078 2181 1425 2254 universis
1450 2177 2013 2251 ministerialibus
2036 2175 2127 2249 de
2146 2177 2477 2250 Sinzeche
2507 2178 2798 2272 gratiam
2829 2199 3030 2251 suam
3069 2187 3139 2251 et
3176 2200 3380 2251 omne
3409 2180 3696 2253 bonum.
3742 2180 3896 2254 Vo-

1076 2307 1293 2376 lentes
1320 2302 1649 2375 universa
1684 2301 1868 2373 bona
1895 2309 1964 2372 et
1987 2320 2098 2371 res
2131 2298 2380 2372 ditioni
2409 2308 2637 2372 nostre
2663 2300 3028 2373 attinentes
3066 2308 3206 2372 tam
3243 2301 3312 2372 in
3348 2303 3896 2397 pofflessionibus

1072 2448 1283 2521 quam
1316 2426 1390 2497 in
1416 2425 1649 2497 sermis
1679 2425 1908 2497 illesas
1934 2423 2136 2495 nobis
2151 2431 2222 2496 et
2247 2422 2537 2518 imperio
2564 2423 2955 2496 conservari
2981 2445 3249 2497 necnon
3279 2425 3566 2498 sermam
3593 2436 3893 2500 nostram

1071 2550 1284 2623 banni
1323 2546 1635 2622 custodie
1673 2547 2062 2640 subjacere,
2116 2544 2304 2619 fideli
2341 2554 2574 2619 nostro
2610 2545 2963 2619 Gerhardo
3004 2546 3093 2620 de
3135 2548 3420 2621 Sinzech
3461 2547 3786 2622 dedimus
3822 2550 3892 2621 in

1071 2671 1418 2746 mandatis
1444 2680 1521 2743 ut
1543 2671 1604 2743 si
1642 2670 1763 2765 qui
1798 2669 2105 2743 mandati
2129 2671 2340 2742 nostri
2378 2678 2911 2762 transgressores
2941 2670 3327 2763 extiterint,
3368 2671 3649 2745 eosdem
3682 2676 3894 2765 juxta

1073 2798 1403 2870 honorem
1431 2804 1737 2868 nostrum
1768 2802 1838 2867 et
1874 2793 2143 2889 imperii
2182 2791 2431 2867 debeat
2459 2792 2854 2867 emendare.
2895 2794 3069 2867 Hinc
3100 2805 3208 2868 est
3243 2794 3432 2888 quod
3461 2795 3894 2870 universitati

1070 2930 1297 2993 vestre
1322 2917 1734 2992 mandamus
1762 2938 1885 3013 per
1906 2917 2195 3008 gratiam
2229 2926 2530 2991 nostram
2566 2915 2850 2991 firmiter
2883 2918 3340 3015 precipientes
3373 2927 3721 3013 quatenns
3758 2920 3890 3016 ipsi

1073 3041 1254 3113 circa
1282 3039 1591 3135 predicta
1624 3040 1963 3113 auxilium
2001 3040 2478 3135 impendentes
2517 3040 2859 3136 impedire
2886 3043 3277 3114 nullatenus
3310 3043 3741 3137 presumatis.

1167 3165 1419 3234 Datum
1451 3160 1643 3256 apud
1667 3160 2078 3257 Bopardiam
2099 3218 2120 3254 ‚
2164 3164 2223 3234 Il
2249 3184 2468 3236 nonas
2494 3165 2755 3253 martii,
2801 3163 3180 3238 indictione
3209 3166 3345 3237 ΥΡ.

1172 3758 1544 3846 Henricus
1569 3817 1592 3863 ‚
1648 3756 2170 3839 Romanorum
2234 3780 2366 3836 rex
2382 3815 2407 3862 ‚
2463 3754 2957 3840 Bertholdum
3019 3757 3454 3867 episcopum
3510 3761 3822 3871 Argenti
3829 3811 3884 3826 -

1066 3920 1382 3980 nensem
1405 3955 1429 4001 ‚
1489 3889 1861 3974 familiam
1914 3886 2080 3997 ejus
2101 3949 2126 3993 ‚
2195 3887 2596 3972 consilium
2659 3901 2735 3972 et
2803 3890 3194 3975 universos
3257 3891 3458 3975 cives
3521 3893 3888 4004 Argenti-

1068 4053 1377 4132 nenseS‚
1416 4052 1510 4108 ex
1544 4024 1814 4107 intimo
1857 4021 2181 4107 foederis
2223 4021 2527 4106 vinculo
2573 4048 2729 4131 quo
2766 4022 2909 4106 sibi
2946 4033 3127 4105 sunt
3162 4024 3531 4131 adstricti,
3565 4026 3709 4109 sub
3746 4054 3886 4110 sua

1069 4156 1372 4263 speciali
1416 4156 1876 4263 protectione
1911 4154 2174 4262 recipit
2187 4215 2211 4261 ‚
2252 4153 2358 4236 ita
2410 4163 2496 4237 ut
2530 4152 2992 4262 ubicumque
3042 4180 3179 4263 per
3228 4154 3631 4265 imperium
3674 4160 3886 4268 regio

1065 4286 1484 4398 patrocinio
1519 4285 2050 4367 defendantur.

1236 4497 1446 4579 (Edid.
1477 4498 1819 4569 Wnncxn,
1844 4494 2180 4576 Apparatus
2204 4494 2586 4574 archium-um,
2614 4515 2676 4576 p.
2711 4506 2847 4573 162,
2876 4509 2942 4560 n⁰
2967 4499 3107 4580 111.)

1176 4684 1550 4776 Henricus,
1602 4684 1726 4758 Dei
1773 4684 1993 4780 gratia
2029 4685 2487 4757 Romanorum
2515 4707 2641 4759 rex
2697 4696 2767 4760 et
2815 4709 3086 4784 semper
3122 4698 3487 4784 augustus,
3537 4688 3882 4762 universis
