4500 5956
580 608 775 671 lsmcr.
805 603 903 683 9.]
1481 594 1883 658 HISTORIA
1931 589 2518 655 munumina.
3287 589 3407 654 847

585 742 654 814 in
700 737 1108 827 Jerusalem,
1162 731 1502 806 Henricus
1554 751 1789 804 comes
1834 728 2157 803 Senensis
2177 782 2197 816 ,
2237 723 2703 801 Theudoricus
2748 744 2980 797 comes
3028 722 3401 817 Clevensis,

584 865 738 937 Otto
780 882 1013 936 comes
1048 855 1395 931 Gelrensis
1412 912 1435 947 ,
1470 851 1885 930 Willielmus
1923 874 2152 928 comes
2198 847 2639 939 Juliacensis,
2674 857 2744 922 et
2776 847 2893 921 alii
2930 849 3401 943 quamplures.

677 987 973 1081 Signum
1012 981 1283 1056 domini
1318 978 1648 1054 Friderici
1665 1034 1683 1066 ,
1731 978 1860 1052 Dei
1908 978 2127 1073 gratia
2173 977 2635 1050 Romanorum
2672 971 3103 1068 imperatoris
3137 991 3409 1066 semper

594 1108 868 1204 augusti
889 1161 910 1197 ,
946 1104 1322 1180 Jerusalem
1359 1111 1430 1174 et
1457 1101 1687 1174 Sicilie
1717 1100 1925 1194 regis.

677 1232 855 1308 Acta
917 1237 1081 1303 sunt
1143 1228 1275 1301 bec
1337 1246 1523 1300 anno
1581 1224 1928 1297 dominice
1984 1221 2470 1297 incarnationis
2526 1220 2895 1294 millesimo
2940 1219 3412 1293 ducentesimo

589 1355 931 1429 tricesimo
968 1359 1195 1442 sexto,
1236 1369 1478 1422 mense
1512 1345 1754 1438 madii,
1795 1366 1980 1419 nona
2013 1344 2415 1435 indictione,
2456 1344 2834 1437 imperante
2867 1340 3145 1415 domino
3180 1351 3413 1416 nostro

590 1476 971 1568 Friderico,
1022 1474 1150 1548 Dei
1202 1472 1428 1566 gratia
1487 1469 1947 1544 invictissimo
1998 1469 2462 1541 Romanorum
2518 1466 2926 1561 imperatore
2966 1486 3237 1562 semper
3285 1487 3412 1539 au-

591 1611 827 1696 gusto,
865 1599 1238 1673 Jerusalem
1273 1605 1341 1668 et
1379 1595 1615 1668 Sicilie
1645 1616 1842 1687 rege,
1880 1612 2064 1666 anno
2095 1591 2368 1686 imperii
2404 1590 2556 1680 ejus
2596 1599 2795 1662 sexto
2821 1586 3184 1686 [decimo],
3218 1590 3414 1682 regni

590 1721 965 1796 Jerusalem
1009 1718 1407 1810 undecimo,
1445 1717 1644 1810 regni
1679 1737 1845 1790 vero
1875 1715 2105 1788 Sicilie
2141 1713 2483 1787 tricesimo
2519 1722 2790 1802 octavo,
2821 1711 3134 1786 feliciter.
3164 1712 3412 1786 Amen.

614 1904 619 1909 .
686 1847 939 1918 Datum
970 1841 1163 1938 apud
1194 1840 1722 1931 Confluentiam,
1762 1859 1975 1931 anno,
2011 1858 2255 1911 mense
2282 1845 2352 1912 et
2379 1836 2762 1911 indictione
2797 1835 3214 1932 prescriptis.

697 2456 1126 2540 Fridericus
1144 2517 1167 2564 ,
1225 2457 1750 2540 Romanorum
1813 2453 2254 2563 imperator,
2314 2452 2670 2537 fidelibus
2743 2454 2903 2536 suis
2970 2455 3429 2566 encyclicam
3552 2480 3767 2589 ‘gl-2224

600 2588 877 2694 mittit,
936 2615 1093 2698 qua
1132 2596 1334 2670 statu
1368 2586 1687 2696 pacifico
1722 2586 2018 2694 imperii
2064 2596 2139 2668 et
2180 2586 2593 2670 rebellione
2633 2586 3243 2670 Lombardorum
3296 2588 3434 2670 fu-

603 2719 757 2803 sius
791 2721 1189 2829 expositis,
1228 2721 1548 2802 mandat
1595 2728 1680 2802 ut
1716 2719 1816 2801 ad
1852 2719 2146 2802 curiam
2178 2744 2414 2827 quam
2463 2720 2667 2828 apud
2718 2718 3182 2802 Placentiam
3217 2720 3436 2803 duxit

603 2852 1115 2952 indicendam,
1187 2878 1267 2935 se
1293 2861 1786 2961 praeparent,
1825 2851 1962 2935 ubi
2012 2845 2570 2934 ambassatores
2613 2851 2840 2933 etiam
2884 2850 3285 2935 rebellium
3320 2852 3440 2935 ci-

604 2985 923 3068 vitatum
959 2984 1359 3070 convocari
1395 2983 1749 3067 debeant.

763 3201 957 3275 (Edit.
988 3216 1089 3277 ap.
1118 3199 1284 3260 Petri
1309 3196 1379 3258 de
1417 3199 1549 3259 Vin.
1571 3199 1794 3279 Epist„
1813 3197 1919 3260 lib.
1932 3198 2044 3271 111,
2073 3214 2206 3276 cap.
2240 3200 2295 3278 1,
2313 3205 2373 3260 et
2390 3214 2488 3275 ap.
2508 3198 2728 3273 Pan-rt,
2755 3196 3019 3258 Menum.
3052 3197 3246 3262 Gor-m.
3266 3199 3427 3277 laist„

843 3312 887 3369 t.
909 3306 1016 3381 1v,
1037 3324 1099 3384 p.
1120 3315 1264 3385 320,
1281 3307 1671 3369 excodicibus
1688 3312 1815 3368 tum
1836 3306 2321 3386 Wilheringensi,
2340 3311 2468 3366 tum
2483 3307 2769 3368 Vaticano
2780 3313 2958 3366 4957.
2979 3306 3269 3373 Collatum
3287 3326 3434 3387 quo-

842 3430 961 3493 que
977 3414 1343 3475 damuscum
1364 3414 1553 3476 codic.
1585 3415 1777 3476 Paris.
1798 3414 2216 3488 Nom-Dama,
2242 3423 2385 3493 202,
2405 3419 2466 3474 et
2491 3412 2562 3474 S.
2597 3411 2791 3474 Germ.
2817 3411 3065 3493 Hau-lay,
3087 3424 3228 3491 455,
3249 3422 3430 3493 atque

846 3520 1191 3582 denuocum
1209 3520 1412 3580 codice
1436 3519 1670 3581 Musaei
1692 3520 1962 3580 Britann.
1980 3519 2221 3599 (Harley
2250 3529 2362 3581 367
2371 3522 2452 3594 8).
2482 3520 2695 3582 Variae
2720 3521 2936 3580 adsunt
2964 3521 3254 3599 rubricae,
3277 3524 3432 3582 inter

840 3642 992 3703 quas
1026 3642 1125 3703 ap.
1155 3624 1318 3686 Petr.
1348 3625 1426 3686 de
1460 3618 1712 3688 Vincis:
1745 3644 1779 3683 α
1805 3623 2177 3702 Principibus
2210 3625 2601 3686 Alamanniae
2630 3622 2756 3703 (sic)
2802 3625 2963 3702 quod
3006 3629 3248 3687 veniant
3272 3626 3431 3702 apud

837 3731 1114 3792 Parmam
1150 3731 1500 3792 celebraturi
1532 3731 1756 3791 ibidem
1784 3731 2086 3792 solennem
2114 3732 2377 3803 curiam3
2411 3749 2444 3788 n
2467 3732 2531 3790 in
2558 3731 2690 3791 cod.
2722 3730 3218 3792 Medio-Montan.
3253 3748 3433 3808 penes

839 3836 917 3898 D.
930 3837 1047 3898 Th.
1068 3837 1361 3914 Phillipps
1377 3854 1393 3896 z
1414 3856 1446 3896 a
1469 3836 1822 3899 Fredericus
1840 3839 1991 3897 sacri
2008 3837 2240 3912 imperii
2255 3839 2320 3896 in
2333 3835 2688 3897 Lombardia
2701 3837 2924 3896 vicario
2940 3837 3248 3912 quodcitet
3263 3852 3433 3897 com-

842 3943 1163 4002 munitates
1205 3944 1516 4003 civitatum
1556 3941 1907 4003 Lombardie
1956 3942 2034 4004 ad
2076 3944 2305 4002 curiam
2349 3942 2665 4007 tenendam
2709 3943 2773 4002 in
2812 3943 3056 4016 Parma3
3097 3960 3130 3999 s
3177 3944 3241 4002 in
3295 3941 3433 4004 cod.

842 4047 1073 4109 Musaei
1108 4049 1383 4110 Britann.
1418 4068 1434 4109 ε
1475 4068 1509 4107 α
1541 4048 1905 4123 Fridericus‚
1947 4053 2088 4120 etc„
2128 4047 2448 4108 venerabili
2473 4048 2792 4110 Cumarum
2819 4049 3107 4125 episcopo.
3137 4065 3170 4104 n
3202 4048 3295 4108 Ex
3323 4047 3436 4109 hoc

840 4154 1053 4214 ultimo
1079 4153 1244 4215 fonte
1262 4172 1386 4215 non
1406 4154 1807 4216 dubitandum
1826 4156 1972 4232 quin
1993 4154 2297 4233 encyclica
2320 4155 2398 4214 sit
2416 4158 2475 4213 et
2491 4153 2570 4214 ad
2595 4168 2858 4213 mensem
2886 4154 3113 4214 maium
3139 4156 3439 4216 ineuntem

845 4259 1209 4322 collocanda.
1240 4260 1335 4324 Cf.
1365 4262 1721 4335 aarum„
1747 4256 1971 4321 Annal.
2000 4256 2216 4334 eccles„
2248 4260 2327 4321 ad
2353 4275 2493 4320 ann.
2527 4267 2711 4332 1236,
2741 4256 2789 4341 3
2814 4257 2949 4338 IV.)

707 4442 1137 4539 Fridericus‚
1204 4448 1330 4520 Dei
1405 4449 1626 4540 gratia
1682 4448 2143 4520 Romanorum
2200 4448 2598 4545 imperator,
2663 4448 3040 4521 Jerusalem
3092 4455 3163 4520 et
3213 4434 3446 4521 Sicilie

617 4587 781 4661 rex,
825 4577 957 4642 etc.
1019 4571 1199 4643 Dum
1251 4570 1642 4645 debitorum
1668 4581 2066 4645 nostrorum
2123 4570 2584 4669 chirographa
2627 4573 2959 4668 legimus,
3001 4571 3168 4645 dum
3210 4573 3443 4644 calen-

620 4688 791 4763 darii
843 4693 1056 4765 nostri
1120 4695 1403 4769 nomina
1456 4695 1980 4791 diligentissime
2026 4705 2568 4793 perscrutamur,
2615 4708 2685 4772 et
2730 4719 2859 4771 nos
2903 4696 3249 4773 debitores
3295 4696 3446 4769 aliis
