4500 5956
722 617 919 679 lucter.
954 616 1047 694 9.]
1626 616 2016 680 HISTORIA
2065 616 2655 678 MPLOMATICA.
3430 621 3549 681 775

725 750 1271 824 terminationem
1346 749 1628 843 procedi
1688 771 1828 823 non
1885 754 2112 848 potuit
2159 751 2562 845 hujusmodi
2623 747 3030 846 questionis,
3096 752 3276 823 Dicti
3342 755 3546 827 etiam

726 875 982 948 electus
1029 882 1100 946 et
1159 872 1486 966 magister
1532 873 1866 968 eligentes
1901 876 2131 971 potius
2178 877 2250 947 in
2301 875 2434 948 hac
2482 883 2676 970 parte
2738 883 2936 945 tuum
2987 885 3352 969 expectare
3404 899 3550 949 res-

727 1019 1017 1092 ponsum
1075 1020 1284 1091 quam
1339 996 1605 1091 aliquid
1661 998 2046 1072 inconsulto
2098 1009 2166 1071 te
2221 1020 2504 1091 gerere,
2558 1000 2924 1071 noluerunt
2968 1019 3177 1092 super
3225 997 3358 1071 hoc
3414 1000 3552 1072 ali·-

727 1121 894 1214 quid
933 1130 1314 1215 acceptare.
1363 1120 1667 1215 Ideoque
1712 1122 2148 1194 serenitatem
2205 1131 2390 1192 tuam
2440 1119 2853 1192 monendam
2902 1122 3234 1194 duximus
3275 1130 3345 1193 et
3387 1122 3548 1193 hor-

730 1243 1004 1316 tandam
1038 1251 1422 1338 quatenus,
1464 1245 1773 1339 inspecta
1814 1244 2065 1317 cedula
2113 1266 2323 1338 quam
2357 1245 2479 1316 tibi
2524 1244 2656 1316 sub
2696 1245 2885 1315 bulla
2939 1255 3167 1317 nostra
3214 1247 3548 1317 mittimus

729 1368 1197 1457 interclusam,
1255 1390 1463 1462 super
1520 1368 1633 1439 his
1684 1377 1802 1441 tue
1847 1369 2225 1441 voluntatis
2280 1369 2788 1463 beneplacitum
2833 1369 3300 1463 imperialibus
3348 1369 3549 1441 nobis

729 1489 1073 1565 insinuare
1129 1491 1368 1563 litteris
1424 1513 1563 1563 non
1632 1501 2027 1587 postponas.
2080 1492 2396 1565 Ceterum
2452 1514 2888 1585 nequaquam
2951 1514 3157 1585 super
3206 1492 3548 1564 interdicti

729 1615 962 1709 prefati
1012 1614 1442 1687 relaxatione
1484 1614 1808 1704 turberis,
1847 1637 2009 1687 cum
2046 1638 2141 1687 ex
2180 1616 2316 1688 hoc
2359 1614 2484 1686 tibi
2531 1617 2797 1686 nullum
2838 1615 3293 1710 prejudicium
3333 1638 3546 1710 gene-

731 1747 935 1829 retur,
975 1747 1046 1811 et
1082 1738 1156 1810 id
1192 1738 1462 1811 honore
1501 1749 1621 1810 tuo
1657 1738 2112 1830 considerato,
2154 1739 2246 1809 ob
2301 1749 2553 1810 statum
2609 1739 2791 1810 illius
2840 1748 3014 1809 terre
3060 1738 3323 1832 integre
3373 1761 3551 1811 con-

730 1860 1142 1933 servandum
1186 1862 1590 1953 fecerimus,
1644 1883 1914 1934 necnon
1957 1863 2065 1935 ad.
2086 1862 2512 1957 imperialem
2569 1862 3091 1950 exaltationem,
3147 1862 3361 1955 ipsam
3399 1885 3550 1935 esse

732 1994 1024 2056 nostram
1067 1995 1136 2057 et
1170 1986 1476 2057 Ecclesie
1516 1986 1752 2080 procul
1805 1985 2020 2057 dubio
2066 1995 2499 2080 reputantes,
2543 1984 2616 2056 in
2664 1985 2775 2057 his
2809 1995 2880 2057 et
2924 1985 3076 2056 aliis
3113 1984 3394 2057 firmiter
3427 2007 3552 2057 as·-

732 2109 1059 2202 piremus.

820 2233 1066 2303 Datum
1106 2231 1377 2324 Assisii,
1415 2232 1476 2303 X
1518 2229 1853 2304 kalendas
1888 2231 2225 2321 octobris,
2263 2252 2446 2303 anno
2483 2251 2691 2303 nono.

832 2432 1098 2533 [Tertor
1160 2432 1471 2513 cedulae
1524 2457 1749 2539 quam
1811 2457 2027 2540 papa
2076 2430 2276 2512 misit
2332 2429 2781 2539 imperatori
2842 2434 2933 2511 de
2995 2434 3211 2512 rebus
3275 2432 3547 2541 Syriae

732 2563 1297 2672 componendis]

822 2728 1045 2821 Super
1081 2726 1359 2821 negotio
1405 2727 1600 2821 regni
1637 2727 2238 2822 Hyerosolimitani
2285 2727 2711 2822 beneplacito
2759 2737 2878 2799 tuo
2925 2728 3122 2800 nobis
3167 2729 3359 2823 prius
3404 2753 3547 2804 ex—

733 2849 983 2941 posit0,
1032 2849 1265 2920 omnia
1305 2851 1538 2943 quoad
1568 2852 1688 2943 jus
1731 2851 2182 2945 possessionis
2225 2860 2294 2923 et
2347 2849 2818 2944 proprietatis,
2861 2849 2929 2918 in
2981 2868 3144 2920 eum
3183 2861 3433 2924 statum
3472 2854 3543 2925 in

731 2995 864 3065 quo
897 2984 1060 3044 ante
1100 2972 1516 3046 discordiam
1549 2974 1725 3044 inter
1759 2973 2171 3047 Riccardum
2208 2972 2663 3065 Filangerium
2708 2972 3196 3045 marescalcum
3244 2985 3438 3047 tuum
3479 2990 3547 3051 et

732 3097 991 3169 nobiles
1025 3107 1095 3169 et
1131 3098 1424 3169 barones
1457 3099 1705 3192 [regni]
1746 3099 2042 3193 predicti
2084 3108 2154 3172 et
2183 3099 2371 3170 cives
2404 3097 2838 3170 Acconenses
2875 3097 3090 3170 fuisse
3138 3112 3544 3191 noscuntur,

731 3220 1094 3311 reducere3
1131 3230 1202 3292 et
1237 3231 1312 3292 ut
1352 3222 1543 3294 cives
1579 3231 1646 3295 et
1681 3222 1930 3295 sindici
1973 3219 2403 3294 Acconenses
2439 3220 2693 3293 balivis
2735 3242 2911 3314 quos
2952 3221 3049 3292 ibi
3089 3244 3211 3316 pro
3252 3234 3552 3317 tempore

732 3343 1016 3417 duxeris
1062 3345 1463 3418 statuendos
1506 3354 1628 3418 tuo
1663 3355 1735 3419 et
1774 3346 2026 3419 nobilis
2069 3346 2202 3418 viri
2240 3345 2518 3418 Corradi
2565 3345 2706 3416 nati
2755 3345 2855 3416 tui
2893 3345 3196 3437 nomine,
3244 3348 3316 3418 in
3353 3349 3552 3422 ordi-

729 3469 1002 3541 natione
1065 3480 1441 3542 castrorum
1500 3479 1570 3542 et
1628 3470 2067 3561 officialium,
2128 3471 2567 3565 perceptione
2636 3468 3038 3541 reddituum
3110 3480 3179 3542 et
3241 3472 3549 3544 omnium

728 3593 1013 3665 aliorum
1039 3594 1299 3685 jurium
1338 3594 1581 3688 quein
1623 3594 1776 3688 ipso
1807 3614 2024 3686 regno
2059 3592 2152 3667 ad
2186 3615 2422 3685 regem
2467 3592 2557 3665 de
2599 3593 2884 3687 antiqua
2938 3603 3004 3664 et
3052 3594 3332 3666 obtenta
3385 3616 3549 3666 con-

726 3716 1096 3789 suetudine
1155 3727 1468 3812 spectare
1521 3727 1923 3808 noscuntur,
1963 3718 2174 3791 salvis
2210 3718 2472 3789 assisiis
2514 3738 2779 3788 necnon
2826 3716 3128 3810 antiquis
3176 3727 3244 3788 et
3299 3740 3549 3812 appro-

728 3840 903 3911 batis
939 3841 1136 3935 regni
1167 3839 1457 3935 predicti
1497 3840 2142 3927 consuetudinibus,
2176 3840 2530 3927 obediant,
2563 3847 2634 3910 et
2659 3839 2789 3933 ipsi
2827 3860 2908 3910 ac
2943 3838 3210 3910 nobiles
3238 3838 3550 3930 ejusdem

730 3968 921 4060 regni
960 3968 1421 4039 communiam
1462 3965 1868 4059 dissolvant,
1903 3988 2306 4060 campanam
2344 3964 2691 4059 deponant
2722 3973 2790 4035 et
2828 3972 3197 4034 amoveant
3237 3966 3552 4037 consules

730 4100 794 4162 et
826 4092 1226 4188 capitaneos
1262 4093 1351 4164 ab
1386 4092 1489 4163 eis
1542 4101 1696 4186 post
1745 4100 1964 4165 ortam
2004 4089 2424 4163 discordiam
2464 4087 2855 4178 ordinatoS,
2902 4096 2973 4159 et
3006 4087 3328 4159 omnibus
3356 4090 3551 4179 jura-

730 4215 975 4287 mentis
1019 4216 1216 4288 factis
1251 4217 1320 4286 in
1372 4214 1834 4310 prejudicium
1867 4226 2065 4287 tuum
2100 4224 2170 4288 et
2202 4212 2482 4286 Corradi
2519 4210 2827 4305 ejusdem
2868 4210 3142 4305 penitus
3187 4211 3544 4305 abjuratiS,

732 4336 967 4411 iterato
994 4339 1119 4411 tibi
1164 4350 1233 4412 et
1266 4340 1330 4411 ei
1368 4339 1717 4412 fidelitatis
1760 4340 2136 4412 exhibeant
2158 4341 2582 4431 juramenta,
2619 4358 2862 4408 sumus
2895 4344 3193 4407 statuere
3232 4345 3303 4409 et
3347 4336 3551 4410 ordi-

732 4482 894 4533 nare
920 4463 1167 4558 parati,
1205 4464 1265 4534 si
1298 4463 1390 4535 ad
1423 4464 1499 4536 id
1531 4474 1649 4536 tua
1677 4464 2007 4537 serenitas
2052 4461 2603 4536 accommodabit
2635 4481 3018 4532 assensum.
3061 4458 3374 4531 Ceterum
3404 4482 3553 4555 pre-

736 4580 956 4672 dictus
997 4586 1082 4658 R.
1125 4589 1582 4659 marescalcus
1627 4598 1789 4659 tuus
1822 4586 1916 4659 ad
1962 4586 2398 4678 bajulationis
2440 4584 2741 4656 officium
2782 4583 2874 4654 ob
2913 4592 3110 4653 tuum
3160 4585 3552 4656 restituatur

739 4704 1098 4802 honorem,
1140 4711 1235 4783 ita
1269 4719 1499 4784 tamen
1530 4710 1721 4807 quod
1766 4710 2045 4802 bajulus
2097 4709 2262 4781 hinc
2315 4709 2481 4781 inde
2518 4708 2707 4780 omni
2743 4727 2985 4781 carens
3030 4707 3422 4803 suspicione
3477 4707 3553 4780 in
