4500 5956
574 647 768 706 Innrcr.
801 640 891 726 9.]
1479 638 1869 700 HISTORIA
1921 638 2511 702 mPLOMA'rch.
3271 636 3388 700 891

577 779 741 867 rati,
786 778 979 850 salva
1009 775 1082 846 in
1116 773 1439 847 omnibus
1484 783 1718 846 nostra
1745 773 2130 847 reverentia
2169 782 2240 847 et
2275 774 2709 861 auctoritate,
2746 779 3135 844 reverenter
3162 771 3396 844 obser-

576 900 753 974 vetis
782 898 1044 972 eisdem
1083 896 1381 983 civibus,
1423 906 1502 967 ut
1534 898 1841 969 favorem
1879 907 2108 970 nostre
2140 898 2358 989 gratie
2394 898 2527 970 sibi
2562 895 2806 969 adesse
2838 895 3135 969 sentiant
3162 903 3231 969 et
3266 916 3394 969 vos

576 1022 847 1116 possitis
878 1042 1002 1116 per
1037 1019 1169 1093 hoc
1202 1041 1245 1091 a
1280 1029 1510 1091 nostra
1542 1019 1950 1095 celsitudine
1979 1020 2470 1095 commendari.

670 1146 922 1217 Datum
957 1142 1147 1240 apud
1178 1141 1589 1236 Augustam,
1632 1141 1899 1216 decima
1937 1143 2132 1215 tertia
2155 1142 2338 1234 julii,
2382 1164 2561 1215 nona
2592 1139 2991 1213 indictione.

679 1798 1144 1908 FridericuS,
1205 1776 1727 1885 Romanorum
1787 1800 2237 1908 imperator,
2298 1797 2686 1908 generales
2747 1798 3131 1881 nundinas
3186 1798 3386 1909 apud

569 1933 873 2019 Lubeck
911 1934 1132 2016 annis
1188 1932 1509 2043 singulis
1549 1957 1595 2013 a
1631 1930 1824 2013 festo
1864 1931 2339 2013 Pentecostes
2385 1956 2628 2039 usque
2675 1931 2774 2013 ad
2819 1930 3098 2014 festum
3151 1931 3390 2013 sancti

568 2064 824 2148 Jacobi
853 2065 1347 2148 celebrandas
1386 2064 1676 2171 statuit,
1716 2062 2223 2171 omnibusque
2258 2060 2609 2145 fidelibus
2654 2062 2971 2145 mandat
3006 2073 3092 2146 ut
3126 2063 3225 2145 ad
3262 2088 3392 2146 eas

572 2196 717 2281 sub
753 2222 895 2280 sua
929 2208 1005 2280 et
1037 2196 1334 2305 imperii
1372 2195 1770 2280 securitate
1802 2195 2137 2279 veniant.

729 2430 920 2509 (Edit.
949 2447 1048 2508 ap.
1083 2429 1225 2494 Cod.
1256 2428 1558 2510 diplomat.
1586 2428 1825 2503 Lutea„
1852 2446 1988 2507 pars
2013 2430 2088 2504 1⁸,
2116 2445 2175 2506 p.
2203 2436 2305 2506 88,
2334 2438 2402 2488 n⁰
2428 2428 2698 2502 Lxxvl,
2721 2446 2798 2490 ex
2823 2429 2973 2491 libro
2996 2429 3205 2508 coplalt
3227 2430 3386 2489 dicto

805 2533 875 2597 de
899 2533 1256 2616 Baranam,
1284 2536 1389 2598 fot.
1427 2534 1550 2614 ιη.)

664 2744 1103 2836 Fredericus,
1140 2745 1263 2818 Dei
1306 2745 1526 2839 gratia
1556 2746 2022 2818 Romanorum
2072 2745 2437 2840 imperator
2475 2767 2742 2839 semper
2780 2753 3152 2836 augustus,
3189 2747 3382 2818 Jeru-

564 2868 778 2943 salem
836 2881 904 2942 et
955 2868 1184 2941 Sicilie
1238 2891 1399 2962 rex,
1439 2870 1785 2941 universis
1820 2879 1958 2943 tam
2007 2868 2329 2943 fidelibus
2374 2891 2586 2964 quam
2628 2868 2867 2941 amicis
2918 2867 3184 2962 imperii
3225 2890 3376 2963 pre·

565 3002 790 3067 sentes
836 2994 1095 3065 litteras
1139 2993 1552 3087 inspecturis
1599 2993 1921 3067 fidelibus
1964 2995 2110 3066 suis
2155 2995 2445 3089 gratiam
2488 3016 2686 3067 suam
2736 3002 2806 3066 et
2840 3015 3046 3066 omne
3089 2994 3376 3066 bonum.

567 3115 737 3189 Cum
790 3118 1131 3212 generalis
1178 3118 1438 3191 utilitas
1485 3140 1609 3214 per
1660 3119 1920 3192 alterna
1973 3119 2386 3191 commercia
2447 3119 2875 3191 venientium
2921 3119 2996 3190 in
3049 3119 3382 3192 nundinis

562 3259 774 3334 procu
783 3248 972 3312 retur
1007 3250 1077 3311 et
1112 3260 1204 3314 ex
1237 3250 1470 3314 nostra
1506 3241 1885 3315 intentione
1919 3239 2247 3337 procedat
2285 3242 2385 3312 sic
2427 3239 2736 3314 fidelium
2782 3252 3167 3315 nostrorum
3198 3242 3385 3315 utili·

561 3361 684 3435 tati
716 3364 1105 3458 prospicere
1137 3372 1213 3437 ut
1243 3364 1506 3437 exinde
1533 3366 1737 3459 longe
1770 3366 2040 3459 lateque
2072 3365 2429 3459 proveniat
2461 3375 2799 3459 oportuna
2834 3365 3149 3439 materies
3180 3388 3383 3440 com-

560 3484 913 3558 moditatis
940 3485 1035 3558 ad
1062 3507 1325 3579 omnes,
1366 3488 1547 3560 scire
1572 3488 1896 3560 volumus
1932 3489 2294 3561 universos
2329 3488 2524 3583 quod
2553 3509 2677 3583 pro
2709 3490 3058 3562 communi
3094 3490 3382 3564 utilitate

559 3608 869 3680 omnium
917 3610 1271 3702 generales
1309 3611 1662 3683 nundinas
1700 3610 1889 3706 apud
1928 3612 2207 3686 Lubeke
2255 3613 2602 3685 civitatem
2648 3625 2945 3685 nostram
2984 3616 3186 3686 annis
3231 3616 3375 3687 sin·

559 3732 743 3826 gulis
800 3733 1168 3805 statuimus
1219 3734 1661 3807 celebrandas
1681 3788 1702 3825 ,
1742 3757 1883 3830 que
1943 3736 2015 3807 in
2075 3737 2244 3809 festo
2292 3736 2723 3808 Pentecostes
2772 3737 3026 3809 debent
3075 3738 3379 3832 incipere

559 3876 782 3949 usque
812 3854 906 3928 ad
937 3857 1188 3927 festum
1219 3858 1619 3952 proximum
1647 3858 1865 3931 sancti
1900 3858 2135 3932 Jacobi
2162 3858 2450 3954 apostoli
2482 3859 2736 3930 utiliter
2764 3857 3114 3931 durature.
3149 3860 3378 3944 Quare

559 3977 974 4050 mandamus
1025 3980 1454 4053 universitati
1509 3990 1738 4055 vestre
1787 3991 2146 4055 monentes
2190 3981 2516 4054 attentius
2555 3988 2626 4052 et
2660 3979 3007 4053 hortantes
3048 3982 3378 4075 quatinus

558 4101 808 4174 amodo
840 4123 1001 4172 cum
1048 4105 1507 4177 mercimoniis
1547 4114 1617 4178 et
1659 4107 1871 4179 rebus
1918 4106 2168 4180 vestris
2217 4106 2311 4179 ad
2353 4104 2633 4180 easdem
2678 4103 3028 4178 nundinas
3066 4107 3377 4199 predicto

555 4224 846 4296 termino
887 4225 1291 4298 constitutas
1327 4229 1682 4302 annuatim
1733 4229 2098 4323 pervenire
2139 4231 2425 4319 curetis,
2469 4229 2828 4302 commoda
2870 4237 3095 4303 vestra
3131 4231 3373 4305 facturi

554 4348 689 4420 sub
726 4359 959 4422 nostra
984 4359 1052 4423 et
1080 4352 1350 4447 imperii
1385 4354 1749 4427 securitate
1774 4375 1986 4448 quam
2020 4355 2343 4427 omnibus
2368 4355 2806 4427 venientibus
2841 4353 3176 4429 duximus
3207 4379 3374 4431 con-

555 4472 965 4545 cedendam.
1001 4475 1260 4548 Tenore
1296 4477 1507 4570 igitur
1540 4478 1963 4574 presentium
2003 4477 2448 4573 prohibemus
2478 4488 2546 4550 et
2580 4476 2998 4572 precipimus
3033 4480 3379 4554 universis

553 4598 880 4690 quatinus
919 4598 1152 4670 nullus
1187 4599 1276 4671 sit
1319 4600 1437 4697 qui
1470 4602 1829 4674 venientes
1873 4600 1965 4674 ad
1992 4600 2343 4674 nundinas
2378 4601 2563 4697 ipsas
2590 4600 2662 4670 in
2698 4603 3005 4695 personis
3053 4612 3121 4673 et
3171 4605 3402 4677 rebus·

555 4729 790 4792 contra
832 4727 1063 4793 nostre
1097 4723 1488 4798 securitatis
1521 4724 2024 4820 indulgentiam
2069 4734 2424 4821 presumat
2458 4722 2807 4796 offendere
2855 4726 2971 4797 vel
3023 4735 3377 4821 attemptet

3491 1815 3547 1858 In
3564 1817 3722 1860 castris

3484 1870 3532 1910 tn
3549 1870 3738 1923 praedit·

3510 1928 3728 2029 {affim’
