4500 5956
1083 599 1207 662 984
1997 602 2254 662 INDEX
2302 601 2996 663 DOCUMENTORUM.

1085 804 1348 922 1-252

1930 936 2128 993 veniat
2162 939 2370 993 contra
2406 939 2709 1008 protervos
2745 932 2846 1008 qui
2881 929 3176 992 Ecclesiae
3219 930 3398 991 simul
3435 935 3496 991 et
3539 930 3770 1007 imperii
3815 929 3910 990 di-

1928 1027 2210 1105 gnitatem
2235 1028 2573 1104 proculcare
2596 1029 2878 1105 cogitant.
3792 1032 3904 1083 422

1099 1138 1170 1190 10
1187 1129 1337 1192 febr.
1436 1129 1760 1210 Anagniae.
1849 1160 1928 1174 —-
1967 1133 2263 1192 Friderico
2298 1133 2698 1193 Romanorum
2744 1131 3081 1206 imperatori
3116 1131 3496 1205 conqueritur
3531 1129 3693 1205 quod
3709 1173 3727 1201 ,
3770 1129 3908 1189 licet

1926 1230 2118 1286 nuntii
2147 1233 2274 1306 ejus
2302 1230 2496 1304 ipsum
2529 1228 2605 1287 ad
2633 1226 3033 1287 defensionem
3069 1227 3406 1302 patrimonii
3429 1224 3585 1285 beati
3610 1227 3771 1285 Petri
3798 1243 3905 1301 pa-

1924 1329 2118 1385 ratum
2146 1324 2507 1385 ostenderint
2524 1367 2542 1396 ,
2583 1339 2745 1383 nunc
2783 1329 2984 1382 tamen
3021 1323 3097 1382 ad
3140 1328 3335 1398 partoe
3378 1322 3610 1383 Siciliae
3654 1337 3718 1382 se
3762 1338 3903 1382 con-

1925 1428 2141 1482 vertat.
2860 1458 2861 1461 =
3787 1430 3900 1481 423

1089 1534 1123 1584 5
1142 1528 1318 1602 junii.
1456 1523 1751 1591 Laterani.
1847 1559 1922 1573 —
1963 1528 2266 1587 Friderico
2298 1529 2701 1589 Romanorum
2740 1528 3079 1603 imperatori
3119 1531 3326 1586 notum
3353 1523 3495 1585 facit
3528 1525 3783 1601 qualiter
3807 1542 3904 1585 se-

1922 1625 2184 1685 cundum
2222 1625 2474 1684 formam
2502 1626 2727 1685 arbitrii
2760 1628 2823 1684 in
2852 1642 2988 1686 suas
3022 1641 3235 1685 manus
3270 1627 3475 1701 positi,
3506 1640 3711 1700 pacem
3748 1625 3901 1683 inter

1919 1724 2114 1798 ipsum
2152 1730 2214 1783 et
2239 1723 2576 1782 societatem
2605 1722 2994 1783 Lombardiae
3019 1723 3453 1798 restauraverit,
3482 1736 3737 1797 eumque
3763 1720 3901 1779 hor-

1917 1824 2079 1879 tatur
2104 1825 2174 1879 ut
2198 1819 2355 1878 hanc
2380 1818 2755 1879 concordiam
2792 1825 2982 1878 ratam
3013 1818 3229 1878 habeat
3257 1821 3316 1877 et
3341 1833 3380 1876 a
3404 1814 3529 1876 illio
3564 1832 3675 1876 suo
3709 1821 3898 1875 ratam

1917 1912 2119 1972 haberi
2145 1913 2344 1973 faciat.
3780 1920 3889 1970 431

1085 2020 1118 2072 7
1143 2015 1319 2089 junii.
1448 2013 1748 2081 Laterani.
1836 2048 1918 2060 —-
1956 2017 2306 2078 Rectoribus
2332 2019 2630 2077 societatis
2651 2016 3063 2089 Lombardiae‚
3094 2014 3397 2075 Marchiae
3431 2020 3492 2074 et
3517 2014 3897 2076 Romanlolae

1915 2114 2166 2174 formam
2195 2113 2421 2173 arbitrii
2448 2113 2770 2190 supradicti
2796 2119 2996 2173 notam
3021 2113 3183 2173 facit.
3778 2122 3889 2173 433

1064 2219 1139 2271 23
1157 2214 1333 2289 ¹junii.
1447 2213 1744 2280 Laterani.
1840 2250 1915 2264 —
1954 2218 2308 2279 Consulibus
2354 2225 2414 2278 et
2459 2219 2676 2296 populo
2723 2218 3009 2279 Gaietano
3053 2217 3307 2279 formam
3346 2218 3506 2293 pacis
3550 2221 3927 2296 transmittit,

1912 2330 2092 2391 quam
2121 2330 2228 2391 pro
2265 2317 2530 2391 ipsorum
2562 2315 2869 2376 commodo
2900 2315 3218 2388 conclusit,
3248 2329 3491 2374 monens
3518 2319 3588 2373 ut
3618 2316 3892 2375 intiment

1911 2414 1962 2471 si
1992 2429 2123 2471 eam
2150 2411 2434 2472 duxerint
2470 2412 2923 2488 acceptandam,
2953 2418 3012 2472 et
3038 2412 3413 2490 privilegium
3449 2412 3594 2488 ipsis
3619 2411 3695 2471 ab
3720 2414 3891 2488 Apo-

1910 2507 2113 2567 stolica
2139 2508 2290 2569 Sede
2313 2507 2610 2569 indultum
2636 2510 2961 2569 remittant.
3772 2517 3887 2569 439

1063 2618 1132 2669 15
1172 2609 1325 2686 julii.
1441 2608 1735 2674 Laterani.
1831 2642 1911 2656 —
1948 2612 2314 2672 Fridericum
2351 2613 2751 2673 Romanorum
2794 2615 3205 2690 imperatorem
3241 2619 3446 2672 monet
3481 2629 3558 2674 ne
3597 2613 3711 2674 sub
3753 2631 3886 2690 pre·

1908 2715 2078 2769 textu
2112 2710 2541 2771 haereticorum
2570 2726 2823 2786 qnorum
2849 2711 3033 2787 aliqui
3059 2710 3333 2771 incendio
3373 2719 3515 2771 sunt
3552 2713 3881 2785 commissi,

1905 2804 2114 2866 fideles
2139 2808 2244 2883 qui
2271 2805 2420 2866 forte
2447 2808 2644 2882 ipsum
2685 2805 3060 2866 offenderunt
3097 2811 3371 2883 pereant;
3401 2806 3567 2882 quod
3598 2809 3727 2881 jam
3766 2823 3885 2866 non

1905 2904 2033 2962 sine
2076 2904 2400 2963 multorum
2447 2902 2724 2965 seandalo
2768 2910 2830 2963 et
2872 2904 3188 2980 imperialis
3230 2903 3485 2964 nominis
3535 2903 3885 2964 detrimento

1904 2999 2140 3060 accidit.
3767 3009 3880 3060 444

1093 3110 1129 3161 5
1149 3117 1287 3181 aug.
1413 3100 1741 3182 Anagniae.
1829 3137 1904 3148 —
1944 3105 2136 3165 Fratri
2161 3105 2416 3165 Johanni
2436 3106 2766 3179 vicentino,
2786 3105 3006 3166 ordinis
3031 3105 3533 3179 Praedicatornm,
3562 3105 3665 3165 dat
3691 3104 3881 3165 facul-

1901 3205 2084 3258 tatem
2109 3200 2451 3260 ahsolvendi
2480 3202 2816 3261 Eccelinum
2835 3198 2931 3282 [de
2946 3202 3237 3277 Romano]
3258 3206 3318 3262 et
3338 3204 3498 3262 cives
3518 3201 3881 3262 Veronenses

1902 3311 2220 3371 eorumque
2265 3294 2526 3356 fautores
2552 3298 2658 3373 qui
2697 3299 2760 3356 in
2800 3300 3464 3359 excommunicationem
3504 3297 3697 3374 illapsi
3740 3297 3878 3357 fue-

1899 3397 2057 3450 rant.
3760 3400 3878 3453 446

1074 3504 1144 3555 12
1169 3512 1308 3576 aug.
1410 3492 1737 3574 Anagniae.
1820 3527 1901 3539 —
1939 3495 2250 3568 Querelam
2278 3495 2559 3555 Friderici
2585 3498 2952 3574 imperatoris
2979 3497 3195 3558 refellit
3216 3500 3321 3575 qui
3361 3513 3467 3575 per
3492 3497 3718 3558 litteras
3742 3514 3878 3558 car-

1897 3591 2194 3652 dinalibus
2239 3595 2490 3668 scriptas
2544 3594 2629 3652 nil
2682 3593 2797 3654 sibi
2845 3594 2921 3654 de
2964 3595 3197 3671 injuriis
3234 3611 3273 3654 a
3310 3593 3662 3655 Lombardis
3700 3594 3876 3654 illatis

1897 3687 2313 3749 satisfactionis
2352 3691 2698 3765 praestitum
2731 3690 2914 3751 fuisse
2951 3698 3309 3768 conquestus
3341 3697 3498 3764 erat;
3530 3691 3780 3769 qualiter
3811 3692 3873 3750 in

1895 3784 2008 3845 hac
2034 3787 2370 3861 provisione
2398 3785 2725 3845 secundum
2755 3788 3048 3864 justitiam
3080 3792 3142 3846 et
3166 3789 3455 3848 rationem
3480 3789 3664 3865 egerit
3690 3802 3873 3863 expo—

1894 3885 2005 3955 nit,
2037 3887 2154 3941 etc.
3757 3890 3866 3943 441

1065 3999 1137 4051 27
1159 4007 1299 4070 aug.
1404 3988 1730 4066 Anagniae.
1814 4017 1896 4031 —-
1934 3986 2298 4047 Fridericum
2327 3988 2731 4048 Romanorum
2762 3988 3172 4064 imperatorem
3195 3998 3399 4051 monet
3432 3996 3499 4050 ut
3525 3988 3871 4051 Sarracenos

1892 4084 2170 4144 Luceriae
2215 4084 2321 4160 qui
2367 4099 2489 4143 non
2533 4084 2905 4144 mediocriter
2946 4087 3207 4146 italicum
3248 4086 3468 4148 idioma
3500 4086 3834 4165 intelligunt
3848 4129 3865 4158 ‚

1890 4180 2156 4240 hortetur
2191 4180 2269 4239 ad
2305 4181 2670 4257 recipiendos
2710 4184 2774 4241 in
2806 4197 2948 4259 pace
2988 4181 3198 4244 fratres
3234 4184 3458 4245 ordinis
3493 4184 3868 4244 Praedicato-

1067 4258 1288 4334 1254
1888 4293 2025 4337 rum
2048 4292 2198 4354 quos
2223 4277 2300 4337 ad
2325 4293 2426 4338 eos
2452 4277 2674 4356 dirigit.
3753 4291 3866 4343 452

1042 4392 1118 4443 22
1139 4394 1315 4446 mart.
1423 4381 1717 4444 Laterani.
1809 4414 1891 4429 —
1929 4384 2143 4444 Pacem
2176 4385 2329 4442 inter
2369 4385 2733 4446 Fridericum
2776 4386 3176 4448 Romanorum
3216 4389 3628 4465 imperatorem
3665 4395 3726 4449 et
3762 4389 3871 4449 ba-

1887 4497 2063 4540 rones
2092 4481 2262 4558 regni
2286 4480 2802 4560 Hierosolymitani
2828 4485 3040 4545 initam
3066 4483 3399 4546 confirmat.
3753 4493 3866 4545 943

1040 4590 1115 4642 2ο
1153 4584 1306 4643 maii.
1423 4582 1718 4647 Laterani.
1809 4620 1890 4631 —
1926 4587 2291 4648 Lombardos
2326 4589 2598 4650 hortatur
2643 4597 2712 4650 ut
2745 4598 2979 4668 propter
3012 4594 3245 4671 negotia
3278 4608 3435 4670 quae
3475 4593 3540 4653 in
3580 4608 3870 4669 praesen-

1888 4684 2105 4745 tiarum
2133 4694 2473 4760 occurrunt,
2505 4689 2789 4751 militibus
2816 4693 2921 4768 qui
2948 4707 3022 4751 ex
3047 4692 3417 4753 Allemannia
3442 4692 3519 4753 ad
3546 4695 3865 4770 imperato-
