4500 5956
1029 585 1151 667 848
2030 604 2466 667 rmnssmci
2522 603 2869 666 suenum
3465 606 3629 683 [Anu.
3667 606 3843 668 1236.

1031 740 1388 813 evidenter
1423 739 1896 833 agnoscimus,
1938 748 2011 813 et
2039 742 2332 814 aliorum
2376 763 2505 815 nos
2548 762 2699 815 esse
2733 739 3194 836 prospicimus
3227 740 3622 815 cmditores.
3671 743 3849 814 Hinc

1040 864 1250 957 igitur
1270 862 1604 959 pulsantis
1626 861 1718 935 ad
1744 864 1993 935 ostium
2021 865 2378 938 creditoris
2392 868 2579 958 justa
2603 886 2729 937 nos
2750 873 2946 956 urget
2972 863 3294 937 instantia
3315 886 3406 937 ne
3431 866 3665 937 fenore
3693 884 3849 959 pre-

1035 1008 1405 1082 gravemur
1443 1013 1459 1057 ε
1501 986 1664 1058 hinc
1701 988 1794 1060 ad
1831 989 2261 1061 exactionem
2292 989 2681 1062 debitorum
2725 996 3111 1060 nostrorum
3149 988 3532 1082 periculosa
3569 988 3849 1060 immis—

1037 1132 1201 1184 cens
1230 1109 1324 1206 (a)
1349 1131 1502 1183 sese
1537 1111 1842 1204 negociis
1878 1133 2068 1183 mora
2107 1133 2234 1184 nos
2267 1122 2710 1207 provocatus
2738 1113 2889 1206 ipse
2920 1120 3205 1206 pereant
3231 1111 3559 1183 actiones.
3589 1109 3703 1182 Ab
3733 1112 3848 1183 illo

1034 1255 1333 1329 namque
1379 1235 1561 1306 bono
1613 1235 2102 1329 patrefamilias
2153 1237 2466 1330 protinus
2516 1246 2584 1307 et
2638 1236 2968 1308 instanter
3020 1256 3063 1306 a
3105 1235 3308 1307 nobis
3364 1234 3669 1328 exigitur
3711 1233 3849 1307 de-

1028 1359 1277 1446 bitum,
1316 1360 1436 1453 qui
1476 1380 1764 1453 peregre
1799 1358 2265 1454 proficiscens,
2319 1360 2650 1432 familiam
2688 1382 2886 1432 suam
2919 1359 3366 1432 sollicitudini
3412 1368 3644 1432 nostre
3681 1381 3851 1454 sup-

1034 1483 1289 1579 posuit,
1328 1483 1442 1554 cui
1473 1484 1728 1555 talenta
1767 1503 1906 1575 que
1941 1482 2228 1555 tradidit
2269 1482 2561 1557 reddere
2606 1484 2917 1577 cogimur
2954 1484 3326 1577 duplicata.
3368 1482 3503 1555 Sed
3548 1491 3618 1555 et
3652 1504 3851 1556 versa

1034 1605 1192 1677 vice
1236 1625 1364 1677 nos
1413 1605 1668 1677 excitat
1699 1604 1985 1678 Cesaree
2022 1606 2295 1678 fortune
2333 1607 2722 1699 fastigium,
2771 1615 2851 1678 ut
2885 1606 2977 1678 ab
3008 1607 3145 1696 eis,
3185 1627 3362 1700 quos
3394 1606 3699 1680 Romane
3733 1606 3851 1679 di-

1032 1729 1239 1800 tionis
1297 1728 1504 1800 habet
1550 1729 1948 1824 imperium,
2009 1729 2453 1820 subjectionis
2510 1738 2581 1802 et
2632 1730 3025 1803 obedientie
3086 1730 3398 1803 debitum
3455 1730 3842 1825 exigamus.

1035 1852 1345 1924 Mirabile
1410 1862 1636 1925 tamen
1692 1853 2092 1925 utrumlibet
2137 1853 2547 1925 conditionis
2587 1862 2692 1925 est
2739 1852 3086 1945 debitum,
3138 1855 3198 1926 si
3240 1854 3578 1927 subtiliter
3619 1854 3845 1926 intue-

1039 1998 1197 2048 mur
1258 1974 1373 2073 (b),
1442 1978 1641 2069 cujus
1698 1978 1947 2050 solutio
2007 1978 2334 2050 debitoris
2392 1978 2853 2051 emolumenta
2907 2000 3048 2050 non
3106 1978 3398 2069 minuit,
3464 1976 3592 2050 sed
3644 1988 3854 2069 auget

1038 2096 1287 2190 fidem3
1322 2101 1461 2171 imo
1501 2100 1795 2172 solventi
1831 2100 2054 2193 magis
2101 2101 2307 2172 etiam
2345 2101 2590 2173 crescit
2624 2102 2695 2172 in
2747 2101 3144 2190 commodo,
3188 2121 3398 2194 quam
3453 2099 3852 2195 suscipienti

1036 2222 1345 2316 proficiat
1394 2223 1466 2294 in
1502 2233 1899 2314 augmento.
1943 2223 2253 2295 Ceterum
2292 2225 2347 2295 si
2395 2226 2465 2296 in
2504 2246 2631 2314 eo,
2670 2232 2872 2319 prout
2918 2224 3012 2298 de
3057 2225 3214 2316 jure
3260 2235 3600 2314 tenemur,
3656 2226 3854 2297 satis-

1036 2345 1369 2417 faciamus
1414 2348 1821 2441 proponenti
1856 2357 1924 2419 et
1958 2348 2282 2442 propositi
2320 2347 2408 2445 (c)
2466 2349 2834 2441 diligenter
2873 2349 3180 2421 officium
3221 2348 3738 2443 impendamus,
3783 2358 3856 2421 et

1034 2469 1420 2564 temporalis
1457 2470 1734 2543 honoris
1775 2472 2119 2566 stipendia
2173 2472 2561 2566 querimus,
2603 2472 2771 2545 dum
2795 2471 3253 2545 clarificemur
3289 2471 3364 2543 in
3397 2474 3611 2563 fama,
3644 2481 3714 2543 et
3744 2493 3854 2545 re-

1035 2593 1429 2666 tributionis
1488 2605 1723 2667 eterne
1773 2594 2097 2668 fiduciam
2161 2596 2553 2669 obtinemus
2577 2651 2597 2686 ,
2659 2597 2825 2670 dum
2889 2595 3286 2691 proficimus
3342 2596 3416 2666 in
3466 2597 3712 2667 salute.
3775 2597 3852 2667 In

868 2742 938 2820 >
1025 2718 1227 2809 jussu
1270 2717 1652 2810 dominico,
1702 2744 1738 2789 (ι
1780 2741 1918 2812 que
1961 2728 2123 2792 sunt
2155 2720 2278 2792 Dei
2312 2722 2492 2814 Deo,
2528 2729 2599 2794 et
2632 2742 2772 2815 que
2804 2728 2968 2791 sunt
2999 2719 3259 2792 Cesaris
3298 2719 3526 2792 Cesari
3577 2720 3856 2814 persol-

1034 2850 1312 2933 vantur,
1371 2868 1407 2911 »
1446 2843 1986 2917 emolumentum
2048 2844 2410 2916 solutionis
2469 2845 2544 2914 in
2595 2853 2813 2916 totum
2866 2844 3011 2917 fere
3070 2843 3362 2916 solventi
3417 2842 3850 2936 relinquitur,

1035 2967 1205 3041 dum
1241 2967 1595 3062 recipienti
1639 2968 1846 3042 etiam
1891 2968 2112 3062 magis
2167 2969 2512 3042 commodi
2552 2977 2622 3041 et
2670 2967 2948 3040 honoris
3005 2966 3408 3061 acquiritur,
3456 2989 3665 3061 quam
3719 2967 3858 3039 sol·

1035 3093 1225 3164 venti
1265 3092 1653 3165 vexationis
1688 3102 1757 3164 et
1785 3093 2011 3164 oneris
2060 3103 2496 3186 aggregetur.
2533 3092 2633 3164 Ea
2684 3113 2988 3186 namque
3022 3100 3186 3163 sunt
3211 3092 3477 3183 omnia,
3514 3090 3575 3162 si
3611 3111 3856 3163 verum

1036 3215 1481 3310 respicimus,
1525 3215 1988 3308 subjectorum
2025 3225 2219 3307 grata
2273 3216 2647 3305 levamina,
2691 3237 2830 3310 que
2870 3224 3031 3286 sunt
3072 3216 3278 3288 etiam
3323 3235 3531 3288 onera
3586 3213 3858 3309 princi-

990 3319 1240 3433 spatus
1283 3364 1301 3408 ε
1341 3338 1411 3409 in
1447 3337 1581 3410 hoc
1614 3338 1798 3411 enim
1835 3339 2054 3433 gloria
2087 3339 2271 3431 regis
2301 3339 2651 3411 extollitur
2693 3347 2763 3412 et
2806 3346 3149 3425 servatur,
3192 3339 3252 3411 si
3296 3339 3367 3409 in
3401 3338 3636 3431 quiete
3669 3336 3858 3432 pacis

998 3432 1370 3557 *populum
1428 3460 1679 3555 dirigat
1752 3472 1820 3534 et
1869 3462 1941 3532 in
1988 3462 2266 3553 justicie
2313 3464 2555 3556 vigore
2602 3470 2986 3537 conservet.
3046 3459 3160 3533 Ad
3205 3484 3502 3556 quarum
3564 3462 3856 3556 primam

1038 3606 1178 3659 non
1205 3586 1355 3660 sine
1380 3586 1813 3679 regnantium
1839 3585 2078 3658 salutis
2112 3596 2180 3658 et
2206 3587 2352 3660 vite
2381 3586 2778 3659 discrimine
2805 3586 3178 3659 laboratur.
3208 3586 3532 3679 Legimus
3558 3603 3858 3677 namque

1031 3711 1265 3807 plures
1302 3730 1427 3804 pro
1461 3709 1694 3804 quiete
1727 3709 2007 3804 publica
2049 3711 2462 3805 populorum
2513 3711 2785 3784 labores
2817 3709 3116 3783 eximios
3170 3708 3627 3803 assumpsisse
3667 3733 3686 3777 ε
3730 3727 3859 3779 nec

1029 3858 1121 3909 ex
1156 3843 1297 3907 toto
1341 3855 1583 3907 secure
1614 3833 1894 3926 justicia
1925 3855 2046 3928 per
2082 3855 2282 3928 reges
2315 3842 2388 3906 et
2427 3834 2772 3930 principes
2809 3833 3261 3921 ministratur,
3301 3831 3426 3924 qui
3460 3831 3631 3903 dum
3667 3829 3857 3902 infe-

1031 3958 1247 4032 riores
1285 3958 1631 4051 judicant,
1678 3956 1813 4053 ipsi
1870 3958 2210 4052 superiori
2247 3956 2519 4050 judicio
2574 3966 3038 4031 reservantur.
3096 3956 3183 4028 Et
3230 3975 3631 4049 quanquam
3687 3951 3855 4025 tanti

1031 4083 1392 4155 solicitudo
1417 4082 1726 4178 mysterii
1754 4081 2184 4175 quibuslibet
2205 4090 2384 4153 terre
2413 4081 2839 4177 principibus
2875 4080 3208 4154 debeatur
3233 4133 3251 4169 ,
3303 4076 3591 4150 Romani
3630 4084 3857 4147 tamen

1036 4206 1304 4301 imperii
1352 4206 1749 4279 veneranda
1797 4201 2183 4277 sublimitas
2234 4226 2372 4298 que
2448 4203 2521 4275 in
2573 4204 2896 4277 omnibus
2963 4203 3383 4300 presentium
3435 4199 3654 4274 oculis
3716 4198 3852 4295 (d),

1115 4410 1196 4492 (a)
1239 4414 1311 4474 In
1339 4412 1472 4474 cod.
1503 4413 1695 4475 Paris.
1725 4422 1867 4487 455,
1889 4412 2255 4493 premittens.
2288 4414 2489 4474 minus
2515 4417 2688 4472 recte.

1111 4516 1196 4599 (b)
1238 4518 1399 4580 Haec
1425 4535 1462 4580 a
1487 4516 1754 4580 Mirabile
1777 4520 1993 4581 desunt
2018 4537 2109 4598 ap.
2138 4520 2323 4582 Pertz.

1115 4625 1188 4705 (e)
1234 4625 1349 4704 Ap.
1381 4626 1551 4688 Pertz
1565 4626 1882 4706 prepositi)-
1906 4628 1971 4686 ln
1998 4626 2126 4686 cod.
2152 4625 2317 4685 Harl.
2344 4632 2499 4686 3678
2520 4622 2800 4703 prepositi
2823 4617 3130 4704 diliqentis.

1110 4730 1197 4813 (d)
1242 4731 1360 4810 Ap.
1390 4732 1561 4794 Pertz
1583 4734 1652 4793 in
1672 4733 1931 4794 omnium
1958 4730 2382 4812 presidentium
2408 4727 2599 4792 oculis.
