4500 5956
1054 566 1177 629 666
2097 560 2443 622 flnmnlm
2495 559 2831 621 serrum
3507 566 3670 644 [Anu.
3709 567 3877 629 1234.

1221 696 1429 776 (Edld.
1461 697 1748 769 Lnsms,
1782 694 1973 758 δισσὴ.
1997 693 2101 755 der
2126 692 2368 773 bischose
2404 711 2517 754 von
2549 691 2913 774 Naumburq,
2945 701 2987 755 t.
3021 696 3085 769 1,
3115 711 3177 772 p.
3211 705 3354 776 2¹16,
3390 713 3469 759 ex
3512 701 3786 779 originali
3819 703 3885 761 ln

1302 803 1546 865 archivo
1571 804 1987 864 Welmartensl
2030 808 2359 880 asservato,
2398 801 2525 874 sed,
2556 805 2628 862 ut
2669 800 3041 872 arbitramur.
3088 816 3209 863 non
3250 802 3329 863 ad
3370 820 3634 884 unguem
3675 811 3885 868 trans-

1303 909 1542 989 cripto.)

1157 1096 1529 1181 Heuricus,
1598 1095 1718 1167 Dei
1771 1095 1992 1188 gratia
2042 1095 2505 1166 Romanorum
2562 1114 2690 1165 rex
2756 1100 2825 1164 et
2875 1114 3148 1187 semper
3194 1105 3569 1189 augustus,
3633 1095 3881 1171 dilecto

1058 1218 1248 1292 fideli
1285 1241 1412 1291 suo
1438 1218 1769 1306 Iohanni,
1809 1218 2041 1291 abbati
2090 1216 2321 1290 Sancti
2370 1215 2645 1309 Georgii
2667 1215 3221 1312 Nuenburgensi,
3262 1220 3555 1313 gratiam
3587 1242 3782 1293 suam
3812 1233 3881 1295 et

1056 1364 1262 1417 omne
1292 1344 1582 1416 bouum.
1623 1342 1933 1415 Inclinati
1964 1341 2292 1437 precibus
2318 1351 2389 1412 et
2411 1338 2894 1435 supplicationi
2925 1340 3159 1413 dilecti
3187 1339 3413 1416 fidelis
3433 1352 3502 1416 et
3530 1345 3878 1419 familiaris

1055 1466 1269 1539 nostri
1307 1466 1703 1539 Theoderici
1753 1464 1854 1560 (a)
1904 1464 2272 1559 imperialis
2324 1464 2482 1536 aule
2523 1462 3050 1556 prothonotarii,
3092 1485 3176 1537 ac
3204 1466 3411 1539 etiam
3445 1467 3700 1540 intuitu
3731 1470 3877 1564 pie-

1055 1591 1215 1664 tatis
1241 1600 1322 1661 ut
1351 1591 1774 1663 meritorium
1812 1588 1932 1662 fiat
1965 1589 2198 1678 nobis,
2240 1588 2563 1660 volumus
2604 1587 2730 1658 tibi
2761 1595 2831 1660 et
2858 1589 3148 1661 ecclesie
3191 1598 3309 1662 tue
3335 1590 3626 1685 gratiam
3662 1593 3883 1665 facere

1051 1715 1443 1811 specialem.
1479 1715 1655 1786 Hinc
1675 1724 1781 1785 est
1813 1713 2001 1807 quod
2030 1735 2190 1785 cum
2227 1722 2304 1784 tu
2326 1711 2612 1784 liberam
2642 1711 2900 1784 habeas
2930 1712 3363 1786 advocatiam
3398 1715 3685 1787 ecclesie
3720 1724 3872 1808 tue,

1054 1839 1181 1910 tibi
1217 1837 1309 1911 de
1345 1836 1814 1911 munificentie
1850 1846 2081 1910 nostre
2134 1837 2354 1931 gratia
2388 1834 2833 1929 indulgemus
2864 1846 2943 1907 ut
2974 1836 3262 1910 liberam
3300 1837 3558 1911 habeas
3593 1841 3882 1913 faculta-

1052 1972 1190 2034 tem
1210 1962 1512 2055 eligendi
1533 1985 1742 2057 quem
1773 1962 2074 2034 volueris
2101 1960 2517 2033 advocatum
2537 1981 2621 2031 ac
2644 1957 2910 2058 et[iam]
2940 1962 3347 2034 removendi
3374 1971 3444 2033 et
3468 1963 3879 2036 immutandi

1050 2086 1400 2176 eumdem,
1432 2086 1992 2180 quandocunque
2022 2095 2092 2157 et
2117 2085 2668 2179 quotiescunque
2706 2092 2825 2155 tue
2852 2085 3185 2179 placuerit
3216 2085 3582 2158 voluntati.
3617 2084 3731 2159 Ad
3754 2087 3880 2161 hec

1051 2219 1128 2282 ut
1161 2210 1376 2304 gratia
1414 2208 1722 2303 gaudeas
1757 2209 2104 2304 ampliori,
2146 2208 2418 2300 regium
2456 2207 2767 2280 bannum
2802 2208 2923 2279 tibi
2956 2218 3027 2281 et
3066 2208 3353 2282 ecclesie
3398 2218 3518 2282 tue
3547 2210 3882 2285 duximus

1048 2331 1607 2422 concedendum,
1647 2332 2087 2426 indulgentes
2125 2340 2204 2403 ut
2239 2331 2300 2403 is
2340 2351 2550 2425 quem
2593 2352 2721 2426 pro
2764 2339 3071 2427 tempore
3110 2332 3399 2426 elegeris
3432 2331 3874 2422 advocatum,

1043 2457 1449 2530 auctoritate
1483 2467 1601 2530 tua
1628 2458 1941 2529 bannum
1971 2456 2222 2528 habeat
2257 2464 2327 2527 et
2353 2454 2825 2528 omnimodam
2856 2464 3264 2550 potestatem
3298 2456 3660 2547 judicandi
3707 2478 3874 2529 cau-

1046 2604 1160 2655 sas
1186 2590 1342 2654 tuas
1380 2590 1450 2654 et
1484 2580 1920 2677 proponendi
1951 2601 2034 2652 ac
2072 2579 2487 2653 terminandi
2520 2579 2801 2653 easdem
2819 2634 2838 2669 ,
2879 2589 3214 2674 tanquam
3245 2588 3430 2652 tutor
3459 2589 3529 2653 et
3554 2590 3743 2652 actor
3766 2601 3880 2653 ec-

1048 2706 1256 2779 clesie
1285 2727 1368 2778 ac
1392 2705 1742 2798 legitimus
1770 2701 2265 2776 mundiburtus
2299 2703 2544 2797 ipsius.
2573 2702 2712 2775 Sed
2746 2712 2816 2776 et
2850 2724 3008 2775 cum
3051 2703 3142 2775 ab
3170 2700 3538 2775 advocatia
3577 2712 3880 2775 remotus

1042 2831 1274 2922 fuerit,
1310 2831 1383 2901 in
1420 2829 1653 2901 banno
1680 2830 1832 2924 ipso
1869 2828 2043 2899 nihil
2083 2828 2263 2920 J'uris
2300 2826 2584 2921 penitus
2608 2826 2953 2917 retinebit,
2996 2826 3162 2920 quia
3191 2825 3480 2899 ecclesie
3509 2834 3628 2899 tue
3652 2835 3723 2898 et
3753 2825 3879 2898 tibi

1046 2954 1322 3048 tuisque
1373 2953 1889 3027 successoribus
1931 2953 2261 3026 volumus
2324 2951 2556 3047 ipsum
2613 2950 2921 3023 bannum
2981 2958 3320 3046 perpetuo
3373 2949 3739 3045 pertinere.
3795 2949 3884 3024 Ut

1048 3079 1263 3168 igitur
1292 3078 1424 3149 hec
1444 3077 1725 3149 libertas
1749 3086 1820 3150 et
1847 3076 2066 3172 gratia
2102 3075 2229 3148 tibi
2267 3076 2442 3148 facta
2467 3082 2868 3170 perpetuam
2893 3073 3202 3147 obtineat
3232 3073 3621 3147 firmitatem
3644 3128 3666 3166 ,
3721 3095 3879 3170 pre-

1048 3201 1225 3271 senti
1286 3199 1647 3294 privilegio
1694 3220 1852 3272 eam
1901 3199 2026 3272 tibi
2080 3207 2149 3272 et
2198 3198 2489 3271 ecclesie
2536 3206 2655 3272 tue
2712 3198 2989 3293 tuisque
3049 3198 3571 3271 successoribus
3617 3196 3883 3271 confir-

1050 3342 1350 3394 mamus.

1149 3443 1396 3518 Actum
1455 3444 1645 3540 apud
1687 3443 2104 3540 Altenburg,
2160 3466 2346 3519 anno
2400 3445 2618 3539 gratie
2667 3443 3025 3517 millesimo
3075 3443 3203 3517 CC.
3229 3443 3581 3536 xxxnll,
3636 3453 3884 3537 quarto

1054 3568 1217 3644 idus
1253 3567 1362 3667 (l)
1384 3568 1579 3663 julii,
1621 3568 1999 3643 indictione
2024 3570 2344 3665 septima.

694 4191 967 4298 mtffig,
1164 4155 1533 4238 Henricus
1546 4217 1570 4264 ,
1629 4156 2152 4239 Romanorum
2206 4181 2369 4264 rex,
2410 4154 2769 4239 ecclesiae
2812 4151 3275 4238 Goslariensi
3317 4150 3798 4262 privilegium
3833 4176 3880 4231 a

749 4301 908 4354 ‘uum'
1142 4339 1231 4421 (a)
1274 4340 1373 4402 Slc
1402 4359 1419 4401 ε
1452 4341 1750 4402 evidenter
1773 4350 1975 4404 tamen
2001 4343 2322 4421 legendum
2355 4340 2775 4424 Tloeqenlmrdn‘.

1133 4577 1205 4652 (l)
1244 4575 1519 4647 mendose,
1546 4575 1671 4633 licet
1691 4591 1760 4632 ex
1787 4575 2023 4649 originali
2047 4583 2441 4652 transumptum
2473 4579 2694 4638 dicatur.
2732 4578 2847 4637 Rex
2877 4594 3070 4654 nempe
3100 4584 3293 4654 quarto
3324 4577 3445 4636 idus
3467 4575 3586 4651 julii
3617 4575 3714 4650 (⁴2
3737 4572 3879 4647 julii)

1055 4674 1200 4749 apud
1224 4673 1423 4747 Bgram
1446 4671 1773 4730 morabatur.
1794 4673 1951 4733 Unde
1967 4674 2087 4734 vice
2114 4675 2239 4733 idus
2262 4675 2543 4748 legendum
2568 4693 2741 4735 nonos
2765 4677 3130 4752 proponimus.
