4500 5956
682 4064 930 4160 rnssffl
929 4122 996 4173 η,

685 4171 740 4213 13
763 4171 784 4211 1
781 4150 996 4216 cbrutffl.

1062 664 1185 726 638
2108 657 2457 720 numum
2507 655 2862 719 sm’mu
2919 698 2956 705 .-
3518 656 3679 735 [Anu.
3714 654 3891 719 1234

1062 819 1366 879 menses
1394 794 1772 904 judicium
1819 792 2227 901 sanguinis·
2244 790 2727 874 exercuerint
2759 790 2842 870 in
2877 787 3206 873 'clericos
3225 790 3564 898 -in-quos
3598 790 3895 899 degra-

1065 928 1397 1011 dationis
1434 928 1808 1009 sententia
1842 952 1998 1009 non
2036 933 2543 1034 processerat,
2581 922 2870 1006 eisdem
2906 921 3196 1007 civibus
3231 923 3552 1006 mandat
3593 933 3680 1005 ut
3714 932 3900 1005 tan·-

1064 1070 1226 1144 tam
1263 1061 1963 1173 praesumptionem
2000 1059 2433 1143 emendent.

1226 1263 1418 1342 (Edit.
1447 1279 1544 1339 ap.
1576 1262 1986 1340 Lusus-rm«,
2016 1279 2079 1339 p.
2113 1271 2211 1324 70.
2244 1293 2326 1306 -
2351 1261 2588 1340 Lumo,
2616 1256 3042 1333 Reiduarclatv,
3072 1264 3123 1320 t.
3152 1259 3348 1333 XVII,
3398 1275 3461 1335 Ρ.
3492 1267 3632 1320 258.
3660 1291 3741 1304 —
3765 1260 3899 1318 Pa·-

1305 1386 1480 1451 rerqa
1531 1368 1720 1444 Gon„
1767 1375 1815 1430 t.
1856 1368 1969 1444 IV,
2016 1386 2074 1446 Ρ.
2125 1378 2234 1442 32,
2282 1368 2385 1428 ubi
2431 1367 2698 1447 perutilis
2739 1368 3224 1429 commentarius.
3252 1398 3335 1411 -—
3358 1366 3589 1442 Pmrz,
3632 1365 3894 1427 Μοηιιιιι.

1312 1474 1510 1536 Germ.
1540 1471 1771 1549 histor„
1803 1480 1852 1534 t.
1884 1474 1992 1552 IV,
2020 1490 2081 1550 Ρ.
2116 1471 2286 1551 802.)

1140 1646 1500 1719 Henricus
1523 1699 1546 1737 ,
1598 1645 1724 1718 Dei
1779 1645 1997 1738 gratia
2050 1644 2518 1718 Romanorum
2567 1665 2697 1718 rex
2747 1652 2818 1718 et
2867 1663 3141 1739 semper
3193 1652 3535 1735 augustus
3550 1696 3572 1735 ‚
3627 1644 3901 1719 civibus

1066 1768 1780 1842 Hildesheimensibus
1824 1766 2168 1840 universis
2218 1769 2511 1859 gratiam
2551 1777 2621 1841 et
2665 1787 2872 1840 omne
2919 1767 3211 1840 bonum.
3270 1767 3444 1839 Cum
3488 1768 3561 1839 in
3608 1770 3900 1843 solemni

1066 1893 1262 1965 curia
1298 1892 1371 1962 in
1406 1891 1945 1964 Franckenvord
1979 1911 2072 1963 ex
2106 1890 2460 1964 'communi
2504 1910 2846 1963 consensu
2885 1890 3276 1986 principum
3315 1911 3362 1964 a
3391 1890 3594 1964 nobis
3637 1892 3729 1965 eit
3762 1891 3900 1966 de-

1067 2025 1328 2090 cretum
1359 2024 1439 2090 ut
1469 2015 1896 2110 quicumque
1928 2015 2237 2087 seculare
2263 2013 2614 2105 judicium
2638 2012 2976 2093 adversus
3005 2014 3308 2107 aliquem
3330 2015 3655 2088 clericum
3688 2037 3900 2089 exer.-

1066 2140 1288 2213 cuerit
1323 2137 1396 2210 in
1427 2139 1540 2211 his
1590 2160 1729 2232 que
1763 2138 2122 2232 sanguinis
2166 2136 2514 2229 judicium
2563 2138 2960 2231 requirunt,
3012 2147 3172 2212 ante
3205 2138 3771 2232 degradationem
3808 2140 3901 2213 ab

1066 2264 1405 2357 episcopis
1435 2262 1861 2354 faciendam,
1912 2271 2138 2357 preter
2190 2260 2267 2335 id
2306 2261 2498 2354 quod
2536 2261 2611 2333 in
2643 2282 2979 2335 canonem
3022 2264 3159 2334 late
3200 2263 3539 2335 sententie
3582 2262 3830 2337 incidit
3857 2284 3901 2336 a

1070 2407 1214 2480 quo
1251 2396 1476 2481 preter
1510 2386 1857 2461 indultum
1890 2385 2187 2480 speciale
2220 2385 2485 2458 domini
2534 2405 2714 2480 pape
2747 2385 2991 2478 nequit
3033 2384 3342 2476 absolvi,
3394 2406 3489 2457 ex
3537 2395 3768 2459 nostra
3809 2385 3904 2457 sit

1066 2512 1407 2584 sententia
1445 2507 2015 2604 proscribendus,
2057 2516 2129 2581 et
2163 2507 2459 2583 dilectus
2488 2508 2812 2602 princeps
2839 2517 3069 2582 noster
3102 2507 3480 2582 conradus.
3499 2508 3903 2583 Hildeshei-

1065 2635 1329 2713 mensis
1355 2634 1725 2730 episcopus
1761 2654 1888 2727 per
1923 2652 2120 2703 suam
2158 2631 2360 2704 nobis
2407 2631 2924 2725 querimoniam.
2948 2632 3344 2727 patefecerit
3372 2632 3566 2727 quod
3607 2654 3737 2705 vos
3770 2653 3900 2705 au-

1069 2758 1384 2830 thoritate
1397 2758 1671 2852 propria
1690 2756 1973 2833 clericos
2004 2764 2262 2827 temere
2277 2754 2667 2847 judicando
2693 2756 2891 2829 morti
2919 2756 3214 2829 feceritis
3245 2756 3602 2848 destinari,
3625 2758 3697 2828 in
3720 2779 3899 2851 quos

1071 2880 1582 2974 degradationis
1617 2880 1957 2953 sententia
1992 2901 2130 2952 non
2164 2889 2634 2974 processerat3
2689 2879 2894 2953 vobis
2937 2881 3349 2954 authoritate
3389 2882 3579 2976 regia
3614 2880 3904 2954 firmiter

1070 3005 1518 3100 precipiendo
1559 3005 1972 3078 mandamus
2024 3014 2369 3100 quatenus
2414 3006 2480 3078 ei
2532 3015 2602 3079 et
2632 3007 2919 3079 ecclesie
2953 3029 3081 3080 sue
3116 3007 3189 3077 in
3227 3028 3438 3100 quam
3469 3005 3893 3100 deliquistis,

1073 3136 1281 3224 prout
1315 3129 1463 3219 ejus
1498 3129 1788 3218 gratiam
1823 3129 2139 3201 invenire
2171 3129 2521 3223 poterim,
2563 3128 2969 3202 emendetis.
3003 3129 3366 3224 Alioquin,
3401 3150 3532 3201 vos
3564 3129 3636 3199 in
3666 3126 3902 3201 media

1073 3250 1603 3345 quadragesima
1626 3260 1840 3344 utpro
1860 3252 2062 3324 tantis
2075 3250 2549 3346 respondeatis
2567 3253 2993 3343 excessibus,
3017 3252 3111 3325 ad
3133 3262 3434 3326 nostram
3450 3252 3902 3347 presentiam,

1073 3374 1499 3466 ubicumque
1532 3374 1897 3466 fuerimuS,
1932 3395 2332 3447 evocamus·

1167 3497 1417 3569 Datum
1445 3497 2073 3590 Franckenvordii‚
2108 3498 2345 3571 idibus
2387 3497 2751 3588 februarii,
2792 3497 3174 3572 indictione
3208 3499 3329 3571 VH
3361 3496 3496 3595 (α).

1180 4035 1549 4118 Henricus
1565 4097 1588 4143 ,
1655 4036 2175 4119 Romanorum
2221 4059 2355 4117 rex
2372 4094 2395 4140 ,
2459 4033 2561 4116 ad
2617 4034 3050 4143 petitionem
3091 4033 3408 4116 Gerardi
3464 4032 3899 4115 Bremensis

1078 4166 1662 4275 archiepiscopi,
1717 4168 1915 4251 cives
1968 4168 2416 4250 Bremenses
2479 4174 2556 4247 et
2612 4165 3017 4249 Stadenses
3063 4191 3109 4247 a
3149 4168 3657 4275 praestatione
3709 4167 3897 4250 the-

1074 4298 1328 4380 lonei
1307 4325 1387 4378 m
1427 4300 1722 4381 civitate
1755 4300 2058 4383 Lubeke
2102 4298 2453 4383 absolvit.

1236 4482 1426 4561 (Edit.
1457 4484 2097 4563 ap.P13n·rz,Monum.
2130 4485 2323 4543 Germ.
2356 4481 2516 4557 Just„
2539 4487 2588 4544 t.
2617 4481 2727 4556 IV,
2753 4484 2911 4545 inter
2933 4482 3221 4564 addenda,
3255 4502 3312 4563 Ρ.
3347 4485 3519 4602 571.)

1156 4641 1241 4723 (a)
1287 4641 1465 4720 Apud
1504 4642 1698 4720 Lunlg
1735 4660 1768 4701 α
1807 4639 1996 4700 idibus
2026 4640 2327 4719 februarii
2373 4650 2562 4717 1195,
2596 4636 2907 4704 indictione
2936 4654 2995 4718 7,
3028 4663 3062 4704 ι
3102 4603 3253 4708 falso
3277 4657 3526 4708 numero
3552 4647 3695 4707 anni
3731 4645 3896 4707 haud

1071 4748 1249 4810 dubie
1275 4750 1526 4811 intruso.
1556 4747 1784 4809 Ρενιιιϊ
1805 4752 1967 4808 nota.
