4500 5956
724 640 920 700 lumcr.
953 634 1042 718 9.]
1628 633 2026 698 HISTORIA
2077 630 2666 696 DIPLOMATICA.
3441 636 3562 699 797

722 790 847 866 pro
885 767 1242 844 communi
1285 766 1596 842 Ferrarie
1635 769 2006 841 reformare
2061 765 2455 841 societatem
2512 765 2892 862 predictam
2941 767 3328 841 secundum
3379 771 3562 842 anti·

724 914 944 986 quum
983 891 1273 965 modum
1306 898 1378 965 et
1414 891 1742 982 formam,
1783 890 1880 963 ita
1921 887 2119 984 quod
2162 889 2348 963 dicte
2381 890 2699 986 potaetati
2730 890 3036 965 Ferrarie
3076 901 3145 966 et
3183 893 3317 988 ipsi
3369 914 3559 967 com-

723 1018 915 1091 muni
972 1024 1413 1090 reserventur
1463 1036 1706 1089 omnes
1751 1015 1936 1088 bone
1985 1014 2420 1088 conditiones
2466 1037 2608 1110 que
2652 1016 2931 1089 fuerunt
2982 1025 3236 1089 statute
3286 1027 3355 1092 et
3395 1040 3555 1115 pro-

725 1142 933 1214 misse
991 1139 1346 1214 communi
1394 1139 1705 1214 Ferrarie
1752 1161 1837 1213 eo
1889 1147 2198 1236 tempore
2239 1139 2525 1234 quando
2581 1139 2836 1213 dictam
2891 1141 3287 1214 societatem
3329 1143 3554 1237 primo

718 1264 1151 1356 juraverunt.
1199 1264 1284 1336 Et
1332 1261 1525 1359 quod
1573 1263 1759 1337 dicta
1802 1271 2105 1359 potestas
2145 1270 2216 1336 et
2266 1283 2629 1337 commune
2662 1263 2963 1336 Ferrarie
3010 1285 3150 1337 non
3195 1275 3553 1340 teneantur

729 1408 847 1481 pro
907 1386 1094 1460 dicta
1154 1387 1485 1460 societate
1537 1386 1650 1459 vel
1699 1386 2061 1460 occasione
2115 1386 2301 1460 dicte
2353 1385 2697 1460 societatis
2754 1386 2989 1460 subire
3037 1386 3325 1482 aliquod
3371 1411 3553 1463 onus

728 1531 1187 1606 expensarum
1241 1510 1356 1582 vel
1412 1509 1626 1581 ullam
1669 1510 1949 1604 tagliam
1992 1510 2289 1582 militum
2338 1509 2453 1581 vel
2499 1508 2812 1606 peditum
2855 1520 2977 1583 aut
3025 1511 3310 1607 aliquod
3356 1514 3548 1588 aliud

728 1655 900 1706 onus
941 1632 1136 1727 quod
1180 1632 1444 1729 imponi
1486 1640 1720 1727 posset
1749 1653 1874 1728 per
1910 1631 2258 1727 predictos
2291 1642 2590 1705 rectores
2619 1641 2743 1704 aut
2789 1654 3031 1705 eorum
3081 1656 3545 1726 successores,

729 1777 882 1829 cum
927 1755 1117 1830 dicta
1151 1755 1397 1829 civitas
1442 1755 1753 1828 Ferrarie
1782 1755 1872 1828 sit
1918 1763 2205 1848 gravata
2239 1754 2574 1829 hactenus
2618 1755 2851 1828 multis
2892 1757 3220 1831 oneribus
3262 1759 3549 1855 impen-

725 1902 952 1953 sarum
994 1888 1273 1976 propter
1317 1877 1596 1953 civilem
1651 1877 2149 1952 dissensionem
2205 1888 2276 1951 et
2321 1888 2601 1974 propter
2639 1878 3163 1953 inundationem
3211 1904 3550 1977 aquarum

723 2015 789 2077 et
829 2014 1109 2100 propter
1156 2003 1329 2077 alias
1368 2023 1623 2098 graves
1672 2011 1743 2075 et
1793 2001 2263 2075 intolerabiles
2300 2001 2676 2096 gravitates
2716 2024 2859 2096 que
2906 2024 3108 2098 passa
3152 2005 3283 2076 fuit
3336 2014 3406 2077 et
3448 2016 3554 2080 est

723 2127 903 2201 dicta
940 2127 1223 2218 civitas,
1261 2137 1330 2200 et
1377 2126 1765 2223 specialiter
1800 2135 2074 2222 propter
2117 2125 2404 2199 servitia
2442 2124 2779 2199 hactenus
2819 2126 2998 2200 facta
3042 2128 3352 2202 societati
3398 2151 3553 2226 pre-

721 2250 925 2325 dicte.
958 2250 1098 2324 Sed
1128 2250 1441 2346 predicta
1477 2258 1777 2347 potestas
1810 2260 1880 2322 et
1908 2248 2199 2345 predicti
2238 2257 2537 2322 rectores
2569 2258 2640 2321 et
2670 2249 3179 2324 ambaxiatores
3209 2252 3451 2326 dicunt
3484 2263 3556 2327 et

721 2384 1032 2447 asserunt
1086 2382 1156 2446 et
1195 2375 1441 2447 volunt
1487 2374 1683 2467 quod
1733 2373 1979 2448 civitas
2040 2371 2349 2445 Ferrarie
2408 2372 2499 2444 sit
2552 2372 2645 2447 de
2717 2373 3042 2446 societate
3094 2374 3404 2471 predicta
3478 2377 3553 2448 in

719 2496 904 2571 hunc
939 2495 1230 2570 modum
1272 2524 1292 2569 ε
1332 2497 1596 2570 scilicet
1625 2498 1699 2569 in
1733 2495 1967 2570 dando
2002 2495 2156 2570 vias
2197 2496 2365 2570 etin
2397 2495 2554 2570 aliis
2586 2518 2726 2591 que
2752 2497 2936 2570 circa
2967 2496 3100 2571 hec
3140 2500 3396 2572 fuerint
3421 2522 3552 2597 op-

718 2631 1009 2718 portuna
1058 2621 1446 2696 secundum
1487 2622 2012 2720 possibilitatem
2059 2621 2242 2695 dicte
2286 2620 2586 2696 civitatis
2626 2621 2934 2695 Ferrarie
2955 2674 2977 2713 ‚
3026 2632 3097 2695 et
3139 2622 3212 2695 in
3247 2622 3550 2697 vetando

717 2747 1107 2821 Teutonicis
1147 2756 1485 2821 eteorum
1519 2746 1908 2820 fautoribus
1947 2766 2038 2821 ne
2087 2767 2213 2841 per
2263 2745 2415 2818 vias
2453 2755 2523 2819 et
2564 2765 2784 2840 aquas
2817 2746 3121 2820 Ferrarie
3165 2745 3428 2820 vadant
3479 2757 3549 2821 et

717 2871 995 2943 veniant
1047 2869 1141 2944 ad
1185 2870 1635 2944 offensionem
1669 2876 1740 2942 et
1790 2868 2278 2943 detrimentum
2328 2869 2672 2942 societatis
2731 2867 3167 2942 Lombardie.
3220 2870 3356 2956 Qui
3404 2868 3547 2942 do-

717 2994 944 3068 minus
996 2994 1517 3069 Bartholomeus
1567 2994 1893 3067 antianus
1934 3013 2077 3066 una
2117 3014 2278 3066 cum
2319 2991 2736 3089 supradictis
2785 2993 3166 3066 rectoribus
3210 2994 3542 3090 prefatam

713 3127 1114 3213 potestatem
1157 3118 1467 3192 Ferrarie
1520 3127 1590 3191 et
1639 3117 1862 3190 dictos
1896 3124 2194 3190 rectores
2236 3136 2364 3212 pro
2411 3116 2762 3189 communi
2807 3117 3113 3191 Ferrarie
3154 3116 3541 3191 secundum

715 3240 1187 3337 supradictum
1212 3239 1503 3315 modum
1533 3249 1601 3315 et
1633 3240 1811 3312 sicut
1844 3239 2337 3336 predixerunt,
2376 3238 2468 3312 ad
2497 3239 2890 3313 societatem
2923 3239 3296 3335 predictam
3334 3263 3541 3314 rece-

718 3374 995 3459 perunt,
1054 3365 1570 3438 affirmaverunt
1610 3374 1680 3438 et
1737 3363 2338 3460 approbaverunt,
2392 3370 2461 3435 et
2503 3384 2624 3437 eos
2662 3365 2898 3456 jurare
2947 3365 3280 3438 fecerunt.
3320 3406 3418 3419 —
3457 3366 3544 3438 Et

718 3509 843 3583 ego
882 3486 1288 3578 Aribertus‚
1322 3488 1451 3562 Dei
1495 3489 1716 3583 gratia
1766 3488 1941 3560 sacri
1997 3487 2233 3583 palatii
2287 3486 2593 3561 notarius
2616 3540 2636 3579 ,
2687 3486 2797 3560 his
2846 3489 3170 3562 omnibus
3223 3489 3537 3575 interfui,

717 3620 992 3705 rogatus
1022 3611 1326 3685 scribere
1357 3610 1601 3706 scripsi
1633 3619 1703 3684 et
1736 3609 2102 3705 complevi.

2075 3894 2168 3965 11.

806 4098 884 4168 In
934 4098 1181 4170 Christi
1231 4098 1535 4171 nomine.
1585 4095 1788 4169 Anno
1849 4093 2160 4190 ejusdem
2214 4092 2606 4167 Nativitatis
2648 4093 3012 4166 millesimo
3067 4091 3541 4168 ducentesimo

717 4221 1051 4296 tricesimo
1086 4225 1372 4321 quinto,
1408 4222 1786 4295 indictione
1814 4221 2009 4309 VIII,
2042 4217 2314 4305 Brixis,
2355 4226 2663 4312 tempore
2704 4215 2967 4290 domini
3004 4216 3313 4311 Gregorii
3355 4239 3538 4315 pape

715 4355 780 4416 et
820 4346 1131 4422 Federici
1186 4347 1648 4445 imperatoriS‚
1684 4345 1802 4419 die
1848 4344 2170 4418 mercurii
2209 4344 2330 4416 VII
2376 4342 2675 4415 intrante
2716 4342 3112 4435 novembri,
3150 4341 3224 4414 in
3258 4342 3544 4439 publica

716 4472 1042 4545 concione
1075 4473 1340 4566 Brixie,
1378 4470 1817 4569 presentibus
1849 4467 2136 4542 domino
2164 4468 2525 4562 Bonapace
2554 4466 2770 4539 milite
2801 4465 3188 4563 potestatis,
3224 4465 3543 4540 Gnidone

713 4589 795 4665 de
838 4596 1089 4688 Raule‚
1132 4595 1462 4669 Tederico
1496 4595 1587 4668 de
1633 4594 1807 4667 Villa
1847 4591 1939 4666 de
1988 4591 2418 4682 Mediolano,
2459 4593 2945 4664 Bonaventura
2980 4590 3245 4665 notario
3282 4589 3373 4663 de
3413 4592 3541 4663 Fa-

712 4719 965 4811 ventia,
1001 4718 1364 4793 Cristofaro
1401 4718 1668 4792 notario
1704 4715 1795 4791 de
1848 4715 2240 4790 Mediolano
2283 4724 2353 4790 et
2389 4715 2544 4789 aliis
2568 4772 2584 4804 ,
2623 4714 2746 4787 ubi
2802 4713 3127 4790 dominus
3175 4714 3543 4787 Umbertus
