4500 5956
1609 571 1863 630 INDEX
1914 569 2607 631 DocuMEN'ronuM.
3392 570 3515 632 993

717 771 936 848 1252

723 908 775 958 1⁶
800 899 929 959 dec.
1117 893 1297 972 Apud
1454 923 1531 938 —
1574 890 1864 953 Omnibus
1888 892 2189 953 licentiam
2226 893 2497 954 concedit
2530 910 2595 954 se
2635 893 3025 955 transferendi
3059 910 3196 955 cum
3237 892 3413 954 rebus
3452 900 3514 954 et

1053 992 1354 1069 Hagenoe.
1532 990 1795 1066 personis
1829 989 1907 1049 ad
1935 989 2143 1049 stau-es
2170 990 2475 1066 hospitalis
2512 992 2605 1051 sui
2644 991 2720 1051 de
2753 992 3112 1070 Haguenau‚
3155 993 3512 1068 eosdemque

1532 1084 1611 1144 ab
1635 1087 1798 1144 omni
1837 1087 2076 1146 servitio
2116 1086 2229 1146 sibi
2256 1087 2455 1147 debito
2488 1087 2650 1163 quod
2687 1087 2763 1147 ad
2791 1088 3165 1165 dispendium
3203 1088 3511 1165 hospitalis

855 1229 862 1236 .
1534 1180 1862 1241 redundare
1885 1188 2101 1257 posset,
2126 1184 2355 1242 eximit.
3390 1192 3506 1243 592

731 1298 764 1349 2
789 1290 917 1351 dec.
1123 1284 1304 1362 Apud
1453 1315 1537 1331 —
1573 1285 1843 1345 Waltero
1867 1285 1943 1345 de
1977 1286 2285 1346 Hocbdorf
2314 1288 2657 1347 monasterii
2696 1288 2916 1347 Montis
2949 1287 3312 1364 Angelorum
3352 1286 3510 1347 bona

1027 1383 1388 1461 Hagenowe.
1533 1384 1599 1441 in
1623 1384 1861 1459 Aargau
1890 1384 2025 1453 sita,
2057 1383 2343 1459 quamdiu
2369 1383 2568 1443 abbati
2596 1383 2862 1461 ejusdem
2889 1382 3163 1444 eeclesiae
3189 1384 3471 1461 placuerit
3487 1426 3506 1455 ,

1532 1478 1754 1537 tuenda
1777 1479 2172 1538 commendat.
3388 1487 3503 1539 593

731 1592 765 1644 9
789 1584 917 1647 dec.
1016 1582 1127 1658 Ap.
1151 1580 1405 1656 spiram.
1452 1613 1536 1629 —
1573 1582 1816 1643 scholas
1840 1585 1904 1643 in
1930 1583 2287 1644 mulbausen
2305 1626 2324 1655 ,
2353 1585 2507 1644 sicut
2534 1583 2644 1643 sibi
2671 1586 2835 1643 cives
2861 1585 2972 1660 ipsi
3006 1588 3110 1662 jus
3149 1601 3508 1663 recognove-

1536 1687 1696 1747 runt.
1732 1680 2010 1741 ecclesiae
2035 1679 2240 1740 Sancti
2275 1681 2456 1740 Blasii
2481 1680 2696 1753 donat,
2726 1680 2966 1740 Alberto
2999 1681 3244 1757 plebano
3275 1687 3335 1740 et
3371 1698 3510 1742 sue-

1534 1775 1865 1836 cessoribus
1903 1778 2037 1853 ejus
2076 1777 2403 1835 concedens
2434 1781 2504 1835 ut
2543 1777 2701 1853 ipsas
2746 1776 2979 1834 scholas
3020 1792 3157 1836 cum
3200 1776 3512 1836 elemosina

1535 1873 1716 1951 regali
1740 1873 2012 1933 ordinare
2035 1875 2286 1949 possint.
3392 1881 3506 1933 594

740 1961 917 2035 [(ἸΜ
995 2013 1401 2034 .......
1455 2006 1536 2021 -
1574 1974 1945 2035 Ludovicum
1969 1975 2333 2035 Francorum
2358 1988 2554 2051 regem
2579 1980 2750 2052 rogat
2775 1980 2845 2034 ut
2877 1982 3084 2035 contra
3109 1992 3201 2046 se,
3236 1977 3510 2036 comitem

716 2064 932 2110 mum
1535 2072 1901 2144 Bari-ensem,
1925 2076 1987 2130 et
2009 2072 2169 2131 cives
2191 2070 2484 2131 Metenses
2510 2070 2738 2131 nullum
2766 2073 3036 2148 episcopo
3061 2071 3310 2133 Metensi
3334 2075 3511 2132 auxi-

700 2147 964 2224 exeunt·]
1538 2168 1683 2228 lium
1728 2167 2053 2244 impendat,
2080 2168 2177 2228 vel
2226 2168 2304 2228 ab
2340 2166 2681 2228 hominibus
2723 2170 2890 2247 regni
2932 2170 3215 2229 Franciae
3251 2171 3512 2247 impendi

715 2267 936 2346 1255
1536 2267 1855 2343 permittat.
3394 2276 3510 2327 595

737 2377 773 2429 9
792 2372 920 2446 jan.
1123 2367 1300 2444 Apud
1458 2400 1535 2413 —
1578 2367 1884 2429 Fratribus
1909 2369 2248 2428 monasterii
2274 2367 2350 2427 de
2384 2366 2718 2429 Brumbacb
2746 2368 3013 2446 indulget
3036 2375 3107 2429 ut
3128 2386 3222 2430 res
3249 2374 3514 2448 proprias

1017 2461 1415 2524 Gelnhausen.
1539 2484 1644 2545 per
1669 2466 1941 2526 Rhenum
1967 2471 2029 2525 et
2061 2464 2387 2542 Moganum
2415 2481 2517 2524 seu
2544 2481 2647 2541 per
2680 2471 2897 2525 terram
2924 2468 3052 2526 sine
3089 2467 3213 2527 ullo
3249 2484 3514 2546 unquam

1537 2564 1768 2623 teloneo
1802 2563 2090 2623 deducere
2123 2564 2380 2639 possint,
2412 2564 2653 2637 suisque
2678 2563 3154 2623 ministerialibus
3178 2566 3422 2626 mandat
3445 2572 3516 2626 ιιι

1538 2662 1693 2720 hane
1718 2659 2146 2738 indulgentiam
2173 2659 2395 2719 eisdem
2420 2657 2703 2718 fratribus
2730 2666 3099 2721 conservent.
3394 2670 3511 2722 597

718 2770 784 2822 11
805 2765 936 2841 Jan.
1119 2760 1301 2837 Apud
1458 2799 1540 2812 -
1579 2766 1847 2828 Waltero
1878 2765 1953 2825 de
1990 2762 2303 2825 Hochdorf
2332 2765 2669 2823 monasterii
2707 2763 2929 2824 Montis
2963 2765 3321 2842 Angelorum
3355 2766 3515 2828 bona

1016 2853 1413 2918 Gelnhaussen·
1537 2867 1604 2925 in
1630 2864 1867 2941 Aargau
1899 2864 2033 2934 sita,
2064 2860 2348 2938 quamdiu
2376 2860 2571 2920 abbati
2599 2861 2863 2938 ejusdem
2887 2862 3161 2923 ecclesiae
3188 2864 3508 2939 placuerit,

1537 2960 1757 3020 tuenda
1781 2958 2173 3020 commendat.
3390 2969 3506 3022 598

667 3063 682 3071 “
713 3070 784 3122 18
808 3061 960 3126 febr.
1127 3059 1308 3136 Apud
1456 3100 1538 3112 —
1577 3065 1880 3126 Fratribus
1904 3064 2120 3124 domus
2142 3063 2645 3124 Tbeutonicorum
2671 3065 2736 3121 in
2765 3063 3129 3141 Nuremberg
3152 3066 3511 3140 emptionem

1017 3156 1409 3234 Nuremberg.
1537 3161 1908 3239 praediorum
1934 3163 1998 3220 in
2025 3158 2381 3236 Kapiesdorf
2397 3165 2457 3219 et
2480 3158 2675 3219 Urach
2693 3175 2731 3218 a
2748 3175 2920 3219 socru
2946 3159 3236 3220 Craftonis
3259 3160 3338 3221 de
3361 3160 3513 3221 Lare

1537 3259 1657 3320 illis
1683 3259 2080 3331 venditorum,
2110 3274 2186 3317 ex
2212 3256 2577 3334 plenitudine
2602 3256 2833 3316 consilii
2858 3260 2952 3316 sui
2978 3256 3309 3318 confirmat.
3395 3267 3510 3320 599

715 3369 787 3423 18
808 3361 959 3424 febr.
1117 3357 1298 3434 Apud
1457 3396 1541 3412 —
1579 3363 1798 3427 Sin-ido
1824 3364 2236 3439 Batisponensi
2262 3363 2531 3437 episcopo
2567 3365 2629 3421 et
2664 3362 2985 3438 imperialis
3022 3363 3193 3424 aulae
3223 3365 3514 3424 cancella-

1016 3454 1400 3534 Nuremberg.
1539 3462 1659 3532 rio,
1697 3464 1933 3535 propter
1969 3460 2208 3517 servitia
2245 3457 2360 3517 sibi
2398 3462 2459 3516 et
2499 3458 2654 3532 patri
2681 3473 2792 3517 suo
2816 3457 3111 3534 exhibita,
3146 3460 3412 3520 coneedit
3453 3466 3513 3521 et

1537 3556 1724 3615 donat
1748 3555 1826 3615 ad
1853 3556 2041 3614 vitam
2064 3557 2198 3630 ejus
2228 3569 2434 3614 omnes
2459 3560 2796 3630 proventus,
2820 3555 3257 3632 jurisdictiones
3289 3562 3349 3616 et
3374 3559 3512 3633 jus-

1538 3653 1699 3712 titias
1734 3666 1811 3710 ex
1847 3650 2088 3710 Judaeis
2121 3652 2186 3709 in
2221 3649 2546 3726 Batispona
2569 3649 2920 3727 degentibus
2945 3656 3006 3710 et
3043 3651 3121 3710 ad
3145 3652 3369 3726 imperii
3408 3667 3508 3711 ca-

1536 3763 1758 3808 meram
1790 3745 2214 3824 spectantibus.
3391 3755 3507 3807 600

673 3897 678 3904 »
714 3864 787 3916 27
812 3856 957 3920 febr.
1121 3858 1304 3934 Apud
1458 3895 1539 3907 —
1579 3862 1794 3922 Notam
1821 3859 1962 3921 facit
1987 3859 2240 3920 formam
2266 3860 2705 3936 compositionis
2738 3858 3051 3920 accedente
3084 3875 3192 3918 suo
3220 3876 3509 3921 consensu

1015 3957 1400 4036 Oppenheim.
1535 3959 1693 4018 inter
1718 3957 2039 4017 Henricum
2062 3957 2558 4016 Wormatiensem
2583 3958 2920 4033 episcopum
2950 3960 3012 4015 et
3040 3957 3199 4015 cives
3225 3958 3506 4017 Worma-

1537 4055 1760 4113 cienses
1783 4052 1973 4112 factae
1986 4095 2006 4128 ,
2033 4052 2254 4112 seilicet
2278 4052 2352 4112 de
2385 4068 2539 4111 novo
2578 4058 2737 4113 statu
2763 4053 3021 4112 civitatis
3055 4051 3381 4113 ordinando
3404 4069 3507 4129 per

1536 4149 1845 4209 consilium
1872 4149 1970 4207 cui
1993 4147 2411 4223 praesidebunt
2438 4163 2651 4208 novem
2685 4149 2846 4209 cives
2880 4147 2958 4208 ab
2992 4149 3263 4225 episcopo
3299 4155 3360 4210 et
3402 4166 3503 4210 sex

1536 4245 1753 4305 milites
1779 4244 1856 4304 ab
1877 4243 2098 4304 eisdem
2122 4244 2353 4305 civibus
2378 4245 2570 4307 electi.
3390 4256 3501 4309 θοι

718 4360 750 4411 6
772 4361 942 4417 mart.
1128 4358 1305 4437 Apud
1466 4392 1541 4405 -
1578 4357 2060 4419 ministerialibus
2084 4360 2210 4419 suis
2236 4359 2314 4418 de
2339 4357 2563 4436 Sintzig
2588 4362 2795 4418 notum
2820 4356 2962 4418 facit
2983 4358 3165 4435 quod,
3189 4375 3327 4419 cum
3352 4360 3510 4422 bona

1014 4456 1427 4535 Boppardiam.
1539 4471 1650 4517 sua
1676 4455 2010 4516 conservari
2036 4455 2179 4515 velit
2195 4457 2438 4533 imperio
2458 4462 2518 4516 et
2539 4454 2786 4516 termam
2811 4472 2981 4516 suam
3002 4456 3182 4516 banni
3208 4460 3511 4520 custodiae

1539 4550 1863 4628 subjacere,
1894 4550 2198 4612 Gerhardo
2234 4551 2312 4612 de
2348 4551 2573 4630 Sintzig
2611 4552 2919 4614 mandavit
2950 4558 3019 4613 ιιι
3061 4560 3512 4633 transgressores

1536 4650 1828 4712 emendet.
3395 4662 3511 4714 604

846 4752 954 4816 IV.
1000 4765 1115 4815 rm
1139 4773 1185 4816 ε.
3080 4767 3194 4818 125
