4500 5956
694 1421 952 1475 epigolberg
962 1452 977 1475 ,

709 1477 765 1519 2³
790 1475 959 1529 spritu.

1067 568 1192 629 610
1690 584 1693 585 ’
2116 569 2461 631 HENRIC!
2517 567 2856 631 SEP'rml
3523 570 3687 646 [Anu.
3725 570 3902 633 1233.

1169 704 1422 775 Datum
1474 699 1667 795 apud
1710 702 2152 797 Ratisponam
2179 761 2196 792 ,
2237 727 2424 779 anno
2474 705 2821 779 dominice
2870 700 3359 776 incarnationis
3404 688 3916 798 MCCXXX111,'

1071 826 1162 901 lv
1199 823 1364 900 idus
1397 824 1636 920 aprilis
1672 826 1735 921 (⁴
1750 823 1807 920 >,
1851 826 2269 917 [indictione
2298 829 2452 918 VI.]

2573 1136 3296 1147 *--—.ffl—-0--
3319 1135 3460 1145 ..ο-.-

1174 1407 1545 1490 Henricus
1570 1467 1595 1514 ,
1671 1407 2196 1490 Romanorum
2270 1433 2454 1515 rex,
2519 1405 2846 1490 Henrico
2912 1406 3469 1490 Constantiensi
3549 1409 3902 1518 episcopo

1067 1540 1413 1623 concedit
1478 1537 1909 1622 libertatem
1956 1541 2464 1667 'construendi
2517 1552 2593 1623 et
2668 1537 3005 1623 habendi
3077 1539 3335 1624 forum
3408 1541 3902 1651 septimanale

1063 1674 1146 1754 in
1185 1670 1556 1754 suburbio
1592 1671 1823 1753 castri
1858 1670 2285 1781 Mersburg.

1233 1886 1471 1965 (Inedlt.
1500 1902 1574 1947 ex
1607 1883 1876 1948 chartul.
1907 1887 2216 1966 episcopal.
2254 1885 2736 1953 Constandensis,
2770 1883 2873 1945 fol.
2911 1893 3053 1959 106,
3081 1885 3146 1945 tn
3170 1884 3412 1945 archivo
3438 1883 3896 1966 carlsruhensi.)

1164 2075 1285 2164 H„
1325 2072 1450 2145 Dei
1487 2073 1704 2167 gratia
1738 2073 2201 2145 Romanorum
2248 2094 2377 2145 rex
2418 2084 2487 2145 et
2517 2093 2792 2168 semper
2824 2081 3189 2166 augustus,
3239 2072 3583 2144 universis
3624 2074 3899 2168 imperii

1065 2198 1389 2271 fidelibus
1420 2197 1678 2292 quibus
1713 2197 1844 2269 hee
1874 2197 2068 2270 litere
2103 2206 2376 2270 ostense
2403 2197 2680 2287 fuerint,
2714 2198 3007 2291 gratiam
3036 2219 3235 2271 suam
3262 2208 3331 2270 et
3367 2219 3572 2271 omne
3604 2199 3892 2271 bonum.

1065 2321 1137 2393 Si
1194 2320 1450 2394 devote
1495 2320 1692 2392 nobis
1736 2328 1806 2392 et
1839 2318 2132 2393 fideliter
2177 2320 2670 2394 famulantibus
2720 2320 2812 2392 de
2867 2320 3307 2415 providentia
3362 2321 3629 2394 consilii
3683 2322 3898 2395 nostri

1065 2443 1354 2538 gratiam
1415 2444 1882 2539 impendimus
1951 2444 2316 2538 specialem
2339 2497 2360 2535 ,
2425 2465 2564 2517 non
2624 2443 3045 2539 ambigimus
3099 2467 3226 2541 per
3278 2445 3415 2518 hoc
3474 2446 3738 2519 alienos
3803 2444 3897 2518 ad

1062 2568 1481 2664 promptiora
1523 2567 1857 2661 obsequia
1900 2566 2217 2640 invitare.
2263 2567 2438 2663 Hinc
2485 2576 2589 2640 est
2630 2566 2823 2662 quod
2871 2589 2999 2641 nos
3043 2567 3474 2642 attendentes
3517 2570 3896 2664 preclaram

1061 2690 1273 2766 fidem
1312 2702 1381 2765 et
1428 2692 1916 2786 obsequiosam
1968 2690 2406 2764 devotionem
2456 2690 2689 2765 dilecti
2734 2691 3068 2787 principis
3104 2693 3320 2766 nostri
3355 2693 3439 2764 H.
3483 2692 3901 2765 venerabilis

1059 2816 1596 2890 constantiensis
1644 2815 1997 2912 episcopi,
2036 2816 2330 2908 gratiam
2379 2814 2443 2887 ei
2481 2816 2684 2888 talem
2720 2816 3009 2888 fecimus
3042 2824 3113 2889 et
3147 2815 3471 2889 dedimus
3516 2813 3897 2888 libertatem

1062 2942 1502 3015 construendi
1552 2950 1623 3015 et
1660 2939 1968 3015 habendi
2025 2940 2245 3013 forum
2293 2940 2743 3035 septimanale
2795 2939 2867 3013 in
2902 2940 3238 3016 suburbio
3284 2941 3487 3015 castri
3519 2940 3631 3014 sui
3674 2941 3901 3016 Mers-

1059 3086 1238 3159 purg
1290 3066 1361 3136 in
1432 3086 1520 3138 ea
1569 3063 1691 3138 die
1750 3066 1930 3139 sicut
1983 3063 2076 3137 de
2132 3065 2421 3138 consilio
2476 3086 2606 3140 suo
2652 3063 2938 3139 duxerit
2990 3065 3434 3140 statuendum
3464 3120 3483 3156 ‚
3542 3065 3616 3139 id
3666 3067 3897 3161 ipsum

1060 3190 1286 3260 forum
1341 3189 1408 3260 ei
1463 3188 1748 3282 suisque
1803 3188 2318 3260 successoribus
2367 3190 2771 3262 auctoritate
2825 3190 3019 3284 regia
3067 3188 3573 3262 confirmantes.
3617 3190 3770 3275 Qua
3806 3188 3897 3263 de

1059 3327 1137 3378 re
1194 3303 1609 3377 mandamus
1657 3306 1792 3378 sub
1857 3305 2411 3379 interminatione
2476 3308 2693 3401 gratie
2757 3315 2987 3380 nostre
3022 3307 3396 3380 districtius
3441 3307 3897 3403 precipientes

1061 3435 1141 3500 ut
1175 3428 1406 3500 nullus
1459 3429 1549 3500 sit
1599 3429 1722 3523 qui
1760 3429 2168 3519 Jamdictum
2218 3429 2601 3524 principem
2638 3440 2951 3503 nostrum
2993 3452 3296 3526 suosque
3341 3452 3778 3505 successores
3823 3433 3897 3503 in

1063 3551 1284 3646 gratia
1318 3573 1363 3625 a
1405 3559 1638 3624 nostra
1688 3550 2099 3624 celsitudine
2146 3551 2279 3623 sibi
2330 3551 2495 3626 data
2552 3553 2807 3627 audeat
2857 3553 3200 3648 impedire
3241 3554 3354 3628 vel
3397 3552 3784 3649 dampnum
3829 3554 3894 3625 ci

1061 3677 1348 3772 suisque
1396 3675 1909 3751 successoribus
1953 3684 2074 3749 aut
2124 3698 2499 3770 gravamen
2549 3676 2834 3771 aliquod
2880 3677 3211 3771 irrogare.
3268 3676 3472 3761 Quod
3540 3677 3664 3771 qui
3717 3698 3897 3749 ausu

1063 3801 1316 3876 ductus
1374 3802 1733 3876 temerario
1784 3804 2007 3875 facere
2054 3801 2585 3897 presumpserit,
2640 3802 2816 3874 iram
2871 3808 3173 3874 nostram
3222 3821 3506 3895 gravem
3546 3799 3796 3873 sentiat
3829 3807 3898 3872 et

1065 3925 1422 4000 offensam.
1464 3924 1576 3998 Ad
1623 3926 1827 4018 cujus
1874 3924 2040 3998 facti
2092 3925 2306 3997 nostri
2349 3925 2564 3998 robur
2616 3925 2689 3998 in
2741 3935 3094 4019 posterum
3139 3922 3514 3996 valiturum
3530 3977 3552 4016 ,
3616 3943 3896 4019 presens

1066 4048 1512 4142 privilegium
1546 4048 1885 4122 conscribi
1921 4057 1989 4121 et
2022 4048 2249 4142 sigillo
2285 4058 2517 4121 nostro
2551 4046 2886 4121 duximus
2924 4044 3268 4137 insigniri.

1167 4169 1342 4244 Acta
1372 4180 1536 4244 sunt
1567 4173 1696 4245 hec
1730 4172 1803 4243 in
1833 4181 2055 4245 castro
2080 4173 2546 4268 Spiegelberc‚
2581 4171 2813 4244 multis
2840 4168 3277 4266 presentibus
3298 4189 3595 4263 quorum
3618 4166 3896 4240 nomina

1150 4477 1222 4553 (t)
1258 4477 1425 4534 Notas
1450 4473 1853 4546 chronologicas
1894 4490 2035 4546 quae
2077 4474 2293 4530 omnino
2328 4474 2471 4546 apud
2503 4474 2747 4531 Martene
2778 4474 3166 4544 desiderantur,
3190 4489 3336 4530 nunc
3381 4473 3614 4547 primum
3657 4470 3892 4542 integras

1074 4576 1341 4648 addimuS,
1366 4591 1433 4633 ex
1456 4572 1641 4630 notitia
1668 4572 1871 4628 archivi
1895 4571 2138 4627 Vaticani
2169 4586 2258 4644 ap.
2286 4571 2484 4640 Pnn'rz,
2505 4571 2731 4643 Archiv,
2763 4577 2804 4628 t.
2824 4573 2945 4646 vn,
2970 4589 3026 4646 p.
3054 4574 3142 4630 30.
3167 4571 3379 4645 Optime
3405 4569 3549 4627 enim
3575 4575 3691 4626 tum
3716 4580 3896 4624 rerum

1077 4672 1272 4744 ordini,
1303 4678 1418 4728 tum
1441 4669 1614 4726 itineri
1643 4668 1855 4725 Henrici
1879 4666 2020 4740 regis
2046 4667 2387 4724 conveniunt.
