4500 5956
1168 510 1289 574 800
2113 557 2116 561 .
2171 512 2602 575 ramulum
2650 512 2997 576 sacuam
3620 510 3782 595 [An.
3818 510 3998 575 1235.

1263 642 1439 716 Acta
1468 651 1631 716 sunt
1660 641 1790 718 hec
1824 667 2008 719 anno
2042 645 2387 721 dominice
2422 647 2913 722 incarnationis
2947 644 3308 718 millesimo
3352 644 3827 720 ducentesimo
3870 646 4004 716 tri-

1166 765 1421 841 cesimo
1468 767 1749 862 quinto,
1796 791 2034 843 mense
2089 769 2510 863 decembris,
2571 791 2760 844 none
2810 767 3243 861 indictionis,
3291 767 3674 865 imperante
3718 765 4002 840 domino

1165 897 1398 963 nostro
1427 889 1776 965 Friderioo
1798 892 1884 985 ΙΙ,
1912 892 2037 967 Dei
2066 894 2286 988 gratia
2317 892 2754 966 serenissimo
2773 893 3237 967 Romanorum
3261 892 3698 988 imperatore,
3727 911 4002 986 semper

1166 1020 1499 1106 angusto,
1535 1014 1910 1088 Jerusalem
1958 1025 2027 1089 et
2061 1016 2292 1089 Sicilie
2336 1037 2501 1112 rege
2523 1070 2544 1107 ,
2601 1036 2786 1090 anno
2834 1015 3105 1113 imfflrii
3153 1016 3305 1109 eJus
3351 1015 3646 1112 septimo
3690 1013 3991 1104 decimo,

1164 1136 1358 1231 regni
1395 1137 1770 1211 Jerusalem
1806 1138 2201 1235 undecimo,
2244 1140 2442 1235 regni
2490 1161 2658 1214 vero
2690 1140 2920 1214 Sicilie
2949 1139 3300 1236 trigesimo
3326 1139 3649 1235 septimo.

1258 1261 1508 1333 Datum
1539 1262 1969 1358 Hagenovve,
2009 1286 2219 1355 ann0‚
2255 1285 2492 1338 mense
2520 1273 2592 1337 et
2622 1262 3000 1338 indictione
3032 1263 3449 1361 prescriptis,

1588 1547 2692 1560 *n———u--na—ffl-——nm

795 1796 1052 1905 mm&
1264 1792 1731 1900 Fridericus,
1770 1794 2296 1877 Romanorum
2343 1794 2786 1903 imperator,
2824 1790 3280 1903 Raymundo
3314 1789 3575 1875 comiti
3609 1790 3993 1875 Tolosano

818 1885 1079 1951 mma
1156 1923 1366 2008 affini
1400 1935 1476 2008 et
1507 1925 1715 2009 fideli
1769 1952 1910 2011 suo
1955 1927 2311 2010 dominos
2344 1926 2570 2010 villae
2604 1924 2948 2028 Insulae,
3006 1923 3326 2008 civitatis
3382 1923 3984 2072 CarpentoratiS‚

1158 2057 1385 2140 castri
1439 2058 1538 2140 de
1588 2058 2015 2168 Interaquis
2078 2068 2153 2142 et
2209 2058 2541 2142 aliorum
2609 2057 2959 2141 locorum
3029 2066 3394 2166 perpetuo
3463 2057 3545 2138 in
3615 2056 3990 2143 vassallos

1150 2190 1521 2275 concedit.

1315 2404 1539 2480 (Edit,
1567 2404 1672 2466 sed
1701 2404 2001 2478 mendose,
2030 2406 2093 2465 in
2119 2400 2353 2464 Bullar.
2384 2402 2542 2464 civit.
2570 2400 2882 2481 Avenion.²
2909 2418 2972 2480 p.
3004 2410 3148 2474 1873
3176 2433 3255 2447 —
3281 2417 3376 2478 ap.
3410 2402 3693 2474 Bouana,
3723 2401 3880 2463 Hist.
3911 2400 3986 2463 de

1389 2511 1704 2587 Promea,
1743 2516 1793 2572 t.
1822 2511 1914 2584 Π,
1944 2526 2001 2588 p.
2039 2518 2217 2590 1065,
2255 2527 2332 2570 ex
2359 2509 2524 2571 arch.
2560 2510 2762 2570 comit.
2801 2509 3075 2571 Venaiss.
3104 2538 3183 2552 —
3209 2506 3528 2582 Kmsm,
3556 2505 3844 2588 Anzeiqer
3861 2505 3986 2589 ster

1384 2614 1599 2678 Kunde
1636 2613 1741 2676 der
1773 2613 2088 2676 Teutscloen
2111 2616 2350 2690 vorzeit,
2383 2623 2533 2676 1835
2552 2657 2570 2690 ,
2602 2629 2657 2690 p.
2700 2620 2836 2674 133.
2865 2612 3043 2674 Nunc
3071 2612 3422 2674 exhibemus
3454 2630 3532 2674 ex
3569 2615 3840 2692 originali
3879 2630 3976 2692 ap.

1394 2722 1601 2783 Trdsor
1648 2720 1747 2784 des
1789 2721 2053 2799 chartas,
2093 2724 2157 2782 in
2209 2720 2453 2782 archivo
2495 2719 2731 2795 imperil
2776 2718 3129 2792 Parisiensi,
3168 2734 3304 2779 arca
3341 2719 3378 2779 J
3384 2760 3402 2778 .
3443 2726 3591 2798 309,
3622 2728 3693 2779 n⁶
3738 2728 3844 2799 13,
3873 2720 3980 2781 ubi

1379 2830 1548 2890 adest
1572 2830 1834 2908 sigillum
1859 2831 2152 2908 integrum
2177 2825 2298 2888 fllls
2322 2827 2520 2888 sericis
2539 2824 2705 2885 rubri
2730 2823 2941 2885 coloris
2966 2839 3313 2901 appensum.
3338 2825 3522 2886 Extat
3547 2841 3782 2905 quoque
3808 2830 3982 2905 copia

1387 2931 1628 3010 ibidem,
1657 2950 1794 2996 arca
1820 2935 1879 2996 J.
1914 2942 2055 3008 277,
2085 2942 2151 2994 n⁰
2184 2936 2272 3007 ι.)

1236 3118 1628 3193 Fridericus
1661 3120 2013 3195 secundus
2029 3177 2047 3208 ,
2091 3118 2335 3193 divina
2373 3119 2647 3192 favente
2681 3117 3058 3191 clemencia
3097 3116 3562 3190 Romanorum
3605 3117 3978 3213 imperator

1140 3264 1413 3338 semper
1448 3253 1783 3336 augustus
1800 3296 1823 3334 ‚
1880 3244 2259 3317 Jerusalem
2308 3251 2378 3317 et
2405 3241 2634 3314 Sicilie
2668 3261 2825 3314 rex,
2879 3241 2949 3313 Si
2997 3239 3401 3314 dilectorum
3457 3238 3767 3313 fidelium
3812 3263 3980 3315 nos-

1142 3377 1400 3440 trornm
1432 3367 1969 3461 supplicationes
2013 3377 2350 3440 eteorum
2382 3366 2713 3462 precipue
2737 3387 2913 3459 qnos
2940 3373 3011 3438 et
3037 3373 3230 3461 grate
3265 3363 3655 3439 devotionis
3686 3365 3979 3439 affectus

1140 3502 1210 3564 et
1245 3490 1539 3564 servicia
1576 3490 1873 3584 gratiora
1910 3491 1982 3562 in
2014 3499 2384 3586 conspectu
2429 3500 2659 3563 nostre
2695 3488 3123 3562 celsitudinis
3173 3489 3687 3582 recomendant,
3719 3488 3974 3563 admit·

1139 3617 1349 3690 timus
1382 3615 1755 3688 liberaliter
1786 3624 1856 3687 et
1886 3616 2282 3708 clementer,
2317 3637 2401 3689 eo
2441 3616 2691 3688 nostris
2726 3623 2797 3687 et
2831 3614 3099 3710 imperii
3137 3612 3544 3686 utilitatibus
3591 3614 3974 3687 consultius

1135 3739 1587 3836 providemus
1617 3762 1758 3836 quo
1787 3740 1978 3835 quod
2010 3742 2133 3813 uni
2167 3740 2259 3814 de
2286 3741 2521 3814 innata
2552 3738 3023 3837 impendimus
3051 3738 3309 3834 gracia,
3348 3737 3445 3812 ad
3474 3737 3708 3834 plnres
3746 3746 3976 3813 trans·

1138 3864 1451 3937 funditur
1484 3886 1608 3959 per
1641 3866 2069 3959 exemplum,
2101 3874 2170 3938 et
2204 3864 2307 3938 sic
2340 3864 2592 3938 multos
2631 3862 2724 3936 ad
2763 3871 3063 3936 nostram
3100 3870 3169 3936 et
3209 3862 3483 3960 imperii
3518 3862 3970 3937 devocionem

1135 4011 1259 4083 per
1302 3990 1725 4063 liberalitatis
1770 3989 2109 4064 desteram
2151 4011 2551 4064 evocamus.
2596 3987 2766 4062 Inde
2808 3998 2914 4062 est
2957 3988 3150 4084 quod
3186 4010 3312 4062 nos
3346 3987 3779 4062 attendentes
3822 3988 3974 4060 sin-

1135 4133 1361 4186 ceram
1403 4122 1472 4187 et
1513 4137 1758 4209 puram
1805 4113 2260 4189 devocionem
2308 4136 2520 4209 quam
2584 4111 3043 4209 Raymundus
3102 4112 3384 4185 illustris
3443 4131 3673 4185 comes
3712 4110 3975 4184 Tholo-

1133 4257 1347 4307 sanus
1354 4290 1375 4328 ,
1421 4234 1713 4309 dilectus
1757 4237 1984 4310 affinis
2021 4247 2091 4311 et
2126 4236 2349 4311 fidelis
2380 4244 2636 4329 noster,
2675 4258 2842 4332 erga
2876 4237 3365 4309 excellenciam
3396 4245 3699 4308 nostram
3729 4233 3968 4322 habet,

1129 4380 1398 4432 necnon
1448 4369 1641 4453 grata
1689 4360 1857 4433 satis
1907 4370 1979 4434 et
2024 4371 2304 4458 accepta
2336 4360 2629 4435 servicia
2669 4381 2807 4456 que
2850 4361 3051 4434 nobis
3088 4368 3159 4434 et
3189 4360 3480 4455 imperio
3514 4358 3763 4432 devote
3803 4380 3975 4452 pre-

1122 4483 1294 4556 stitit
1324 4482 1658 4555 hactenus
1695 4497 1765 4555 et
1797 4493 2102 4579 prestare
2133 4484 2383 4579 poterit
2422 4484 2496 4555 in
2522 4491 2725 4557 antea
2757 4483 3082 4578 gratiora,
3107 4483 3199 4559 de
3237 4482 3707 4557 munificentie
3735 4490 3973 4554 nostre

1119 4608 1340 4705 gratia
1379 4631 1522 4705 qua
1564 4608 2024 4682 benemeritos
2069 4607 2313 4683 fideles
2366 4617 2639 4682 nostros
2685 4608 2987 4704 benigne
3040 4631 3315 4707 semper
3367 4620 3438 4685 et
3497 4608 3967 4684 favorabiliter
