4500 5956
865 589 1062 652 lsmcr.
1096 588 1191 666 9.]
1763 589 2155 653 HISTORIA
2202 592 2785 657 DIPLOMA'I'ICA.
3560 600 3682 662 813

844 724 1194 816 dicende,
1238 734 1316 797 ut
1357 735 1425 799 et
1460 725 1698 800 audita
1734 748 1875 800 non
1909 728 2190 802 credere
2224 751 2307 804 ac
2338 729 2544 805 fldem
2582 754 2987 827 cogeremur
3034 754 3075 806 a
3123 733 3401 807 creditis
3447 756 3677 809 remo-

846 845 1055 921 veret
1098 848 1236 922 Sed
1263 850 1322 921 si
1354 850 1589 922 verius
1610 850 1982 945 loquimur,
2014 853 2157 944 Jam
2190 875 2318 948 pro
2358 856 2598 947 majori
2625 866 2816 951 parte
2853 857 2981 928 ista
3013 878 3148 928 non
3184 857 3555 950 credimus,
3589 857 3678 931 de

846 973 1116 1067 quibus
1167 973 1495 1068 opinione
1547 983 1857 1048 cessante
1905 985 2159 1049 certam
2215 978 2573 1051 scientiam
2615 979 3030 1052 obtinemus.
3086 979 3399 1052 Ceterum
3455 1002 3547 1053 ex
3593 1003 3677 1054 eo

846 1096 988 1168 sibi
1024 1106 1142 1168 tua
1174 1097 1504 1170 serenitas
1534 1097 1805 1169 titulum
1844 1097 2071 1171 laudis
2103 1100 2398 1194 acquirit
2422 1101 2637 1194 quod,
2674 1101 2849 1173 sicut
2881 1101 3155 1190 asseris,
3189 1102 3677 1175 mentientibus

844 1230 940 1291 ut
969 1221 1344 1315 quicquam
1377 1231 1612 1294 contra
1649 1231 1717 1294 te
1764 1222 1834 1292 in
1869 1223 2313 1297 renovatione
2354 1224 2694 1296 societatis
2731 1224 3139 1297 Lombardie
3173 1223 3278 1320 (4)
3316 1224 3386 1294 in
3429 1227 3674 1298 Tuscia

838 1345 974 1417 vel
1023 1344 1292 1418 Verone
1327 1344 1534 1416 fuerit
1560 1366 1683 1440 per
1719 1345 2092 1418 Ecclesiam
2128 1355 2603 1441 procuratum,
2638 1345 2921 1419 credere
2958 1345 3377 1441 dedigneris.
3410 1348 3582 1419 Nam
3615 1348 3674 1418 si

816 1467 1226 1541 -Iombardi
1253 1469 1369 1541 vel
1410 1469 1527 1541 alii
1567 1477 1682 1541 tue
1716 1476 1906 1542 metu
1942 1469 2245 1566 potentie
2283 1470 2416 1542 sibi
2466 1491 2510 1541 a
2551 1471 2800 1542 futuris
2849 1470 3130 1543 student
3178 1470 3455 1542 casibus
3503 1491 3676 1564 pre-

830 1614 1109 1666 cavere
1165 1601 1234 1666 et
1278 1594 1483 1684 juxta
1541 1593 1950 1688 sapientiam
2008 1594 2218 1686 hujus
2270 1592 2516 1665 mundi
2571 1592 2835 1687 aliquid
2883 1593 2974 1666 de
3013 1593 3320 1666 Ecclesia
3369 1615 3495 1689 pro
3548 1616 3675 1667 sua

812 1725 1053 1809 parte
1094 1715 1584 1808 disseminant,
1631 1737 1758 1812 per
1794 1715 1987 1811 quod
2022 1717 2152 1789 sibi
2201 1717 2505 1791 favorem
2540 1717 2898 1811 acquirere
2933 1717 3338 1806 moliantur;
3376 1717 3434 1789 si
3465 1717 3674 1789 Vero·

804 1839 1187 1913 mensibus
1237 1840 1330 1913 ad
1385 1841 1646 1913 bonum
1698 1840 1891 1936 pacis
1940 1860 2064 1935 per
2118 1840 2548 1913 venerabiles
2604 1840 2845 1912 fratres
2897 1848 3165 1912 nostros
3218 1840 3560 1933 Reginum
3612 1850 3680 1913 et

792 1960 1301 2037 ‘Irevisanum
1337 1963 1698 2059 episcopos
1732 1963 2134 2036 auctoritate
2165 1972 2393 2036 nostra
2429 1963 2776 2054 reductis,
2816 1972 2885 2036 et
2918 1963 3132 2035 nobili
3170 1963 3324 2036 viro
3373 1964 3680 2037 Johaune

788 2083 1316 2161 Fortibrachio
1383 2086 1562 2159 sicut
1631 2086 2092 2161 mandaveras
2157 2088 2464 2183 ipsorum
2528 2087 2832 2182 regimen
2899 2087 3204 2183 recipere
3271 2097 3670 2179 recusante,

794 2212 1159 2285 :mobilem
1203 2209 1432 2283 virum
1490 2211 1806 2285 comitem
1857 2213 2247 2307 Raynerum
2294 2210 2384 2284 de
2429 2212 2701 2284 Marzan
2737 2211 2841 2306 (2)
2877 2209 3152 2284 fidelem
3187 2220 3533 2303 nostrum,
3583 2209 3674 2282 ad

770 2334 1254 2407 nuntiorum
1316 2334 1681 2429 utriusque
1740 2333 1953 2429 partis
2020 2333 2413 2406 instantiam
2436 2387 2458 2425 ,
2523 2333 2828 2428 injuncto
2878 2334 2942 2407 ei
2993 2332 3183 2428 quod
3251 2336 3366 2406 via
3418 2355 3674 2430 proce-

762 2456 1022 2532 dens
1069 2458 1262 2550 regia
1304 2456 1407 2555 (a)
1444 2479 1881 2553 nequaquam
1918 2455 2013 2530 ad
2042 2456 2390 2531 sinistram
2431 2456 2544 2529 vel
2589 2456 2908 2532 dextram
2963 2456 3369 2547 declinaret,
3429 2456 3498 2527 in
3541 2477 3667 2551 po-

750 2586 1158 2655 testatem
1203 2580 1541 2653 duximus
1584 2578 2096 2676 providendum
2121 2634 2143 2672 ,
2195 2602 2333 2653 non
2391 2588 2496 2653 est
2549 2577 2742 2672 quod
2787 2576 2990 2651 nobis
3039 2579 3267 2653 valeat
3311 2579 3662 2674 imputari.

736 2699 1334 2781 Verumtamen
1381 2706 1718 2779 sustinere
1752 2728 1891 2779 non
1938 2727 2308 2802 possumus
2351 2706 2524 2801 quin
2566 2713 2803 2778 contra
2851 2725 2970 2778 eos
3020 2704 3142 2799 qui
3194 2704 3670 2778 excommuni-

730 2831 1192 2904 cationum
1252 2830 1642 2920 sententii5‚
1687 2830 2100 2922 juramentis
2152 2837 2222 2901 et
2264 2829 2464 2925 penis
2518 2829 2937 2924 interpositis
2987 2826 3383 2926 vilipensis,
3443 2835 3670 2923 potes-

722 2957 1050 3029 tatem
1085 2954 1208 3048 qui
1240 2975 1415 3051 pure
1456 2974 1533 3028 se
1564 2953 1810 3027 habuit
1843 2962 1913 3028 et
1945 2953 2035 3027 de
2079 2953 2467 3028 sinceritate
2504 2950 2664 3028 fidei
2702 2953 2793 3027 ab
2827 2959 3117 3049 utraque
3162 2959 3356 3049 parte
3388 2951 3669 3048 publice

730 3076 1395 3167 commendatur,
1444 3097 1724 3173 capere,
1763 3088 1831 3150 et
1883 3098 2124 3172 pacem
2180 3098 2320 3149 non
2376 3086 2539 3149 sunt
2589 3077 2788 3150 veriti
2843 3076 3141 3167 violare,
3182 3077 3363 3149 sicut
3405 3078 3670 3171 justitia

730 3202 1118 3296 exegit,
1174 3201 1661 3296 procedamus.
1705 3199 2020 3272 Ceterum
2072 3199 2133 3272 si
2181 3200 2553 3273 mentiatur
2594 3200 2921 3296 iniquitas
2964 3198 3156 3295 quod
3191 3200 3263 3271 in
3303 3200 3673 3274 ultramon-

734 3324 1022 3398 tanis
1071 3331 1141 3397 et
1188 3323 1383 3397 Italie
1428 3324 1741 3419 partibus
1796 3322 2098 3396 Ecclesie
2156 3322 2465 3395 studium
2531 3331 2687 3396 tuos
2747 3331 3066 3419 procuret
3122 3321 3459 3419 impedire
3506 3346 3668 3419 pro·

742 3466 1117 3539 cessus,
1159 3447 1537 3544 imperialis
1589 3447 1899 3520 utilitatis
1937 3468 2050 3519 res
2084 3447 2352 3544 expetit
2395 3456 2473 3519 ut
2504 3469 2663 3519 cum
2700 3468 2912 3544 opera
2952 3447 3368 3520 contrarium
3411 3457 3668 3544 protes·

730 3579 1105 3665 lentur,
1153 3594 1274 3645 ora
1325 3571 1804 3646 mentientium
1853 3571 2212 3656 obstruaS,
2269 3580 2337 3644 et
2392 3569 2708 3645 auditum
2757 3592 2997 3643 eornm
3046 3570 3168 3665 qui
3222 3570 3662 3643 schismatum

747 3695 1101 3769 zizania
1146 3695 1488 3768 seminant
1534 3702 1612 3766 ut
1667 3694 1925 3767 exinde
1973 3694 2353 3788 iniquitatis
2401 3696 2592 3766 lucra
2632 3693 3061 3787 conquirant,
3109 3692 3666 3765 oblocutionibus

760 3815 1231 3892 interdicas.
1280 3816 1395 3890 Ad
1430 3817 1562 3891 hec
1601 3818 1768 3913 quia
1809 3817 2305 3914 multiplicatus
2357 3817 2427 3888 in
2472 3838 2674 3888 aures
2718 3814 3109 3910 Apostolice
3152 3814 3352 3887 Sedis
3409 3815 3666 3885 clamor

780 3938 927 4016 de
956 3963 1177 4036 regno
1204 3941 1516 4038 predicto
1551 3942 1843 4017 veniens
1878 3951 1946 4014 et
1979 3962 2204 4037 usque
2242 3940 2313 4012 in
2349 3939 2598 4030 celum,
2634 3940 2811 4010 sicut
2844 3938 3217 4030 credimus,
3245 3939 3391 4030 jam
3427 3959 3664 4010 ascen-

915 4116 1007 4198 (a)
1048 4118 1149 4181 Sic
1170 4122 1235 4181 in
1261 4119 1519 4182 duobus.
1548 4120 1958 4183 verisimiliter
1981 4135 2088 4197 per
2113 4118 2482 4179 occltantiam
2509 4132 2616 4194 pro
2640 4120 2817 4176 recta.

916 4409 989 4482 (4)
1023 4409 1162 4467 Vide
1189 4424 1355 4483 supra
1379 4425 1437 4483 p.
1453 4410 1581 4480 796,
1602 4408 1666 4482 §5
1689 4410 1714 4467 1
1741 4414 1797 4467 et
1817 4409 1885 4466 11.

916 4507 986 4579 (2)
1023 4506 1200 4577 Verci,
1221 4506 1367 4564 Stor.
1393 4505 1536 4580 deyli
1560 4506 1798 4578 Reatini,
1819 4512 1862 4563 t.
1893 4507 1962 4576 11,
1987 4522 2046 4580 p.
2071 4508 2196 4576 400,
2220 4504 2365 4562 hunc
2382 4509 2538 4561 vocat
2553 4503 2829 4576 Raynerus
2851 4498 3194 4574 Bulyarellus
3213 4498 3276 4556 de
3297 4501 3540 4557 Perusia.
3564 4500 3668 4568 Qui

843 4608 1038 4674 autem,
1071 4602 1197 4659 licet
1221 4611 1395 4661 rector
1423 4602 1698 4677 pacificus,
1729 4602 1872 4660 haud
1897 4603 2067 4660 multo
2093 4606 2218 4675 post
2241 4599 2313 4659 ab
2335 4600 2550 4659 Ecelino
2567 4598 2825 4673 expulsus
2851 4603 2951 4656 est.
2971 4596 3051 4655 Ct’.
3072 4596 3267 4669 Vsum,
3294 4595 3516 4664 Ibidem,
3539 4601 3578 4652 t.
3601 4597 3670 4663 11,

846 4706 902 4762 p.
934 4701 1030 4755 409
1060 4705 1116 4756 et
1140 4714 1295 4772 seqq.
