4500 5956
981 562 1101 623 590
2016 556 2362 616 HENRlCI
2411 555 2748 618 serum
3432 556 3591 639 [Ama.
3628 557 3801 620 1232.

977 694 1421 792 sempiterna.
1462 692 1744 766 Noverit
1803 691 2014 785 igitur
2068 702 2205 765 tam
2252 713 2535 788 presens
2577 702 2730 765 etas
2762 712 2974 786 quam
3007 711 3410 765 successura
3445 693 3807 787 posteritas

977 818 1169 915 quod
1221 839 1347 891 nos
1393 815 1487 890 ad
1539 815 1982 889 imitationem
2029 815 2450 889 serenissimi
2504 814 2768 890 domini
2823 814 3259 909 imperatoris
3298 814 3514 910 patris
3539 817 3751 888 nostri
3778 869 3799 908 ,

976 942 1245 1018 dilectis
1281 940 1605 1015 fidelibus
1640 938 1890 1012 nostris
1923 938 2159 1012 abbati
2208 949 2280 1011 et
2332 938 2707 1011 conventui
2758 936 2851 1010 de
2902 936 3258 1011 Cruzelino
3297 938 3371 1009 in
3407 936 3806 1012 Constantia

974 1067 1097 1162 qui
1132 1072 1393 1161 partem
1430 1060 1770 1136 dederunt
1804 1061 2100 1155 pecunie
2129 1070 2208 1133 ιιι
2252 1083 2295 1134 a
2332 1060 2681 1154 Gniftingo
2715 1058 2805 1133 de
2842 1058 3158 1155 Raderay
3198 1059 3700 1134 redimerentur
3731 1062 3803 1132 in

973 1199 1272 1262 nostram
1301 1187 1530 1262 denuo
1545 1194 1973 1282 potestatem,
2004 1182 2146 1257 fide
2170 1183 2333 1256 data
2359 1183 2803 1280 promisimus
2821 1192 2900 1256 ut
2929 1206 3311 1279 numquam
3328 1184 3513 1258 bona
3529 1206 3796 1275 eorum,

973 1312 1295 1384 videlicet
1326 1312 1524 1383 villas
1555 1308 1807 1381 Hirslat
1828 1316 1898 1380 et
1931 1307 2384 1401 Horgnnzelle
2413 1316 2483 1380 et
2511 1306 2648 1380 alia
2682 1306 2868 1380 bona
2891 1305 3200 1400 pmdicte
3234 1307 3524 1381 ecclesie
3543 1307 3618 1380 in
3650 1308 3804 1404 ipso

976 1433 1275 1507 confinio
1309 1434 1690 1521 attinentia,
1734 1429 2080 1526 possimus
2125 1429 2237 1502 vel
2277 1428 2658 1502 debeamus
2693 1428 2894 1502 titulo
2939 1430 3413 1521 vendicionis,
3468 1429 3804 1504 infeuda-

975 1558 1226 1647 cionis‚
1284 1554 1734 1651 obligacionis
1763 1575 1886 1625 seu
1914 1552 2307 1625 collacionis
2353 1553 2445 1625 ab
2478 1554 2630 1649 ipso
2664 1553 2961 1627 claustro
2995 1553 3328 1647 alienare,
3368 1554 3483 1627 vel
3508 1553 3806 1645 alicujus

973 1681 1232 1776 ingenii
1263 1679 1586 1775 scrupulo
1622 1676 1875 1751 dictam
1902 1675 2337 1751 advocatiam
2361 1677 2629 1772 absque
2651 1698 2993 1750 consensu
3017 1678 3289 1751 abbatis
3319 1686 3390 1750 et
3423 1687 3805 1750 conventus

975 1826 1019 1878 a
1053 1812 1289 1877 nostro
1317 1802 1625 1875 dominio
1659 1801 1772 1874 vel
1809 1801 2180 1873 demannio
2210 1811 2669 1896 sequestrare.
2705 1801 3120 1875 Mandamus
3165 1802 3379 1896 igitur
3411 1812 3477 1874 et
3515 1801 3648 1874 sub
3691 1803 3799 1872 in-

976 1927 1467 2001 terminacione
1503 1925 1721 2021 gratie
1755 1937 1986 1997 nostre
2026 1925 2336 1998 districte
2369 1925 2828 2021 precipimus,
2889 1935 2968 1997 ut
2998 1926 3233 1997 nullus
3280 1925 3371 1997 sit
3398 1926 3521 2019 qui
3562 1935 3800 1999 contra

978 2048 1365 2146 predictum
1398 2050 1817 2145 promissum
1858 2057 2168 2120 nostrum
2197 2050 2440 2123 venire
2472 2048 2728 2123 audeat
2754 2070 2879 2123 seu
2912 2047 3088 2121 illud
3117 2071 3241 2145 per
3274 2048 3560 2143 aliquod
3591 2048 3803 2143 inge-

976 2172 1170 2244 nium
1205 2172 1566 2245 suffocare.
1599 2171 1934 2244 Volumus
1969 2171 2175 2245 etiam
2209 2180 2314 2264 ut,
2356 2172 2415 2243 si
2452 2172 2680 2245 forsan
2712 2172 3126 2246 inmemores
3156 2172 3318 2246 date
3361 2171 3527 2247 fidei
3567 2184 3799 2247 contra

975 2297 1389 2393 promissum
1427 2304 1737 2368 nostrum
1766 2295 2131 2369 veniemus
2161 2296 2398 2391 aliquo
2422 2295 2921 2392 persuadente,
2979 2296 3113 2370 hoc
3146 2296 3339 2392 quod
3375 2297 3465 2371 de
3494 2297 3803 2392 predicta

972 2419 1337 2494 advocatia
1372 2419 1732 2493 fecerimus
1768 2419 2032 2491 nullum
2056 2421 2270 2492 robur
2299 2419 2608 2493 obtineat
2635 2418 2999 2494 firmitatis.
3039 2419 3150 2494 Ad
3183 2423 3378 2514 cujus
3398 2420 3605 2494 etiam
3632 2443 3801 2517 pro-

974 2543 1167 2615 missi
1204 2543 1412 2616 nostri
1445 2552 1698 2615 certam
1721 2541 2142 2616 evidentiam
2165 2597 2186 2636 ,
2241 2565 2530 2638 presens
2575 2543 3021 2640 privilegium
3072 2545 3412 2619 conscribi
3454 2553 3524 2618 et
3574 2545 3801 2639 sigillo

972 2679 1204 2742 nostro
1233 2667 1568 2760 jussimus
1604 2666 1939 2761 insigniri.

1065 2794 1300 2866 Testes
1354 2792 1456 2864 hii
1486 2864 1489 2865 f
1515 2799 1678 2863 sunt
1710 2817 1729 2862 ε
1767 2790 1841 2863 C.
1907 2789 2136 2862 Sancti
2189 2788 2362 2869 Galli
2409 2790 2823 2864 venerabilis
2879 2790 3094 2866 abbas
3114 2844 3136 2884 ,
3187 2792 3272 2863 H.
3344 2791 3650 2865 marchio
3711 2791 3801 2866 de

973 2916 1243 3010 Baden,
1295 2918 1382 2988 H.
1420 2913 1724 2989 marchio
1764 2914 1857 2988 de
1899 2915 2280 3009 Burgovve,
2339 2913 2411 2988 C.
2468 2915 2888 3010 burgravius
2939 2915 3030 2991 de
3079 2916 3516 3011 Nurenberc,
3571 2938 3801 2992 comes

972 3042 1056 3113 E.
1118 3040 1208 3113 de
1266 3039 1697 3131 Aichilberc,
1751 3038 2072 3111 Albertus
2138 3039 2229 3112 de
2296 3041 2666 3115 Rossewac
2688 3094 2710 3134 ,
2767 3041 3130 3114 Heinricus
3184 3041 3652 3115 marschalcus
3711 3043 3801 3117 de

969 3162 1476 3259 Bappenheim,
1532 3163 1615 3233 E.
1662 3161 1929 3257 dapifer
1977 3162 2067 3234 de
2109 3162 2472 3259 Walpurc,
2531 3163 2608 3235 C.
2658 3163 2990 3260 pincerna
3023 3162 3114 3236 de
3141 3163 3647 3258 Winterstetin,
3707 3166 3794 3237 H.

973 3298 1042 3360 et
1067 3287 1143 3357 F.
1189 3285 1540 3357 camerarii
1570 3283 1660 3357 de
1685 3286 2157 3381 Ravenspurc,
2189 3286 2559 3359 Dietherus
2587 3287 2679 3361 de
2707 3288 2916 3382 Egra,
2960 3288 3106 3361 Ulr.
3140 3287 3228 3362 de
3263 3289 3431 3362 Lere
3460 3288 3792 3383 hostiarii,

973 3421 1042 3483 et
1070 3410 1189 3484 alii
1224 3410 1693 3504 quamplures.

1066 3533 1316 3606 Actum
1350 3529 1543 3628 apud
1587 3531 2028 3626 Ezzelingen,
2088 3552 2273 3612 anno
2329 3532 2675 3607 dominice
2724 3534 3214 3609 incarnationis
3262 3532 3745 3609 Mccxxxll⁴⁰
3768 3589 3789 3626 ,

970 3657 1259 3753 septimo
1291 3655 1622 3730 kalendas
1654 3657 2077 3752 novembriS,
2120 3657 2496 3731 indictione
2528 3659 2668 3731 V1·.

1397 3963 2348 3974 mm—--——-—a—-—---00-—

662 4261 788 4357 *lud
1071 4213 1439 4296 Henricus
1458 4277 1481 4324 ,
1523 4216 2043 4302 Romanorum
2087 4245 2221 4302 rex
2238 4279 2262 4326 ,
2306 4220 2404 4301 ad
2459 4220 3088 4331 supplicationem
3145 4219 3443 4306 abbatis
3478 4219 3575 4302 de
3626 4219 3788 4303 Be·-

582 4311 868 4415 23223512-
962 4344 1445 4447 benhausen,
1485 4346 1690 4430 bona
1733 4376 1929 4458 quae
1973 4352 2177 4432 idem
2214 4352 2764 4435 monasterium
2792 4353 2869 4434 in
2910 4352 3309 4464 Esslingen
3341 4352 3546 4461 juste
3589 4378 3787 4460 pos-

962 4476 1211 4585 sidet,
1279 4477 1376 4559 ab
1411 4479 1617 4561 omni
1659 4480 1839 4563 data
1874 4490 1948 4563 et
1983 4482 2369 4565 exactione
2409 4484 2697 4566 eximit.

1026 4631 1029 4634 Ι
1118 4664 1309 4744 (Edit.
1345 4683 1443 4744 ap.
1474 4667 1756 4744 Bssotn„
1786 4669 2022 4732 Docum.
2060 4669 2291 4732 νιᾶἑυίυ.
2323 4677 2567 4737 munst.
2613 4671 2937 4751 wirunt„
2967 4680 3014 4735 t.
3049 4677 3099 4750 1,
3129 4691 3191 4753 p.
3230 4671 3403 4753 881.)
