4500 5956
616 601 894 661 Inmer-
926 595 1015 680 9.]
1613 595 2007 659 HISTORIA
2056 593 2642 660 nlrLOMATch.
3413 593 3552 659 805.

628 740 957 806 sumat.
1000 727 1206 815 Quod
1238 728 1360 824 qui
1407 733 1899 825 presumpserit
1926 733 2472 829 indignationem
2515 737 2815 803 nostram
2861 749 2938 802 se
2984 726 3252 801 noverit
3295 726 3532 800 incur-

634 876 972 929 surum.
1013 852 1127 927 Ad
1177 852 1389 945 hujus
1432 851 1670 947 itaque
1712 856 2155 950 protectionis
2204 856 2545 929 cautelam
2593 862 2665 927 et
2710 853 2809 926 rei
2858 861 3050 948 geste
3088 852 3522 938 memoriam,

638 1000 990 1078 presens
1017 977 1351 1072 scriptum
1392 975 1541 1052 fieri
1564 978 1903 1072 jussimus
1930 981 2305 1075 majestatis
2341 987 2573 1052 nostre
2600 977 2826 1073 sigillo
2858 976 3229 1049 munitum.

798 1104 1054 1174 Datum
1088 1102 1523 1196 Hagenowe,
1564 1122 1748 1175 anno
1778 1102 2125 1177 dominice
2153 1102 2642 1178 incarnationis
2668 1099 3030 1173 millesimo
3057 1096 3529 1173 ducentesimo

644 1224 1047 1297 tricesimo
1083 1224 1354 1319 quinte,
1390 1245 1627 1298 mense
1661 1223 2082 1320 decembris,
2119 1248 2304 1301 none
2335 1225 2755 1300 indictionis,

1514 1690 1741 1753 ΑΝΝΟ
1795 1690 1993 1754 1236.
2041 1726 2120 1741 —
2159 1691 2644 1755 INDICTIONE
2683 1690 2742 1754 9.

808 2084 1231 2171 Fridericus
1256 2149 1280 2191 ,
1336 2088 1860 2171 Romanorum
1917 2089 2330 2198 imperator
2344 2148 2369 2194 ,
2425 2086 2517 2170 B.
2576 2085 2930 2196 episcopo
2985 2085 3402 2170 Vivariensi
3455 2095 3531 2170 et

683 2219 1265 2306 successoribus
1318 2218 1486 2329 ejus
1534 2219 1942 2303 confirmat
1991 2221 2253 2304 omnia
2297 2218 2691 2329 privilegia
2736 2245 2784 2302 a
2825 2219 3530 2328 praedecessoribus

697 2354 867 2436 suis
900 2365 977 2436 et
1012 2379 1060 2436 a
1095 2353 1344 2461 seipso
1378 2350 1738 2435 ecclesiae
1772 2351 2187 2436 Vivariensi
2228 2350 2554 2434 indulta.

860 2553 1056 2629 (Edit.
1086 2569 1184 2630 ap.
1214 2552 1307 2615 Dr
1333 2554 1449 2616 Vre
1490 2558 1552 2613 et
1574 2552 1905 2628 Vnssnrn,
1938 2552 2092 2613 Hist.
2122 2553 2257 2633 qen.
2290 2550 2360 2612 de
2383 2548 2746 2633 Lanquedoc,
2776 2556 2825 2612 t.
2860 2552 2964 2624 VI,
2994 2568 3244 2630 preuves
3274 2569 3338 2631 p.
3371 2562 3523 2628 406,

935 2657 1073 2721 edit.
1096 2658 1192 2721 Du
1214 2659 1408 2737 Mega,
1439 2675 1516 2720 ex
1540 2659 1697 2720 Bibl.
1722 2674 1849 2738 reg.
1881 2658 2095 2734 Par-ts„
2125 2658 2302 2720 fonds
2325 2659 2561 2734 Baluze,
2591 2657 2956 2735 portefeuille
2983 2658 3058 2719 de
3080 2657 3363 2733 viviers.)

793 2833 872 2904 In
905 2831 1192 2906 nomine
1226 2838 1459 2905 sancte
1490 2840 1558 2904 et
1603 2829 1977 2906 individue
2012 2831 2381 2904 Trinitatis.
2427 2829 2818 2905 Fridericus
2848 2829 2936 2926 II,
2975 2830 3214 2905 divina
3248 2832 3525 2907 favente

685 2955 1060 3030 clementia
1101 2957 1565 3031 Romanorum
1622 2953 1996 3052 imperator
2043 2976 2315 3053 semper
2348 2964 2717 3052 augustus,
2758 2956 3133 3030 Jerusalem
3180 2965 3250 3030 et
3294 2955 3526 3031 Sicilie

679 3098 844 3184 rex.
899 3081 1112 3155 Decet
1165 3079 1539 3175 imperialis
1584 3080 1992 3154 excellentie
2043 3078 2447 3174 dignitatem
2492 3080 2697 3174 justis
2744 3079 3182 3153 subditorum
3236 3080 3524 3176 petitio-

682 3204 903 3277 nibus
934 3204 1278 3297 inclinari,
1301 3215 1371 3277 et
1405 3223 1644 3276 eorum
1674 3204 1983 3277 maxime
2025 3225 2202 3298 quos
2236 3203 2668 3301 experientia
2700 3202 2890 3298 fidei,
2916 3204 3305 3279 devotionis
3337 3205 3522 3279 inte·

680 3328 907 3422 gritas
941 3335 1013 3401 et
1046 3327 1387 3422 obsequia
1418 3326 1670 3423 dignos
1708 3327 1970 3400 faciunt
2004 3335 2074 3400 et
2115 3326 2698 3401 commendabiles
2736 3337 3208 3425 representant
3238 3355 3257 3400 ε
3292 3330 3524 3425 utqui

680 3451 1037 3546 augustali
1069 3451 1243 3524 solio
1281 3450 1526 3525 divino
1561 3472 1849 3525 munere
1874 3449 2344 3546 presidemus,
2384 3461 2456 3525 et
2483 3452 2762 3526 obtenta
2789 3451 3128 3526 beneficia
3162 3475 3522 3528 servemus

682 3572 765 3645 in
800 3574 1093 3672 posteris
1132 3583 1204 3648 et
1242 3595 1326 3649 ea
1371 3574 1741 3648 liberaliter
1794 3573 2329 3647 confirmationis
2377 3584 2605 3650 nostre
2654 3576 3036 3649 munimine
3089 3577 3512 3651 roboremus,

680 3695 1070 3795 Eapropter
1108 3699 1451 3772 universis
1501 3696 1829 3772 fidelibus
1873 3698 2120 3771 nostris
2164 3707 2302 3771 tam
2358 3697 2797 3794 presentibus
2846 3721 3058 3795 quam
3101 3700 3349 3771 futuris
3392 3719 3520 3773 vo-

685 3821 925 3895 lumus
966 3823 1113 3895 fore
1162 3831 1402 3896 notum
1452 3822 1648 3918 quod
1688 3844 1848 3895 cum
1900 3822 2193 3896 dilectus
2240 3830 2472 3893 noster
2512 3822 2589 3893 B.
2649 3822 3064 3894 venerabilis
3097 3820 3521 3896 vivariensis

686 3945 1060 4042 episcopus
1104 3955 1334 4021 nostro
1378 3947 1669 4020 culmini
1711 3946 2165 4042 supplicasset
2207 3953 2463 4017 attente
2498 3953 2576 4015 ut
2614 3943 2781 4037 quia
2821 3943 3109 4018 ecclesia
3143 3965 3274 4016 sua
3310 3943 3522 4016 habet

690 4066 965 4142 indulta
999 4067 1133 4141 sibi
1180 4067 1450 4142 dudum
1494 4090 1537 4141 a
1575 4068 1760 4141 dlvis
1807 4067 2125 4161 augustis
2175 4064 2773 4163 predecessoribus
2817 4064 3065 4137 nostris
3112 4065 3346 4138 inclite
3399 4087 3522 4138 re·-

690 4191 1109 4266 cordationis
1139 4200 1211 4265 et
1241 4191 1475 4281 nobis,
1518 4213 1814 4289 quorum
1858 4201 2129 4264 tenores
2160 4210 2299 4261 non
2332 4196 2612 4286 possent
2650 4188 2724 4258 in
2759 4209 2901 4260 uno
2937 4187 3299 4285 privilegio
3331 4210 3519 4262 com-

695 4314 1063 4409 prehendi,
1098 4317 1410 4411 predicta
1459 4312 1827 4413 privilegia
1862 4338 2023 4389 cum
2055 4314 2166 4389 his
2195 4335 2336 4409 que
2379 4313 2813 4389 continentur
2851 4312 2925 4385 in
2962 4312 3073 4384 his
3116 4310 3523 4386 confirmare

696 4439 826 4512 sibi
863 4439 955 4514 de
992 4448 1225 4513 nostra
1261 4441 1478 4535 gratia
1516 4426 1991 4534 dignaremur.
2025 4441 2163 4513 Nos
2193 4440 2496 4536 pensatis
2526 4438 2790 4511 meritis
2821 4436 2985 4511 fidei
3030 4447 3100 4510 et
3135 4436 3521 4510 devotionis

696 4562 1004 4653 ejusdem
1041 4584 1249 4659 quem
1288 4563 1360 4634 in
1397 4564 1657 4636 honore
1685 4583 1767 4634 ac
1800 4563 2101 4635 servitiis
2134 4563 2388 4635 nostris
2423 4571 2492 4634 et
2541 4561 2814 4657 imperii
2859 4581 3129 4656 semper
3176 4560 3523 4632 efficacem

703 4682 1116 4780 invenimuS,
1159 4686 1782 4784 supplicationibus
1813 4687 1959 4758 suis
1998 4686 2461 4760 favorabiliter
2498 4684 2831 4775 inclinati,
2864 4684 3129 4784 prefata
3160 4681 3526 4779 privilegia
