4500 5956
648 613 848 675 lunxe-r.
877 611 968 694 6.]
1545 608 1944 673 HISTORIA
1996 610 2590 673 nlpnoua‘rtcs.
3359 610 3478 672 607

648 745 1139 844 cysterciensis
1172 742 1439 818 ordinis
1470 766 1513 818 a
1545 746 2097 840 progenitoribus
2133 745 2381 819 nostris
2415 744 2810 836 fundatam,
2852 743 3117 816 cunctis
3143 765 3477 840 superve-

648 870 1002 946 nientibus
1038 878 1178 943 tam
1198 868 1536 949 divitibus
1558 890 1769 963 quam
1790 871 2253 966 pauperibus,
2295 870 2585 943 infirmis
2616 877 2686 942 et
2717 870 3096 964 peregrinis
3125 867 3217 941 ad
3244 869 3478 942 omnia

648 998 949 1071 caritatis
999 1005 1072 1070 et
1114 994 1595 1090 hospitalitatis
1638 1015 1885 1091 opera,
1943 995 2105 1069 licet
2156 996 2247 1070 ad
2303 996 2439 1069 hoc
2486 995 2718 1067 minus
2775 993 3105 1086 sufficiat,
3163 1003 3475 1089 oportere

646 1143 919 1217 semper
953 1136 1106 1193 esse
1138 1128 1495 1215 paratam3
1545 1119 1726 1191 hanc
1761 1119 1980 1214 ipsius
2013 1119 2567 1192 insufficientiam
2603 1117 3072 1192 misericordia
3109 1117 3301 1191 ducti
3332 1119 3476 1191 ali-

646 1247 1059 1341 quantulum
1107 1242 1475 1316 sublevare
1523 1243 1924 1340 cupientes,
1992 1244 2468 1339 significamus
2531 1241 2965 1318 universitati
3010 1255 3238 1316 vestre
3284 1244 3475 1338 quod

651 1390 774 1442 nos
808 1368 901 1442 de
960 1368 1195 1440 innata
1236 1366 1439 1441 nobis
1482 1366 1677 1461 regia
1713 1368 2140 1461 benignitate
2184 1368 2542 1441 ecclesiam
2593 1376 2893 1440 nostram
2940 1365 3013 1437 in
3069 1364 3471 1442 Annewilre

652 1511 811 1562 cum
845 1490 1035 1563 omni
1053 1491 1213 1583 jure
1238 1510 1366 1563 suo
1388 1488 1590 1562 beate
1609 1490 1822 1564 Maris
1847 1488 2153 1584 Virginis
2185 1488 2496 1562 dominio
2521 1490 2595 1561 in
2619 1488 2862 1562 eodem
2887 1489 3038 1561 loco
3070 1489 3477 1564 liberalitate

651 1612 860 1706 regali
894 1633 1056 1684 cum
1093 1611 1370 1687 vacabit
1401 1611 1854 1704 contulimus,
1904 1610 1996 1684 ad
2044 1611 2392 1707 predictos
2426 1611 2699 1707 pietatis
2732 1632 2900 1683 usus
2934 1621 3268 1706 perpetuo
3298 1634 3473 1707 pos-

651 1733 1040 1808 sidendam.
1078 1733 1189 1808 Ad
1222 1734 1622 1827 hujusmodi
1649 1734 1862 1828 igitur
1898 1735 2059 1808 facti
2095 1735 2312 1808 nostri
2347 1735 2749 1808 memoriam
2771 1734 3229 1808 roborandam
3247 1790 3268 1828 ,
3306 1757 3470 1832 pre·-

652 1868 912 1932 sentem
941 1859 1236 1931 litteram
1272 1858 1499 1952 sigillo
1546 1867 1777 1933 nostro
1809 1858 2304 1932 communitam
2339 1858 2661 1931 fratribus
2693 1857 2913 1952 ipsius
2935 1859 3225 1931 ecclesie
3261 1858 3470 1932 duxi·

653 2003 806 2054 mus
840 1972 1357 2074 assignandam.
1462 2026 1499 2033 --
1760 2050 1765 2055 .
2228 1968 2237 1971 ’

745 2106 980 2177 Testes
1016 2114 1181 2177 sunt
1213 2102 1315 2176 hii
1350 2130 1368 2176 ε
1409 2102 1775 2178 cunradus
1805 2104 2022 2178 abbas
2055 2104 2287 2177 Sancti
2323 2104 2529 2197 Galli,
2568 2106 2763 2178 Cuno
2800 2105 3019 2178 abbas
3063 2104 3155 2178 de
3189 2106 3463 2179 Wizen-

652 2228 844 2319 burc,
885 2228 1250 2300 Heinricus
1278 2248 1508 2301 comes
1538 2226 1628 2300 de
1641 2224 1928 2317 werde,
1959 2226 2375 2301 Anshelmus
2409 2227 2500 2301 de
2528 2227 2997 2323 Rapoldstein,
3035 2229 3472 2304 Eberhardus

655 2351 917 2448 dapifer
951 2351 1044 2425 de
1085 2353 1496 2449 Walppurc,
1548 2355 1635 2426 H.
1672 2354 2091 2427 camerarius
2133 2352 2226 2427 de
2254 2352 2746 2447 Ravensburg‚
2797 2354 2875 2425 F.
2920 2353 3125 2426 frater
3156 2376 3361 2446 suus,
3401 2364 3472 2428 et

653 2476 765 2549 alii
798 2477 1272 2572 quamplures.

746 2597 997 2673 Actum
1010 2599 1201 2694 apud
1217 2599 1658 2673 Sunnisheim
1676 2598 1738 2694 (⁴
1754 2599 1810 2697 ),
1840 2620 2026 2673 anno
2052 2599 2400 2674 dominice
2413 2599 2902 2674 incarnationis
2915 2600 3464 2694 M.CC.XXX111,

655 2721 717 2794 X
750 2722 1086 2799 kalendas
1122 2724 1394 2820 aprilis,
1432 2722 1812 2797 indictione
1848 2733 2071 2796 sexta.

751 3299 1125 3383 Henricus
1147 3360 1172 3407 ,
1230 3299 1753 3384 Romanorum
1805 3327 1939 3385 rex
1960 3364 1983 3410 ‚
2038 3311 2287 3385 ratam
2327 3301 2572 3387 habet
2631 3316 2707 3387 et
2759 3306 3161 3391 confirmat
3221 3312 3475 3394 dona-

643 3432 930 3516 tionem
1002 3458 1239 3543 quam
1319 3433 1746 3518 Friderious
1816 3435 2333 3519 ministerialis
2406 3438 2503 3520 de
2578 3437 3046 3550 Nordlingen
3116 3442 3472 3552 hospitali

648 3564 905 3651 Sancti
944 3566 1271 3676 Spiritus
1306 3568 1403 3649 de
1435 3566 1904 3678 Nordlingen
1941 3571 2039 3653 de
2079 3571 2414 3680 praediis
2460 3571 2622 3654 suis
2654 3572 2856 3657 fecit.
2975 3669 2982 3674 ,

806 3778 1014 3857 (Edld.
1043 3777 1204 3839 Dm.
1233 3779 1419 3841 Eum
1448 3778 1641 3860 Dom,
1686 3778 2069 3843 Griindliclter
2102 3782 2335 3846 Baricha
2359 3802 2470 3845 von
2492 3782 2856 3866 Nordlinqen
2897 3784 3121 3864 (1738)
3139 3830 3158 3864 ,
3187 3786 3463 3867 Anhang,

881 3895 951 3945 n⁰
977 3884 1197 3963 LXII.)
1480 3920 1484 3924 <

746 4069 862 4158 Η.,
903 4069 1031 4141 Dei
1066 4069 1286 4163 gratia
1312 4051 1772 4148 Romanorum
1805 4093 1933 4144 rex
1973 4082 2051 4145 et·
2078 4095 2349 4170 semper
2386 4083 2764 4168 augustus,
2815 4074 3158 4148 universis
3192 4077 3467 4173 imperii

668 4185 975 4266 fidelibus
1008 4193 1192 4272 hanc
1232 4194 1556 4288 paginam
1604 4194 2016 4289 inspecturis
2064 4195 2135 4267 in
2191 4206 2625 4291 perpetuum.
2687 4196 2797 4270 Ad
2847 4199 3204 4292 regiminis
3253 4202 3467 4272 nostri

673 4310 937 4401 gloriam
982 4326 1053 4388 et
1098 4314 1193 4388 ad
1234 4316 1525 4389 salutem
1576 4318 1906 4391 convenit
1946 4320 2336 4392 animarum
2379 4329 2484 4411 ut,
2534 4322 2873 4415 pensitata
2926 4345 3316 4419 pauperum
3346 4325 3468 4397 Dei

675 4436 928 4512 miseria
949 4448 1019 4512 et
1040 4449 1372 4532 egestate,
1410 4441 1723 4536 petitioni
1753 4463 1987 4516 eorum
2025 4444 2260 4518 faciles
2285 4443 2744 4534 inveniamur,
2785 4454 3028 4540 utque
3057 4446 3269 4539 digne
3304 4468 3469 4541 pos-

684 4615 1703 4646 -υ-ι----.-.--ἦοο--φ.α-
1754 4617 1757 4624 '

1602 4639 1609 4646 .

744 4709 804 4783 (Ι)
835 4714 1043 4773 Scilicet
1060 4715 1365 4789 sinsheim,
1390 4717 1569 4775 media
1591 4718 1680 4777 via
1702 4717 2116 4792 Heidelbergam
2141 4719 2281 4778 inter
2307 4726 2364 4778 et
2382 4720 2693 4780 Heilbronn.

3578 3326 3788 3423 ..eis

3800 3411 3816 3432 0

3578 3436 3634 3479 80
3649 3435 3823 3481 mutii.
