4500 5956
1119 557 1247 621 798
2050 566 2053 571 ’
2124 555 2559 619 nmmum
2607 554 2957 619 suenum
3584 551 3745 631 [Arm.
3782 551 3959 615 1235.

1124 695 1386 767 Saccus
1418 687 1783 764 Mediolani
1822 697 2148 785 potestas,
2182 690 2508 764 dominus
2541 691 2837 765 Ubertus
2868 689 2960 763 de
2982 684 3330 762 Mandello
3363 693 3664 782 potestas
3692 683 3958 774 Laude,

1128 813 1452 889 dominus
1495 812 1760 886 Florius
1809 811 1901 887 de
1930 813 2286 887 Castelleto
2317 823 2616 909 potestas
2650 813 2983 905 Novarie‚
3033 811 3360 886 domiuus
3399 811 3784 882 Resonatus
3823 810 3964 882 Pu-

1131 938 1483 1012 teibonelli
1531 945 1832 1033 potestas
1879 935 2338 1031 Alexandria,
2394 937 2719 1013 dominus
2769 935 3127 1011 Conradus
3178 933 3271 1008 de
3314 933 3618 1007 Conceso
3663 942 3965 1029 potaetas

1130 1061 1353 1153 Cumi,
1390 1060 1710 1135 dominus
1741 1061 2099 1134 Rainerius
2135 1061 2302 1134 Zeni
2333 1071 2636 1158 potestas
2677 1061 2976 1153 Trivisii,
3010 1059 3337 1134 dominus
3389 1058 3601 1130 Octus
3642 1055 3734 1130 de
3771 1056 3967 1129 Man-

1131 1184 1315 1259 dello
1354 1193 1654 1280 potestas
1682 1184 1956 1277 Padue‚
2002 1184 2327 1259 dominus
2372 1185 2851 1259 Carnelvarius
2894 1183 2986 1258 de
3021 1183 3236 1257 Uzine
3282 1190 3582 1279 potestas
3625 1180 3963 1270 Bononie‚

1134 1307 1460 1382 dominus
1502 1308 1822 1401 Paganus
1869 1307 1960 1382 de
2005 1309 2073 1382 la
2111 1310 2328 1382 Turre
2367 1317 2670 1404 potestas
2701 1308 2940 1387 Brixie
2979 1316 3051 1379 et
3095 1305 3427 1379 dominus
3463 1301 3784 1376 Andreas
3837 1301 3965 1375 do-

1132 1432 1306 1516 mini
1342 1429 1843 1505 Aldevrandini
1880 1431 2161 1504 nomine
2195 1440 2266 1504 et
2309 1432 2468 1505 vice
2501 1431 2854 1528 potestatis
2887 1431 3251 1520 Faventie,
3284 1430 3695 1521 juraverunt
3740 1434 3813 1498 et
3854 1446 3966 1498 re-

1134 1556 1605 1628 formaverunt
1664 1553 2062 1626 societatem
2120 1552 2542 1649 predictam,
2599 1565 2668 1628 et
2728 1556 3032 1650 prefatus
3090 1551 3416 1626 dominus
3472 1549 3821 1623 lohannes
3873 1548 3968 1622 (16

1132 1679 1333 1750 Porta
1411 1675 1718 1750 Ferrarie
1786 1685 2087 1774 potestas
2173 1678 2455 1751 nomine
2511 1688 2585 1751 et
2635 1679 2792 1752 vice
2842 1677 3230 1751 communis
3296 1675 3600 1749 Ferrarie
3651 1674 3727 1745 in
3781 1673 3967 1748 dicta

1137 1800 1470 1875 concione
1517 1800 1780 1894 juravit
1840 1801 2098 1875 dictam
2154 1802 2556 1876 societatem
2619 1800 3033 1876 Lombardie
3057 1855 3077 1893 ,
3142 1797 3448 1875 Marchie
3517 1808 3588 1873 et
3631 1798 3969 1871 Romania

1136 1921 1527 2005 secundum
1563 1921 1848 1997 modum
1884 1933 1957 1996 et
2015 1926 2305 1998 formam
2348 1934 2419 1998 et
2459 1925 2930 1999 conditionem
2984 1945 3200 2020 quam
3249 1922 3527 1997 dixerat
3573 1931 3644 1996 61
3697 1944 3970 2018 propo-

1136 2056 1368 2121 suerat
1411 2045 1712 2119 dominis
1758 2047 2238 2122 Barffiolomeo
2291 2049 2571 2122 antiano
2624 2058 2696 2122 et
2744 2049 3063 2123 Ursulino
3110 2046 3337 2142 judici
3385 2046 3769 2119 rectoribus
3818 2048 3970 2119 Bo-

1137 2172 1345 2245 nonie
1380 2169 1534 2268 (sic)
1572 2180 1915 2244 eteorum
1949 2173 2179 2246 sociis,
2217 2173 2636 2246 protestatus
2672 2173 2804 2245 fuit
2829 2171 3025 2268 quod
3059 2172 3131 2243 iu
3159 2171 3352 2244 nullo
3387 2170 3527 2243 alio
3555 2171 3710 2243 vult
3751 2172 3967 2243 teneri

1136 2316 1266 2391 pro
1309 2295 1659 2368 communi
1694 2296 1999 2369 Ferrarie
2033 2317 2165 2370 nec
2194 2297 2423 2392 ipsum
2467 2319 2835 2370 commune
2872 2297 3044 2392 ipsis
3075 2294 3460 2368 rectoribus
3502 2295 3613 2366 vel
3661 2295 3971 2366 societati

1138 2417 1476 2515 predicte,
1519 2418 1655 2491 nisi
1700 2418 2089 2493 secundum
2123 2419 2318 2515 quod
2357 2420 2754 2516 predixerat
2786 2430 2858 2494 et
2904 2441 3068 2493 cum
3118 2417 3538 2515 supradictis
3581 2418 3859 2491 antiano
3900 2427 3973 2490 et

1139 2540 1523 2615 rectoribus
1574 2543 1802 2614 fuerat
1849 2551 1924 2616 et
1954 2549 2060 2616 est
2096 2542 2171 2614 in
2221 2542 2588 2617 concordia
2628 2553 2700 2617 et
2735 2544 3068 2639 scriptum
3101 2543 3441 2637 reperitur
3475 2563 3599 2639 per
3645 2562 3758 2615 me
3789 2540 3966 2613 Ari-

1137 2665 1409 2739 bertum
1446 2666 1814 2739 notarium.
1858 2666 1995 2752 Qui
2036 2675 2341 2740 rectores
2398 2667 2783 2741 secundum
2834 2666 3124 2741 modum
3168 2664 3643 2761 supradictum
3687 2686 3971 2761 recepe·

1140 2798 1302 2861 runt
1333 2811 1495 2863 eum
1526 2800 1594 2862 et
1621 2790 1855 2881 jurare
1884 2791 2197 2864 fecerunt
2229 2791 2301 2864 iu
2337 2790 2525 2866 dicta
2562 2793 2913 2866 concione.
2933 2793 3018 2865 Et
3055 2811 3187 2885 ego
3221 2788 3608 2882 AribertuS,
3631 2800 3965 2884 utsupra.

765 3401 1046 3506 {3323
1244 3377 1429 3460 Inde
1474 3377 1885 3486 imperator
1942 3402 2022 3459 se
2066 3376 2386 3459 contulit
2421 3377 2521 3458 ad
2573 3378 2942 3486 oppidum
2980 3377 3448 3486 Haginhowe
3490 3376 3569 3458 in
3607 3401 3765 3486 quo
3800 3375 3981 3458 hie-

768 3508 1029 3560 ”⁰'⁶¹¹¹*’“·³
1137 3511 1402 3593 mavit.
1472 3510 1586 3593 Ibi
1651 3508 2032 3591 affuerunt
2089 3534 2347 3591 comes
2400 3509 2826 3593 Tolosanus
2868 3521 2945 3594 et
2989 3534 3243 3595 comes
3294 3510 3758 3596 Provinciae.
3821 3511 3982 3593 Re-

1133 3643 1332 3754 cepit
1368 3654 1624 3727 autem
1661 3669 1917 3726 comes
1952 3643 2380 3726 Tolosanus
2417 3643 2838 3725 marchiam
2876 3645 3315 3729 Provinciae
3350 3644 3450 3728 ab
3484 3645 3974 3753 imperatore,

1133 3776 1582 3887 homagium
1641 3775 1786 3859 sibi
1852 3787 2277 3885 praestans,
2341 3776 2613 3859 Comes
2668 3786 2922 3858 autem
2977 3778 3412 3861 Provinciae
3483 3778 3981 3888 quinquage-

1134 3909 1400 3990 narius
1446 3909 1618 3992 ideo
1664 3920 1849 3990 tunc
1903 3909 2241 4018 primum
2294 3907 2394 3991 ab
2444 3908 2899 4017 imperatore
2955 3909 3054 3990 ad
3109 3911 3437 4020 gradum
3489 3910 3808 3992 militiae
3860 3921 3979 3992 est

1139 4052 1579 4151 provectuS‚
1622 4042 1806 4152 quia
1844 4040 2158 4124 comites
2196 4065 2381 4123 suae
2422 4040 2853 4149 parentelae
2900 4065 2982 4122 se
3033 4067 3188 4123 non
3225 4040 3550 4124 credunt
3584 4041 3718 4124 diu
3751 4066 3980 4151 posse

1143 4173 1393 4256 vivere
1446 4184 1854 4283 postquam
1921 4175 2248 4285 gradum
2314 4172 2630 4256 militiae
2685 4183 2866 4256 sunt
2926 4172 3204 4283 adepti.
3372 4174 3664 4258 Ibidem
3728 4175 3980 4259 nuntii

1144 4304 1453 4414 reginae
1512 4304 1918 4413 Hispaniae
1976 4305 2099 4415 (1)
2157 4305 2539 4389 affuerunt
2592 4306 2726 4416 qui
2797 4305 3350 4415 pulcherrimos
3411 4307 3834 4392 dextrarios
3902 4319 3981 4392 et

1217 4567 1290 4639 (t)
1326 4566 1538 4623 Scilicet
1572 4567 1814 4637 Beatrix‚
1845 4583 1985 4641 quae
2020 4569 2181 4624 etiam
2213 4568 2358 4625 Elisa
2378 4611 2393 4640 ,
2422 4568 2652 4643 Philippi
2686 4571 3052 4628 Romanorum
3086 4572 3229 4646 regis
3270 4571 3459 4630 ultima
3502 4571 3753 4630 tiliarum.
3792 4573 3978 4632 Mense

1139 4663 1419 4725 novembri
1448 4666 1610 4735 1219,
1639 4663 1980 4723 Ferdinando
1999 4664 2256 4723 Castaliae
2279 4671 2334 4722 et
2361 4664 2606 4738 Legionis
2633 4666 2743 4740 regi
2772 4675 3045 4743 nupserat.
