4500 5956
775 573 978 638 hotot.
1009 574 1103 655 9.]
1692 571 2089 636 HISTORIA
2135 571 2726 634 mPLOMATch.
3466 569 3598 633 ,781

776 716 1005 781 noster
1058 707 1573 783 invictissimus·
1599 692 1977 802 imperator
1998 706 2401 781 Fredericus
2429 706 2878 803 promisisset,
2914 716 2985 778 et
3023 716 3257 802 postea
3282 704 3604 778 dominus

781 839 1008 904 noster
1028 831 1511 905 serenissimus
1530 831 1922 926 imperator,
1947 852 2108 903 cum
2130 839 2309 904 esset
2333 831 2407 902 in
2428 830 2785 925 procinctu
2799 829 3014 903 eundi
3034 830 3106 900 in
3126 828 3604 901 Alamanniam

779 951 1064 1027 firmiter
1086 954 1505 1051 precepisset
1528 954 1751 1051 ipsam
1780 954 2238 1048 quantitatem
2264 952 2416 1026 auri
2444 952 2536 1025 ab
2557 952 3006 1025 universitate
3026 952 3224 1024 Troie
3254 952 3406 1025 sine
3431 951 3607 1024 'dila-

782 1075 914 1148 tico
942 1076 1136 1170 exigi
1163 1086 1235 1149 et
1293 1129 1802 1151 .......
1821 1100 1827 1106 ·
1863 1129 1883 1148 .
1910 1129 1932 1167 ,
1983 1076 2492 1172 nos'predictos
2524 1084 2596 1147 et
2621 1077 3011 1171 complures
3039 1075 3213 1148 alios
3235 1074 3335 1148 -de
3359 1075 3604 1148 eadem

784 1198 1230 1273 universitate
1260 1208 1607 1273 taxatores
1640 1211 1711 1272 et
1736 1200 2132 1273 collectores
2163 1199 2255 1273 de
2282 1196 2590 1294 predicta
2620 1200 3003 1292 quantitate
3031 1197 3182 1272 auri
3209 1198 3399 1272 curia
3427 1221 3603 1271 con-

780 1321 997 1393 stituit
1023 1332 1093 1396 et
1115 1321 1490 1396 ordinavit.
1529 1324 1762 1409 Quum
1795 1322 1973 1396 inter
1996 1344 2124 1396 nos
2157 1323 2474 1417 diligenti
2508 1324 2793 1396 consilio
2848 1374 3598 1396 ..........

782 1442 1017 1517 habito
1053 1446 1346 1540 singulis
1390 1446 1483 1521 de
1524 1446 1771 1521 eadem
1812 1447 2262 1520 universitate
2299 1456 2369 1520 et
2423 1447 2805 1540 unicuique
2848 1456 3103 1520 certam
3153 1445 3607 1540 quantitatem

783 1567 930 1639 auri
958 1568 1347 1642 secundum
1374 1569 1557 1641 vires
1584 1569 1988 1643 facultatum
2020 1591 2304 1643 suarum
2343 1582 2546 1666 prout
2576 1571 2972 1643 invenimus
2994 1579 3063 1644 et
3094 1570 3414 1642 novimus
3457 1572 3603 1642 im-

783 1711 1234 1787 posueramus
1258 1691 1372 1787 (⁴1³),
1400 1689 1491 1766 de
1510 1714 1654 1787 qua
1680 1693 1833 1766 auri
1855 1693 2236 1788 quantitate
2261 1692 2677 1788 perficienda
2700 1693 2993 1767 Iohanni
3012 1694 3261 1766 Tafuro
3284 1693 3609 1766 undecim

788 1813 1028 1887 uncias
1061 1813 1216 1886 auri
1247 1835 1375 1910 pro
1407 1812 1717 1910 predicta
1749 1813 2226 1909 redemptione
2261 1814 2743 1911 imposuimus,
2785 1837 2962 1912 quas
3014 1869 3602 1889 ........

787 1957 905 2032 pro
937 1958 1024 2010 eo
1070 1935 1263 2030 quod
1308 1937 1496 2010 idem
1545 1939 1897 2012 Iohannes
1931 1938 2227 2011 'rasurus
2272 1939 2494 2011 exivit
2535 1938 2625 2011 de
2661 1940 2898 2031 Troia,
2941 1961 3080 2012 non
3128 1940 3369 2024 solvit,
3418 1939 3607 2012 curia

786 2059 985 2132 nobis
1020 2081 1143 2154 per
1165 2059 1438 2132 licteras
1466 2081 1632 2133 suas
1657 2058 1948 2133 firmiter
1972 2060 2421 2157 precipiendo
2450 2060 2812 2134 mandavit
2837 2060 3029 2154 quod
3066 2060 3157 2132 de
3182 2061 3442 2156 prediis
3463 2062 3610 2134 suis

784 2181 1056 2255 rusticis
1094 2184 1208 2261 vel
1233 2183 1570 2257 bur-banis
1613 2193 1879 2256 tantum
1920 2182 2380 2257 venderemus
2410 2193 2488 2255 ut
2520 2184 2972 2280 quantitatem
2995 2184 3147 2256 auri
3168 2206 3292 2280 per
3323 2206 3448 2258 nos
3474 2186 3608 2258 sibi

780 2305 1173 2401 impositam
1211 2306 1405 2380 curie
1436 2308 1905 2397 solveremus;
1947 2329 2245 2400 quarum
2278 2307 2694 2380 continentia
2731 2306 2883 2379 talis
2918 2316 3113 2379 erat:

875 2430 1340 2504 Prudentibus
1400 2430 1571 2503 viris
1620 2430 1874 2521 bajulis
1924 2440 1993 2505 et
2041 2430 2268 2522 judici
2326 2431 2564 2521 Troie,
2607 2439 2772 2521 etc.,
2831 2430 3171 2503 Ricardus
3239 2430 3330 2503 de
3379 2433 3609 2505 Monte

782 2551 1069 2627 Fuscolo
1140 2553 1520 2650 imperialis
1591 2552 2045 2645 justiciarius,
2105 2564 2237 2627 etc.
2283 2555 2463 2640 Quia
2524 2555 2720 2628 curia
2792 2553 3166 2648 imperialis
3237 2556 3606 2648 pecuniam

786 2675 916 2748 sibi
953 2677 1358 2771 promissam
1399 2698 1529 2772 pro
1569 2676 2061 2750 deliberatione
2098 2678 2533 2773 captivorum
2571 2678 2642 2749 in
2671 2675 3021 2750 obsidium
3061 2675 3261 2748 Troie
3291 2697 3452 2748 cum
3488 2678 3610 2749 in-

786 2799 1098 2892 tegritate
1132 2800 1423 2894 requirit
1454 2811 1525 2873 et
1559 2800 1780 2896 ipsam
1813 2801 1965 2874 sine
1997 2801 2455 2875 diminutione
2488 2801 2796 2896 qualibet
2831 2802 2983 2873 vult
3023 2799 3313 2891 babere,
3363 2803 3613 2896 provi-

782 2942 939 2996 sum
974 2932 1079 2997 est
1118 2932 1198 2996 ut
1237 2922 1335 2996 hii
1368 2923 1459 2999 (16
1502 2932 1683 2999 terra
1724 2933 1957 2997 vestra
2003 2925 2127 3019 qui
2157 2946 2283 3020 per
2310 2944 2440 2997 vos
2484 2924 2598 2998 vel
2634 2924 2808 2998 alios
2843 2924 3389 3020 quamplurimos
3423 2926 3610 2998 viros

762 3047 1004 3122 ,bonos
1057 3100 3036 3121 .........................
3045 3097 3050 3100 -
3101 3101 3604 3122 .......

782 3171 1247 3266 possessiones
1284 3171 1400 3244 vel
1433 3179 1700 3266 partem
1751 3172 2267 3267 possessionum
2305 3171 2582 3245 illorum
2632 3170 2722 3244 de
2764 3170 2965 3243 Troia
3005 3179 3147 3242 tam
3184 3173 3612 3265 captivorum

783 3315 992 3388 quam
1027 3304 1097 3367 et
1150 3294 1441 3368 aliorum
1486 3293 1610 3389 qui
1646 3295 2016 3390 pecuniam
2064 3295 2166 3367 eis
2214 3294 2604 3389 impositam
2656 3294 2924 3366 solvere
2977 3314 3115 3366 non
3158 3305 3456 3389 possunt
3493 3306 3618 3369 aut

783 3417 1065 3507 nolunt,
1116 3439 1338 3510 quum
1386 3426 1620 3490 tamen
1663 3417 1758 3491 ad
1798 3417 2110 3490 debitum
2155 3416 2347 3489 curie
2388 3417 2706 3489 sufficere
2740 3417 3041 3512 possint,
3081 3427 3161 3489 ut
3195 3439 3287 3490 ex
3315 3419 3610 3513 pecunia

780 3561 874 3614 ex
913 3542 1428 3636 possessionum
1469 3541 1779 3636 ipsorum
1822 3540 2235 3615 vendicione
2262 3540 2541 3613 redacta
2570 3541 2761 3613 curie
2797 3538 3111 3612 satisfiat.
3146 3540 3375 3625 Quare
3405 3541 3614 3614 vobis

785 3685 874 3736 ex
906 3672 1103 3759 parte
1129 3664 1468 3759 imperiali
1495 3686 1638 3757 qua
1687 3664 2040 3758 fungimur
2080 3664 2485 3737 auctoritate
2526 3662 2942 3737 mandamus
2977 3673 3322 3757 quatenus
3343 3675 3607 3736 tantum

786 3784 872 3859 de
894 3787 1450 3882 possessionibus
1486 3787 1759 3860 illorum
1796 3786 1886 3859 de
1910 3787 2108 3861 Troia
2134 3809 2346 3881 quam
2383 3785 2748 3881 pecuniam
2777 3783 2878 3856 eis
2915 3785 3304 3880 impositam
3348 3786 3612 3859 solvere

784 3920 1136 4004 nequeunt
1163 3918 1287 3981 aut
1322 3910 1588 4000 nolunt,
1629 3907 1949 3982 vendatis
1988 3909 2121 3981 illis
2150 3909 2239 3981 de
2276 3917 2453 3980 terra
2488 3918 2718 3980 vestra
2752 3907 2876 3999 qui
2910 3906 3002 3979 ad
3040 3907 3409 3979 emendum
3449 3961 3466 3979 .
3517 3961 3535 3980 .
3583 3958 3607 3981 .

789 4085 811 4104 .
863 4088 885 4105 .
945 4085 965 4104 .
1027 4057 1047 4105 .·
1110 4084 1129 4104 .
1189 4086 1209 4104 .
1257 4084 1277 4103 .
1316 4055 1439 4127 per
1460 4052 1591 4105 vos
1612 4042 1682 4104 et
1714 4031 1921 4124 alios,
1955 4033 2135 4103 sicut
2165 4030 2431 4105 dictum
2468 4040 2601 4112 est,
2638 4029 2998 4102 inventum
3026 4030 3265 4117 fuerit,
3302 4030 3494 4123 quod
3515 4031 3609 4103 ad

786 4154 1096 4229 debitum
1131 4155 1325 4228 curie
1357 4156 1564 4250 plene
1596 4154 1895 4230 sufficiat
1929 4163 2000 4228 et
2042 4153 2236 4226 curie
2277 4149 2592 4243 satisfiat,
2621 4150 3146 4225 venditionibus
3173 4152 3368 4247 ipsis,
3405 4163 3611 4248 prout

782 4469 837 4557 p.
873 4487 996 4556 495,
1025 4491 1141 4542 not.
1170 4487 1226 4542 2.
1253 4485 1333 4540 De
1369 4482 1735 4558 redemptione
1765 4488 1947 4540 autem
1973 4483 2312 4557 captivorum
2336 4482 2525 4551 fusius,
2547 4487 2775 4539 testante
2796 4480 2989 4539 iterum
3016 4481 3274 4539 Riccardo
3296 4483 3365 4540 de
3385 4485 3443 4541 S.
3465 4484 3610 4541 Ger-

784 4595 967 4653 mano,
997 4581 1285 4637 edocemur
1312 4598 1327 4636 :
1364 4600 1390 4633 α
1413 4582 1555 4637 4235
1587 4595 1774 4637 mense
1807 4578 2015 4644 martii,
2066 4580 2265 4654 captivi
2298 4580 2367 4636 de
2405 4577 2596 4652 Apulia
2622 4578 2714 4651 qui
2751 4577 3072 4634 tenebantur
3108 4578 3251 4652 apud
3283 4578 3603 4650 Canusium,

783 4692 880 4750 per
901 4675 1263 4734 interventum
1290 4676 1550 4751 pecuniae
1578 4675 1894 4745 liberantur,
1924 4681 1979 4733 et
2005 4692 2075 4734 ex
2093 4676 2174 4734 eis
2198 4675 2418 4750 quidam
2433 4675 2598 4749 digna
2621 4679 2747 4733 suut
2766 4690 2941 4748 poena
2963 4674 3224 4732 mulctati.
3246 4694 3275 4729 ι
3448 4671 3454 4676 ’
