4500 5956
628 589 827 649 Ῑιωιστ.
859 586 953 663 9.]
1527 583 1919 644 HISTORIA
1968 580 2554 643 DIPLOMATICA.
3328 584 3450 648 889

627 717 1154 812 henbergensis‚
1211 718 1283 787 S.
1348 714 1861 809 Ratisponensis
1915 715 2290 809 imperialis
2342 716 2500 787 aule
2551 714 3036 801 cancellariae,
3092 717 3174 788 R.
3232 717 3446 789 Pata·-

624 843 882 916 viensis
903 896 924 932 ,
980 840 1055 911 C.
1123 838 1578 932 Frisingensis
1653 847 1723 909 et
1780 839 1864 910 H.
1928 839 2397 911 Seccovvensis
2453 839 2803 934 episcopi,
2850 838 2934 909 H.
2993 838 3296 912 marchio
3352 838 3441 912 de

622 965 894 1054 Baden,
931 965 1016 1034 Η.
1060 982 1291 1035 comes
1336 960 1692 1050 Senensis»,
1739 960 1813 1031 C.
1851 961 2310 1034 burchravius
2352 961 2444 1034 de
2485 961 2924 1051 Nurnberch,
2983 961 3057 1032 C.
3115 963 3442 1056 pincerna

625 1084 716 1157 de
746 1082 1142 1153 Winterstet
1176 1089 1244 1152 et
1270 1078 1598 1152 Gerlacus
1637 1078 1726 1151 de
1755 1080 2127 1173 Butingen,
2163 1089 2236 1152 et
2268 1080 2384 1153 alii
2417 1081 2887 1174 quamplures.

720 1208 970 1278 Datum
1020 1203 1210 1301 apud
1261 1203 1552 1294 Werde,
1615 1225 1798 1277 anno
1853 1203 2200 1277 dominice
2247 1203 2731 1276 incarnationis
2784 1204 2879 1275 Μ.
2911 1203 3035 1275 CC.
3063 1203 3281 1275 XXX.
3310 1206 3435 1294 vl,

623 1355 860 1408 mense
882 1333 1067 1426 julii,
1101 1352 1283 1405 none
1309 1331 1730 1404 indictionis.

728 1896 1192 2003 FridericuS,
1231 1896 1754 1979 Romanorum
1791 1894 2229 2003 imperator,
2273 1895 2674 1979 Gebhardo
2708 1897 2803 1978 de
2840 1897 3195 1980 Arnstein
3232 1925 3446 1981 nun-
3545 1897 3807 2002 „25:²32

622 2029 761 2111 tiat
813 2055 932 2136 se,
989 2029 1164 2111 licet
1226 2037 1556 2137 quatuor
1616 2027 1986 2110 exercitus
2049 2028 2130 2108 in
2187 2027 2575 2109 Austriam
2627 2029 3176 2136 transmiserit,
3236 2058 3442 2113 nunc
3581 2005 3631 2047 ¹¹
3655 2006 3779 2057 '⁸¹²¹‘

619 2187 797 2244 cum
842 2162 1179 2245 maximo
1212 2170 1605 2268 potentatu
1639 2185 1903 2243 versus
1938 2159 2234 2241 Italiam
2273 2158 2373 2240 ab
2410 2159 2758 2268 Augusta
2792 2173 3041 2244 castra
3078 2188 3216 2245 sua
3253 2189 3438 2246 mo-

620 2320 820 2403 vere,
860 2295 1362 2403 hortaturque
1399 2303 1485 2375 ut
1519 2294 1598 2373 in
1643 2320 1783 2376 suo
1823 2292 2125 2377 servitio
2160 2291 2654 2376 confortetur.

781 2521 1025 2600 (Inedit.
1068 2538 1146 2582 ex
1181 2522 1384 2582 codIce
1410 2522 1638 2581 Musaei
1676 2521 1942 2581 Britann.
1984 2520 2303 2580 Harleiano
2346 2528 2533 2599 3678,
2573 2520 2673 2581 fol.
2717 2530 2786 2580 21
2829 2528 3010 2594 recto,
3040 2526 3208 2598 quus
3241 2525 3438 2585 docu-

855 2630 1039 2687 menti
1080 2626 1482 2705 apographum
1523 2628 1617 2685 vir
1644 2626 1913 2704 egregius
1940 2625 2026 2686 Μ.
2058 2626 2297 2698 Amul,
2336 2642 2524 2702 nuper
2555 2627 2633 2686 ab
2669 2626 2888 2705 Anglia
2925 2643 3224 2706 reversus,
3263 2628 3435 2690 nobis

861 2730 1125 2809 detulit.)

711 2924 856 3012 Fr.,
897 2921 1019 2995 Dei
1055 2921 1278 3016 gratia
1314 2922 1774 2994 Romanorum
1823 2922 2190 3017 imperator
2233 2943 2505 3017 semper
2541 2932 2910 3016 augustus,
2956 2926 3329 3000 Jerusalem
3362 2938 3437 3001 et

615 3047 843 3119 Sicilie
895 3068 1057 3137 rex,
1119 3044 1483 3118 Gaboardo
1542 3043 1631 3116 de
1674 3046 2049 3117 Hamesten
2111 3045 2299 3118 fideli
2351 3068 2480 3118 suo
2536 3048 2824 3139 gratiam
2871 3071 3070 3121 suam
3111 3060 3180 3123 et
3227 3073 3433 3127 omne

614 3171 902 3242 bonum.
945 3171 1203 3242 llariter
1249 3177 1319 3241 et
1361 3168 1657 3260 benigne
1698 3169 2081 3261 recepimus
2122 3177 2240 3240 tue
2279 3167 2664 3242 devotionis
2712 3171 2967 3244 litteras
3012 3183 3242 3247 nostro
3288 3178 3431 3250 cul·

616 3293 782 3363 mini
832 3292 1205 3365 destinatas
1259 3300 1329 3362 et
1384 3312 1621 3363 earum
1676 3300 1980 3362 tenorem
2026 3292 2497 3364 intelleximus
2551 3293 2912 3388 diligenter
2952 3298 3146 3389 quod
3202 3303 3433 3373 conti-

615 3417 907 3489 nebatur
938 3417 1011 3486 in
1041 3417 1144 3487 eis
1176 3435 1451 3487 rumore
1477 3424 1677 3487 tenus
1709 3414 1848 3487 dici
1880 3436 2006 3508 per
2041 3415 2525 3488 Lombardiam
2564 3418 2754 3512 quod
2787 3421 2965 3493 facta
2997 3421 3275 3496 Austrie
3307 3447 3434 3498 nos

614 3539 916 3612 debeant
944 3540 1397 3633 personaliter
1422 3538 1743 3610 retinere.
1771 3539 2058 3611 Noveris
2095 3549 2165 3611 et
2192 3540 2371 3612 seim
2404 3542 2613 3614 facias
2637 3543 2998 3616 universos
3029 3545 3245 3639 quod,
3271 3548 3433 3620 licet

611 3664 728 3736 1111
792 3664 1139 3736 exercitus
1192 3661 1744 3735 ordinaverimus
1797 3664 1870 3733 in
1913 3662 2262 3735 Austriam
2320 3666 2889 3757 transmittentes,
2945 3668 3429 3744 nichilominus

612 3809 769 3859 cum
814 3787 1123 3860 maximo
1158 3795 1515 3881 potentatu
1552 3785 1667 3858 die
1705 3786 1976 3859 veneris
2009 3786 2105 3857 XI
2142 3787 2399 3858 mensis
2429 3789 2764 3881 presentis
2792 3791 2951 3880 julii
2985 3792 3074 3863 ab
3111 3793 3426 3886 Augusta

611 3932 971 3983 movemus
1008 3910 1295 3983 feliciter
1348 3920 1567 3982 castra
1617 3919 1885 3999 nostra,
1935 3930 2175 3981 versus
2222 3909 2485 3982 Italiam
2535 3912 2852 3984 felicibus
2895 3914 3222 4008 auspiciis
3267 3940 3424 4010 pro-

608 4043 948 4126 perantes.
995 4035 1184 4106 Scias
1225 4034 1506 4127 insuper
1550 4033 1741 4126 quod
1775 4054 1897 4127 pro
1926 4032 2346 4104 exercitibus
2374 4033 2605 4104 missis
2637 4034 2709 4105 in
2745 4035 3117 4122 Austriam,
3160 4038 3419 4113 nedum

606 4157 797 4251 quod
854 4157 1230 4229 minoratus
1287 4158 1376 4227 sit
1428 4178 1759 4228 numerus
1820 4156 2111 4226 militum
2167 4176 2327 4226 cum
2379 4156 2633 4249 quibus
2685 4157 2894 4252 Alpes
2949 4159 3420 4255 disposuimus

606 4302 930 4375 prospera
965 4289 1148 4352 sorte
1181 4281 1502 4371 transire,
1539 4281 1749 4352 immo
1782 4280 2021 4375 pocius
2071 4280 2321 4372 crevit,
2371 4289 2449 4351 ut
2485 4288 2717 4375 pateat
2763 4281 3108 4356 universis
3158 4296 3418 4362 tantam

605 4404 872 4497 imperii
924 4424 1076 4476 esse
1114 4406 1481 4499 potentiam
1529 4402 1721 4498 quod
1767 4403 2076 4476 diversos
2111 4403 2459 4476 exercitus
2505 4406 2730 4478 facere
2774 4428 3141 4501 possumus
3186 4421 3256 4483 et
3291 4413 3419 4486 ha-

602 4525 790 4598 bere.
810 4529 911 4597 Tu
947 4526 1155 4620 igitur
1181 4549 1341 4598 cum
1369 4527 1698 4623 premissa
1726 4527 2019 4598 militum
2050 4527 2372 4598 comitiva
2404 4527 2475 4597 in
2497 4537 2728 4600 nostro
2760 4531 3051 4603 servicio
3078 4536 3413 4610 consorte-

605 4645 696 4715 ris
718 4654 788 4717 et
811 4646 1018 4718 etiam
1038 4668 1176 4740 que
1199 4655 1506 4721 nostrum
1540 4656 1608 4719 et
1641 4646 1909 4740 imperii
1944 4646 2270 4718 honorem
2304 4643 2424 4743 [et]
2457 4650 2938 4722 exaltationem
2964 4666 3415 4746 promoveant

763 4767 864 4830 IV.
908 4785 1021 4829 rm
1045 4788 1088 4830 ει.
2985 4784 3094 4835 112
