4500 5956
1065 566 1189 629 594
1982 624 2008 642 ,,
2116 569 2465 633 HEchl
2512 570 2848 633 samm
3517 571 3679 652 [Anu.
3715 570 3897 636 1232.

1232 699 1576 779 (Memorat.
1600 718 1698 778 ap.
1729 700 1975 764 Vernaclt
1992 704 2153 765 einer
2173 704 2449 768 Dav-suu.
2473 705 2571 768 des
2588 704 2957 783 rdchfieien
2989 702 3153 779 Sutt-
3178 701 3451 787 Enqelb„
3472 721 3538 783 p.
3555 712 3663 780 68,
3680 710 3807 769 not.
3830 714 3892 766 5.

1309 807 1551 868 Adsunt
1573 809 1638 868 in
1667 806 1899 871 archivo
1921 809 2272 893 Enyeuerq.
2302 813 2424 875 duo
2449 813 2633 893 hujus
2657 813 2925 875 mandati
2947 811 3332 889 exemplaria,
3357 810 3538 873 ambo
3560 811 3894 889 originalia.

1309 930 1498 975 unum
1531 930 1711 990 penes
1750 915 2021 977 abbatem
2035 960 2056 990 ,
2084 918 2335 979 alterum
2372 936 2555 998 penes
2591 920 2959 981 defensorem
2999 919 3340 1003 monasterii
3371 918 3765 979 verisimiliter
3800 933 3899 979 re-

1311 1035 1609 1081 mansura.
1648 1022 1805 1082 Huic
1830 1024 2019 1100 primo
2045 1024 2259 1087 desunt
2274 1032 2448 1087 notae
2480 1025 2924 1106 chronologicae
2941 1070 2961 1102 ‚
2992 1041 3146 1104 quae
3178 1024 3464 1103 leguntur
3481 1027 3546 1085 ln
3570 1023 3903 1104 tragmmto

1309 1142 1694 1205 pergamenae
1733 1144 1895 1188 nunc
1947 1134 2112 1191 trans
2162 1132 2446 1211 originale
2488 1134 2708 1195 insuto.
2755 1131 3098 1195 Secundum
3141 1137 3341 1194 autem
3383 1134 3689 1211 ‘integrum
3742 1130 3902 1193 insta

1310 1231 1659 1293 exhibemus
1684 1234 1760 1294 ad
1795 1251 1939 1296 ann.
1968 1242 2345 1317 sequentem,
2383 1246 2445 1299 11
2485 1236 2798 1319 januarii.)

1166 1419 1340 1491 Data
1365 1419 1558 1514 apud
1594 1421 2026 1515 Hagenowe,
2081 1422 2199 1494 1111
2230 1421 2451 1496 nonas
2477 1422 2894 1513 decembris,
2933 1423 3309 1501 indictione
3338 1423 3455 1498 vl.

1531 1755 2316 1770 ——--—-—--——-—---—.-—-—

734 2064 938 2173 „5333
1180 2051 1588 2161 HenricuS,
1631 2052 2153 2136 Romanorum
2188 2077 2324 2136 rex
2342 2113 2365 2160 ,
2427 2052 2726 2136 scholas
2779 2052 2859 2134 in
2913 2052 3421 2139 Miihlhausen
3438 2115 3462 2160 ‚
3512 2052 3708 2136 sicut
3761 2050 3907 2135 sibi

681 2173 710 2216 ⁹
727 2173 989 2217 amm.
1073 2185 1271 2269 cives
1308 2184 1453 2293 ipsi
1482 2184 1611 2294 jus
1657 2198 2292 2295 recognoverunt,
2332 2186 2690 2269 ecclesiae
2727 2184 2983 2268 Sancti
3016 2185 3250 2268 Blasii
3285 2186 3554 2291 donat,
3593 2184 3908 2269 Alberto

1072 2317 1402 2429 plebano
1471 2327 1548 2400 et
1609 2317 2173 2400 successoribus
2237 2317 2406 2428 ejus
2470 2318 2891 2402 concedens
2955 2327 3042 2400 ut
3102 2317 3311 2429 ipsas
3365 2318 3667 2402 scholas
3728 2343 3909 2400 cum

1071 2448 1485 2535 elemosina
1520 2448 1758 2560 regali
1796 2449 2152 2532 ordinare
2187 2449 2509 2559 possint.

1239 2687 1485 2765 (Inedit.
1518 2704 1594 2748 ex
1622 2689 1791 2765 copia
1817 2687 1895 2747 ab
1925 2688 2202 2748 Heinrico
2238 2687 2452 2749 abbate
2497 2688 2571 2748 de
2597 2687 3032 2750 Volkolderode
3064 2704 3224 2751 anno
3256 2697 3409 2751 1348
3443 2692 3818 2765 transumpta
3850 2692 3913 2748 et

1310 2797 1375 2856 in
1402 2794 1642 2856 archivo
1674 2793 1988 2854 Dresdensi
2025 2793 2374 2871 asservata.)

1173 3011 1561 3102 Heinricus,
1604 3011 1728 3082 Dei
1765 3010 1986 3103 gratia
2020 3011 2481 3083 Romanorum
2539 3030 2666 3082 rex
2717 3016 2787 3081 et
2842 3030 3114 3103 semper
3145 3018 3523 3104 augustus,
3571 3009 3915 3082 universis

1079 3133 1349 3226 imperii
1386 3133 1712 3207 fidelibus
1748 3134 2006 3228 quibus
2037 3132 2166 3206 hee
2195 3133 2418 3206 littere
2436 3133 2686 3206 suerint
2715 3143 3031 3223 ostense,
3063 3134 3352 3227 gratiam
3389 3155 3587 3205 suam
3619 3142 3689 3205 et
3712 3154 3918 3205 omne

1079 3259 1368 3330 bonum.
1405 3258 1574 3330 Cum
1600 3280 1805 3332 omne
1828 3261 1946 3352 jus
1976 3267 2377 3353 patronatus
2407 3281 2646 3331 earum
2680 3258 3128 3330 ecclesiarum
3163 3280 3462 3354 quarum
3503 3257 3783 3329 donatio
3821 3255 3917 3330 ad

1085 3404 1213 3454 nos
1239 3382 1578 3477 pertinere
1613 3381 1995 3453 dinoscitur
2029 3393 2097 3455 et
2122 3404 2240 3455 eas
2276 3382 2637 3477 parochias
2672 3381 2896 3477 magis
2928 3403 3199 3478 semper
3234 3382 3628 3475 augmentis
3659 3391 3728 3453 et
3760 3380 3914 3453 aliis

1084 3505 1539 3599 dignitatibus
1567 3506 1874 3577 exaltare
1897 3501 2037 3601 (a),
2092 3517 2332 3579 notum
2367 3528 2520 3579 esse
2562 3506 2890 3580 volumus
2917 3506 3263 3580 universis
3301 3503 3494 3599 quod
3526 3525 3655 3577 nos
3697 3503 3916 3577 scolas

1087 3631 1159 3702 in
1196 3630 1603 3720 Mulhusen‚
1654 3629 1835 3701 sicut
1869 3630 2000 3724 ipsi
2039 3631 2228 3702 cives
2261 3631 2470 3703 nostri
2503 3631 2576 3702 in
2611 3631 2924 3723 ejusdem
2952 3629 3047 3726 (b)
3079 3628 3548 3723 assignatione
3579 3627 3776 3701 nobis
3800 3632 3916 3720 jus

1088 3764 1686 3849 recognoverunt,
1744 3753 2033 3826 ecclesie
2078 3754 2308 3827 Sancti
2357 3755 2564 3826 Blasii
2602 3755 2693 3827 de
2738 3764 2964 3826 cetero
2995 3753 3462 3826 concessimus
3491 3759 3561 3823 et
3596 3750 3919 3824 dedimus

1088 3878 1496 3969 locandam;
1553 3876 1869 3950 eamdem
1916 3877 2206 3970 gratiam
2237 3877 2517 3952 Alberto
2563 3887 2731 3949 tunc
2761 3876 3085 3972 temporis
3116 3877 3214 3949 ibi
3260 3875 3558 3971 plebano
3585 3885 3654 3947 et
3689 3883 3921 3947 nostro

1096 4002 1497 4098 cappellano
1529 4011 1599 4074 et
1632 4001 1789 4074 aliis
1813 4001 1962 4072 suis
1985 4001 2499 4074 successoribus
2537 4001 2628 4074 de
2653 4010 2886 4072 nostra
2914 3999 3388 4074 munificentia
3426 3999 3786 4086 facientes,
3823 3997 3923 4070 ita

1098 4123 1288 4217 quod
1323 4123 1413 4196 de
1448 4134 1674 4198 cetero
1696 4124 1791 4198 ad
1820 4126 2244 4198 voluntatem
2270 4147 2508 4198 eorum
2535 4125 2846 4218 regimen
2871 4125 3131 4198 scolare
3154 4131 3224 4197 et
3250 4124 3435 4218 ipsas
3464 4123 3686 4196 scolas
3715 4120 3924 4194 etiam

1103 4267 1260 4318 cum
1291 4248 1664 4320 elemosina
1698 4270 1836 4340 que
1872 4248 1945 4318 in
1984 4248 2229 4321 eadem
2269 4248 2546 4322 civitate
2581 4257 2814 4322 nostra
2844 4248 3211 4322 Mulhuseu
3249 4247 3504 4321 dicitur
3550 4244 3926 4320 elemosina

1104 4368 1355 4462 regalis
1379 4422 1399 4457 ‚
1433 4368 1755 4441 ordinare
1787 4372 2095 4465 possint,
2137 4373 2316 4443 sicut
2343 4373 2490 4442 suis
2515 4372 2798 4466 justitiis
2829 4381 2898 4445 et
2927 4373 3340 4445 utilitatibus
3379 4370 3682 4445 viderint
3713 4389 3926 4464 expe-

888 4601 923 4614 -
1188 4570 1270 4651 (a)
1309 4571 1487 4632 Deest
1511 4573 1575 4631 in
1604 4573 1771 4650 copia
1794 4569 2093 4632 debeamus
2129 4574 2222 4634 vei
2254 4571 2618 4651 hujusmodl.
3239 4607 3244 4612 ·

1191 4680 1270 4762 (b)
1316 4682 1413 4744 Sic
1440 4687 1502 4742 et
1524 4680 1683 4742 infra
1711 4697 1947 4761 quoque
1985 4678 2285 4742 locandam
2314 4683 2719 4759 singulariter,
2759 4683 2900 4745 licet
2922 4683 2998 4744 ad
3024 4699 3230 4745 vocem
3254 4677 3473 4742 scholas
3497 4677 3843 4740 referantur.
