4500 5956
992 618 1114 680 816
1986 622 2418 685 FRIDERICI
2466 623 2814 687 SECUNDI
3455 623 3612 709 [An.
3650 625 3825 688 1236.

997 774 1304 828 cessores
1350 755 1653 852 episcopi
1681 756 2015 832 hactenus
2049 770 2511 856 perceperunt
2552 760 2850 849 ibidem;
2905 757 3132 833 officia
3175 780 3343 833 vero
3393 759 3831 834 villicationis

1004 878 1311 973 ipsarum
1349 877 1675 951 villarum
1710 902 1999 975 persone
2034 883 2148 955 cui
2189 885 2374 957 volet
2406 884 2684 957 locabit.
2717 885 2885 955 Item
2914 882 3048 955 sub
3070 881 3313 956 eadem
3332 882 3831 979 compositione

1000 1003 1178 1073 sacta
1208 1008 1312 1072 est
1340 1001 1727 1114 subscripta
1749 1006 2160 1099 permutatio
2187 1006 2366 1081 inter
2397 1028 2524 1080 nos
2551 1029 2674 1102 pro
2702 1016 2893 1103 parte
2922 1015 3155 1079 nostra
3188 1015 3257 1078 et
3287 1004 3620 1078 heredum
3649 1027 3831 1079 nos-

999 1130 1254 1196 trorum
1282 1131 1351 1194 et
1375 1123 1700 1197 eumdem
1729 1127 2127 1222 episcopum
2161 1153 2286 1225 pro
2308 1139 2501 1226 parte
2525 1152 2652 1202 sua
2686 1138 2755 1202 et
2781 1128 3068 1202 ecclesie
3094 1150 3220 1201 sue
3244 1155 3261 1199 ε
3287 1127 3612 1201 videlicet
3637 1129 3833 1224 quod

998 1269 1124 1342 pro
1155 1248 1322 1320 villa
1354 1248 1442 1321 de
1475 1249 1833 1322 Trenheim
1865 1274 2023 1324 cum
2058 1254 2385 1327 omnibus
2418 1255 2692 1348 juribus
2735 1262 2804 1327 et
2849 1252 3232 1352 rationibus
3278 1251 3424 1324 suis
3467 1262 3832 1346 permuta-

1000 1367 1231 1438 vimus
1255 1367 1504 1438 vallem
1534 1366 1625 1440 de
1652 1369 1927 1442 Britztal
1946 1392 2104 1443 cum
2124 1373 2311 1446 omni
2324 1374 2482 1468 jure
2506 1395 2657 1447 suo.
2678 1374 2847 1445 Item
2875 1393 2999 1467 pro
3027 1371 3192 1444 villa
3215 1370 3306 1443 de
3326 1370 3828 1444 Wasselnheim

1000 1513 1155 1564 cum
1180 1492 1503 1565 omnibus
1537 1493 1924 1567 rationibus
1953 1496 2099 1568 suis
2124 1520 2338 1591 quam
2358 1498 2748 1594 recepimus
2770 1497 2841 1569 in
2868 1495 3440 1593 permutationem
3467 1495 3559 1567 ab
3581 1495 3827 1568 eodem

997 1615 1322 1710 episcopo
1342 1623 1618 1711 propter
1637 1616 1755 1708 jus
1775 1627 2171 1712 patronatus
2196 1621 2490 1694 ecclesie
2507 1630 2576 1694 et
2595 1620 2803 1694 feuda
2819 1621 3262 1711 vasallorum,
3280 1618 3832 1715 permutavimus

1003 1748 1236 1810 contra
1270 1735 1703 1810 advocatiam
1739 1739 1830 1812 de
1863 1740 2423 1816 Bischovesheim
2457 1765 2615 1816 cum
2640 1743 3024 1817 honoribus
3042 1743 3111 1816 ei
3146 1741 3640 1837 pertinentibus
3670 1741 3830 1813 ubi-

1004 1881 1305 1953 cumque
1357 1859 1728 1934 resideant.
1786 1864 1953 1936 Item
2013 1864 2197 1939 idem
2257 1866 2625 1962 episcopus
2680 1866 3017 1939 concessit
3075 1866 3277 1938 nobis
3341 1874 3409 1938 et
3443 1865 3826 1939 heredibus

1005 1984 1252 2054 nostris
1282 1985 1358 2054 in
1415 1993 1679 2058 rectum
1728 1987 2017 2060 feudum
2060 2010 2302 2062 omnes
2343 1990 2660 2062 homines
2704 1989 2796 2063 de
2843 1989 3267 2062 westhoven
3317 1987 3410 2062 ad
3460 1988 3827 2061 ecclesiam

1006 2127 1204 2177 suam
1232 2116 1642 2201 spectantes,
1682 2110 1993 2183 similiter
2012 2133 2255 2184 omnes
2267 2112 2577 2185 homines
2604 2112 2674 2183 in
2704 2113 3118 2187 Rodesheim
3135 2113 3266 2185 sibi
3295 2121 3364 2185 et
3390 2133 3516 2185 sue
3538 2112 3831 2185 ecclesie

1008 2229 1457 2323 pertinentes3
1486 2233 1692 2304 etiam
1717 2255 1843 2305 nos
1870 2235 2335 2307 concessimus
2363 2235 2428 2307 ei
2460 2245 2529 2307 et
2553 2236 2840 2309 ecclesie
2871 2258 2998 2310 sue
3021 2257 3260 2309 omnes
3289 2235 3603 2324 homines
3638 2236 3832 2330 apud

1009 2352 1409 2427 Zaberniam
1437 2371 1955 2430 commorantes.
1974 2358 2143 2430 Item
2170 2357 2357 2431 idem
2384 2360 2753 2455 episcopus
2784 2360 3119 2432 concessit
3144 2359 3345 2432 nobis
3359 2369 3429 2433 et
3453 2358 3833 2433 heredibus

1005 2477 1254 2549 nostris
1293 2478 1361 2549 iu
1390 2479 1677 2552 feudum
1714 2479 2060 2575 quidquid
2086 2481 2263 2574 juris
2295 2482 2539 2554 habuit
2576 2483 2645 2553 in
2685 2481 3087 2578 Offenburg,
3130 2482 3492 2555 reservatis
3524 2483 3834 2579 capitulo

999 2601 1157 2693 jure
1190 2611 1587 2696 patronatus
1619 2604 1903 2677 ecclesie
1949 2613 2018 2679 et
2053 2606 2373 2679 censibus
2416 2627 2555 2700 que
2595 2604 2688 2678 ad
2723 2628 2963 2679 eorum
2996 2604 3388 2703 prebendas
3412 2628 3506 2679 ex
3541 2607 3832 2701 antiquo

1007 2726 1486 2821 pertinuerunt
1514 2726 1803 2818 ibidem,
1827 2737 1895 2802 et
1928 2728 2017 2804 de
2040 2728 2348 2825 predicto
2378 2728 2587 2804 feudo
2618 2730 2975 2803 investivit
3002 2751 3133 2802 nos
3164 2729 3600 2825 corporaliter
3629 2740 3706 2802 ut
3726 2740 3833 2803 est

1006 2851 1256 2937 moris,
1299 2860 1368 2922 et
1396 2873 1521 2924 nos
1552 2875 1678 2948 pro
1714 2853 1961 2926 eadem
2003 2853 2494 2949 compositione
2538 2854 2873 2926 solvimus
2920 2853 2987 2926 ei
3034 2853 3224 2925 mille
3265 2874 3528 2926 marcas
3562 2853 3829 2946 argenti

1004 2995 1183 3068 quas
1220 2974 1367 3069 ipse
1391 2998 1432 3049 a
1460 2976 1659 3049 nobis
1686 2977 1951 3072 integre
1974 2977 2318 3074 recepisse
2340 2976 2703 3050 fatebatur.
2745 2976 2914 3051 Item
2945 2985 3325 3072 proventus
3361 2976 3679 3049 villarum
3713 2997 3830 3048 co-

1008 3099 1195 3170 mitie
1226 3101 1560 3193 equaliter
1592 3100 2014 3175 dividentur.
2052 3102 2217 3175 Item
2257 3122 2382 3197 pro
2431 3102 2634 3175 nobis
2668 3110 2737 3174 et
2769 3100 3146 3175 heredibus
3178 3100 3426 3173 nostris
3462 3101 3834 3173 renuntia-

1005 3223 1240 3294 vimus
1271 3224 1496 3295 eidem
1520 3224 1844 3318 episcopo
1874 3232 1944 3296 et
1968 3224 2256 3297 ecclesie
2280 3245 2408 3296 sue
2439 3225 2498 3296 si
2535 3222 2726 3318 quod
2769 3227 2891 3319 jus
2924 3224 3356 3297 habebamus
3385 3223 3457 3293 in
3489 3223 3728 3297 castris
3759 3231 3832 3294 et

1006 3346 1554 3441 possessionibus
1581 3348 1758 3418 infra
1788 3346 2079 3441 scriptiS,
2111 3346 2438 3419 videlicet
2471 3348 2706 3420 Tanne
2735 3347 2996 3438 veteri,
3034 3345 3501 3441 Eigensheim,
3539 3366 3680 3440 que
3703 3346 3834 3417 fuit

1009 3471 1275 3545 comitis
1305 3469 1571 3543 Alberti
1603 3469 1695 3544 de
1723 3471 2159 3566 Tagesburg3
2192 3472 2357 3545 item
2387 3482 2684 3545 castrum
2714 3472 3066 3546 Bernstein
3084 3525 3105 3563 ,
3146 3470 3488 3544 Girbadeu
3507 3523 3527 3561 ,
3567 3472 3835 3563 Tages-

1009 3597 1224 3689 burg,
1268 3594 1603 3670 Rheinavv
1633 3616 1791 3666 cum
1828 3595 2150 3667 omnibus
2190 3595 2466 3688 juribus
2494 3606 2563 3668 et
2596 3596 3028 3691 pertinentiis
3066 3615 3303 3668 eorum
3324 3648 3345 3686 ,
3381 3595 3478 3667 ita
3509 3593 3835 3667 videlicet

1005 3719 1198 3815 quod
1234 3720 1421 3791 nulla
1458 3720 1663 3792 etiam
1719 3718 1985 3791 ratione
2040 3718 2430 3792 donationis
2483 3740 2607 3793 seu
2651 3718 3072 3793 venditionis
3119 3719 3232 3791 vel
3281 3718 3418 3791 alia
3465 3718 3700 3812 aliqua
3739 3717 3836 3791 de

1006 3866 1211 3917 causa
1247 3842 1573 3917 eumdem
1605 3842 2006 3938 episcopum
2042 3853 2165 3914 aut
2198 3843 2503 3937 aliquem
2533 3863 2998 3916 successorem
3034 3863 3239 3914 suum
3264 3863 3389 3937 per
3411 3862 3538 3913 nos
3565 3841 3677 3913 vel
3707 3861 3833 3936 per

1007 3969 1306 4062 aliquem
1345 3968 1558 4040 alium
1600 3966 2060 4062 impediemus
2098 3968 2208 4040 vel
2266 3968 2600 4040 faciemus
2640 3965 3075 4062 aliquatenus
3107 3965 3455 4061 impediri.
3500 3965 3667 4038 Item
3705 3987 3833 4061 pro

1009 4112 1093 4164 eo
1119 4091 1312 4186 quod
1337 4091 1519 4164 idem
1553 4092 1919 4187 episcopus
1947 4091 2344 4185 recognovit
2365 4091 2483 4182 jus
2513 4098 2819 4163 nostrum
2853 4090 2926 4162 in
2962 4088 3368 4184 subscriptis
3395 4090 3634 4181 rebus,
3667 4111 3833 4163 con-

1011 4216 1345 4288 cessimus
1387 4216 1454 4287 ei
1509 4224 1579 4287 et
1642 4214 1930 4287 ecclesie
1961 4236 2088 4287 sue
2135 4235 2396 4286 novum
2437 4223 2731 4286 castrum
2788 4214 3021 4285 Tanne
3055 4221 3126 4283 et
3176 4220 3438 4284 curtem
3507 4212 3704 4285 sitam
3754 4212 3831 4284 in

1008 4338 1353 4411 Tambach
1379 4346 1449 4410 et
1478 4337 1842 4431 antiquum
1869 4336 2245 4433 pedagium
2272 4334 2460 4431 apud
2492 4338 2751 4427 Tanne,
2776 4336 2848 4406 in
2882 4343 3061 4407 statu
3093 4333 3163 4405 in
3195 4355 3338 4428 quo
3366 4333 3497 4405 ruit
3525 4343 3834 4431 tempore

1012 4460 1275 4534 domini
1309 4460 1585 4553 augusti
1623 4459 1835 4555 patris
1868 4461 2112 4533 nostris
2145 4459 2573 4556 imperatoris
2594 4458 2866 4532 Henrici
2905 4457 3233 4529 memorie
3262 4456 3647 4531 recolende.
3679 4458 3835 4530 Sta-

1014 4593 1236 4656 tutum
1272 4592 1376 4655 est
1411 4584 1696 4678 insuper
1727 4585 2133 4675 generaliter
2161 4585 2233 4655 in
2264 4584 2760 4679 compositione
2802 4580 3111 4677 predicta
3140 4589 3220 4652 ut
3253 4579 3567 4653 homines
3617 4580 3831 4652 nostri

1008 4718 1073 4781 et
1110 4707 1443 4781 heredum
1492 4716 1924 4802 nostrorum,
1963 4708 2441 4781 ministeriales
2481 4706 2691 4780 nostri
2725 4713 2792 4779 et
2830 4703 3150 4778 homines
3178 4724 3419 4778 eorum
3462 4723 3602 4777 non
3639 4702 3836 4777 reci—
