4500 5956
1104 596 1225 658 872
2102 597 2531 661 rnlnssmcl
2584 598 2927 660 saeuum
3545 597 3707 674 [Anu.
3745 596 3916 660 12³6.

746 1142 1020 1249 ¹32⁰32¹3332
1221 1132 1630 1242 Gregorius
1690 1159 1888 1242 papa
1955 1132 2421 1216 Fridericum
2491 1133 3011 1217 Romanorum
3072 1132 3607 1240 imperatorem
3667 1140 3921 1214 monet

1112 1276 1197 1347 ut
1268 1276 1618 1375 nepotem
1670 1266 1871 1375 regis
1926 1267 2219 1350 Tunicii
2285 1268 2383 1348 ad
2448 1268 2719 1350 Sedem
2793 1264 3301 1373 Apostolicam
3353 1264 3707 1347 accedere
3765 1288 3916 1345 vo-

1110 1399 1390 1482 lentem
1426 1409 1500 1481 et
1534 1398 1811 1508 injuste
1848 1399 1926 1480 in
1963 1426 2202 1509 regno
2238 1402 2630 1483 detentum
2665 1399 2941 1481 dimitti
2977 1397 3230 1480 faciat.

1278 1613 1523 1692 (Inedit.
1553 1628 1629 1672 ex
1654 1616 1896 1690 regestis
1923 1597 2398 1692 Gregor.,'anno
2437 1615 2529 1687 X,
2558 1616 2728 1692 epist.
2773 1621 2918 1687 122,
2957 1615 3018 1672 in
3055 1611 3283 1672 collect.
3313 1611 3563 1689 Luporte
3604 1611 3688 1672 du
3731 1610 3916 1685 Theil,

1348 1736 1441 1797 ap.
1475 1719 1630 1780 Bibl.
1662 1723 1868 1798 imper.
1899 1722 2113 1795 Paris.)

1211 1904 1600 2000 GregorinS,
1643 1915 1809 1997 etc.,
1849 1908 2207 1981 Frederico
2241 1908 2698 1979 Romanorum
2736 1906 3162 2000 imperatori,
3202 1918 3334 1977 etc.
3377 1904 3677 1991 Quidam
3712 1926 3922 2000 nepos

1116 2029 1299 2121 regis
1330 2030 1608 2116 Tunici,
1662 2031 1918 2124 apertis
1953 2031 2021 2101 in
2061 2031 2482 2123 agnitionem
2533 2030 2840 2102 veritatis
2876 2029 3320 2123 intelligentie
3362 2050 3488 2101 sue
3531 2028 3749 2101 oculis
3794 2050 3922 2100 co-

1114 2154 1268 2226 lirio
1301 2154 1498 2226 verbi
1534 2154 1694 2242 Dei,
1732 2154 1826 2227 ad
1874 2164 2174 2225 nostram
2213 2176 2338 2249 pro
2378 2153 2782 2250 recipiendo
2826 2153 3147 2247 baptismi
3185 2162 3611 2224 sacramento
3645 2172 3922 2246 presen-

1115 2271 1281 2350 tiam
1317 2277 1716 2349 accedebat.
1755 2277 1893 2350 Sed
1935 2300 2096 2349 cum
2143 2278 2725 2350 intellexissemus
2768 2275 3090 2349 eumdem
3125 2287 3400 2372 captum
3447 2296 3529 2348 ac
3574 2275 3920 2348 detentum

1115 2423 1155 2473 a
1195 2402 1356 2489 mie,
1393 2422 1515 2494 pro
1551 2401 1954 2473 liberatione
1990 2401 2208 2497 ipsius
2245 2401 2629 2474 direximus
2660 2399 3129 2474 detentoribus
3165 2400 3416 2494 scripta
3444 2411 3701 2483 nostra,
3733 2421 3925 2471 man-

1114 2516 1356 2597 dantes
1390 2534 1467 2596 ut
1498 2547 1656 2596 cum
1687 2525 1759 2596 in
1792 2525 2016 2596 tribus
2044 2526 2208 2597 anni
2253 2525 2739 2597 festivitatibus
2773 2523 3405 2597 excommunicatos
3442 2522 3923 2593 denuntiemus

1117 2648 1394 2745 publice
1425 2669 1663 2722 omnes
1691 2649 1842 2721 illos
1879 2648 2000 2743 qni
2033 2649 2330 2744 spoliant
2354 2649 2468 2720 vel
2496 2649 2779 2743 capiunt
2807 2670 2932 2720 seu
2963 2648 3274 2721 detinent
3316 2647 3410 2720 ad
3445 2645 3692 2718 Sedem
3734 2644 3924 2740 Apo-

1116 2773 1424 2846 stolicam
1456 2773 1860 2846 accedentes
1885 2784 1954 2845 et
1978 2772 2351 2846 redeuntes
2377 2773 2466 2844 ab
2495 2773 2670 2867 ipsa,
2695 2793 2852 2844 eum
2885 2773 3319 2843 restituerent
3339 2769 3657 2842 libertati.
3677 2771 3924 2841 Verum

1120 2920 1278 2971 cum
1327 2898 1457 2993 ipsi
1501 2897 1847 2970 mandatis
1901 2920 2038 2969 non
2091 2896 2422 2969 duxerint
2468 2895 3026 2990 obsequendum,
3075 2895 3240 2991 quia
3276 2916 3414 2968 non
3472 2894 3669 2967 decet
3718 2895 3928 2989 impe-

1117 3024 1359 3094 rialem
1414 3022 1890 3094 excellentiam
1936 3023 2197 3093 factum
2241 3021 2639 3113 hujusmodi
2689 3022 3035 3111 tollerare,
3077 3030 3314 3115 utpote
3357 3019 3549 3113 quod
3611 3021 3680 3090 in
3723 3019 3929 3091 Crea-

1120 3147 1285 3217 toris
1329 3144 1671 3218 redundat
1721 3145 2043 3237 injuriam
2097 3154 2167 3218 et
2212 3145 2575 3218 manifeste
2621 3143 2783 3216 fidei
2824 3143 3061 3215 obviat
3103 3154 3172 3216 et
3219 3144 3458 3234 saluti,
3505 3144 3930 3217 serenitatem

1120 3279 1306 3339 tuam
1355 3288 1675 3359 rogamus
1737 3277 1806 3340 et
1851 3267 2207 3340 hortamur
2257 3278 2516 3341 attente
2564 3278 2906 3362 quatenns
2955 3267 3131 3362 quid
3172 3269 3352 3340 fame
3404 3277 3521 3339 tue
3562 3268 3925 3362 expediat,

1123 3390 1298 3485 quid
1328 3390 1607 3480 honori,
1652 3390 2020 3485 prudenter
2056 3392 2455 3484 attendenS‚
2493 3414 2650 3463 cum
2687 3390 2855 3462 nihil
2887 3391 3021 3462 boc
3057 3400 3237 3463 esset
3267 3390 3462 3464 alind
3502 3412 3714 3484 quam
3766 3413 3936 3486 pro-

1123 3518 1339 3590 fectus
1378 3514 1542 3588 fidei
1580 3516 1948 3610 impedire,
2004 3517 2244 3611 prefati
2296 3518 2479 3610 regis
2525 3528 2841 3612 nepotem
2888 3516 3140 3588 dimitti
3190 3517 3398 3590 facias
3446 3539 3575 3589 nec
3619 3517 3935 3612 impediri

1124 3640 1478 3738 permittas
1523 3640 1894 3734 quominus
1925 3640 2019 3714 ad
2046 3662 2171 3712 nos
2203 3641 2533 3714 accedere
2560 3642 2787 3713 valeat
2811 3641 3026 3714 libere
3056 3663 3139 3713 ac
3170 3662 3435 3714 secure.
3477 3640 3681 3726 Quod
3709 3651 3935 3713 antem

1122 3765 1309 3838 idem
1353 3764 1757 3857 religionem
1797 3764 1966 3837 velit
2006 3786 2356 3838 assumere
2386 3786 2470 3837 ac
2502 3765 2636 3837 alia
2676 3785 2815 3857 que
2851 3766 2941 3839 de
2974 3765 3123 3858 ipso
3166 3765 3345 3837 sicut
3390 3764 3781 3858 accepimus
3822 3776 3939 3838 tue

1123 3888 1582 3982 magnitudini
1614 3897 1778 3960 sunt
1808 3887 2044 3978 relata,
2089 3889 2368 3961 noveris
2405 3888 2681 3983 penitus
2712 3908 2863 3960 esse
2899 3888 3091 3960 falsa.

1218 4015 1464 4085 Datum
1497 4013 1908 4104 Interamne,
1943 4013 2091 4084 V111
2122 4012 2456 4085 kalendas
2482 4012 2668 4104 julii,
2709 4032 2893 4084 anno
2925 4011 3014 4083 X.

2725 4293 3491 4305 ——fflm

814 4574 981 4673 manig
1230 4553 1654 4636 Fridericus
1669 4615 1692 4660 ,
1740 4553 2262 4636 Romanorum
2306 4552 2748 4661 imperator,
2807 4552 2904 4635 de
2956 4550 3404 4634 Lombardis
3456 4545 3944 4658 conqueritur

1123 4712 1454 4798 quorum
1516 4684 1965 4770 rebelliones
2027 4695 2102 4768 et
2168 4683 2487 4794 injurias
2560 4685 2895 4768 seriatim
2957 4691 3306 4790 enarrat,
3344 4692 3419 4765 et
3461 4680 3767 4763 nuntiat
3816 4702 3897 4760 se
3915 4733 3940 4782 ‚
