4500 5956
1167 611 1287 673 792
2163 605 2592 670 munemel
2642 605 2991 670 SECUNDI
3618 603 3776 684 [Anu.
3810 603 3986 669 1235.

1165 765 1371 840 gerue
1421 741 1847 816 Pataviensie
1899 742 2269 839 episeopus
2287 796 2309 835 ,
2366 742 2730 816 Heinricua
2782 739 3240 816 Sekkavensis
3298 738 3667 836 episcopus
3684 791 3705 829 ,
3755 739 3993 814 Siboto

1164 865 1626 963 Augustensis
1660 866 2050 963 episcopua,
2094 865 2508 939 Wenezlaus
2539 887 2670 940 rex
2699 864 3055 956 Bohemie,
3087 861 3528 937 Bernhardus
3563 861 3718 935 dux
3741 862 3991 936 Karin-

1165 989 1343 1082 thie,
1389 991 1617 1086 Raspo
1671 990 2104 1084 lantgravius
2145 989 2553 1083 Thuringie‚
2591 988 3003 1062 Chunradus
3051 1008 3281 1062 eomes
3321 986 3414 1062 de
3447 985 3989 1078 Wazzerburch,

1167 1113 1529 1188 Luitoldue
1579 1112 1667 1187 de
1709 1112 1935 1209 Augia
1956 1167 1977 1206 ,
2018 1111 2368 1188 Alhardus
2399 1112 2835 1207 Proisingen,
2871 1109 3168 1185 Sifridus
3213 1109 3305 1184 de
3350 1109 3765 1204 Wroberch,
3799 1110 3989 1183 Hen-

1166 1240 1349 1312 ricus
1387 1237 1476 1311 de
1514 1236 1945 1330 Hohenrain,
1992 1235 2403 1310 Chunradus
2452 1234 3000 1326 Ouffenhovem‚
3051 1232 3364 1308 Albanus
3410 1233 3503 1308 de
3546 1232 3983 1327 Waringow,

1168 1362 1435 1435 Ulricus
1466 1370 1534 1436 et
1568 1360 1979 1434 Chunradus
2008 1359 2453 1454 Testudiue8‚
2489 1369 2558 1432 et
2588 1360 2704 1432 alii
2740 1359 3212 1454 quamplures.

1264 1483 1436 1558 Acta
1484 1495 1647 1558 sunt
1693 1483 1824 1557 hec
1860 1482 2048 1581 apud
2100 1481 2487 1579 Augustam
2508 1537 2528 1573 ,
2576 1481 2835 1556 ibidem
2882 1480 3274 1579 presidente
3314 1480 3595 1554 feliciter
3641 1477 3992 1554 Friderieo

1167 1607 1565 1705 supradicto
1604 1608 2037 1704 imperatore,
2079 1626 2263 1679 anno
2292 1605 2781 1679 incarnationis
2820 1605 3098 1677 Domini
3126 1603 3583 1696 MCCXXXV,
3617 1602 3995 1677 indictione

1158 1753 1365 1806 nona.

774 2237 1099 2335 ..Ama
1272 2226 1358 2309 In
1403 2225 1597 2307 festo
1651 2223 2022 2310 Omnium
2077 2221 2534 2305 Sanctorum
2585 2222 2996 2332 imperator
3049 2232 3506 2306 conventum
3560 2222 3995 2335 principum

1164 2358 1434 2442 habuit
1477 2359 1684 2467 apud
1728 2357 2186 2467 Augustam.
2235 2354 2369 2439 Ubi
2401 2382 2536 2439 rex
2577 2354 2932 2440 Boemiae
2968 2353 3220 2462 affuit,
3260 2355 3628 2466 recipiens
3681 2355 3784 2439 ab
3834 2357 3998 2437 im-

1161 2502 1510 2602 peratore
1580 2492 1845 2573 decem
1915 2488 2159 2571 millia
2221 2514 2658 2570 marcarum
2722 2513 2864 2596 pro
2925 2497 3141 2596 parte
3207 2486 3524 2571 Sueviae
3575 2513 3775 2597 quae
3819 2488 3998 2598 jure

1161 2622 1665 2708 haereditario
1722 2647 1943 2705 suam
2004 2645 2321 2705 uxorem
2376 2620 2502 2732 (1)
2557 2619 2955 2729 contingit.
3002 2666 3112 2683 -
3148 2618 3468 2703 Gomara.
3531 2619 3796 2704 Coton.
3860 2647 3989 2730 ap.

1158 2755 1544 2861 Boanum,
1583 2760 1879 2849 Fontes,
1927 2763 1985 2835 t.
2029 2751 2132 2855 Π,
2176 2778 2256 2862 p.
2299 2751 2486 2835 568.

1586 3074 1965 3089 ν*

814 3375 1060 3473 iffi:
1271 3354 1330 3438 F
1332 3353 1740 3458 ridericuS,
1788 3350 2316 3435 Romanorum
2375 3350 2829 3460 imperator,
2880 3351 3320 3435 Hermanno
3381 3352 3752 3462 magistro
3803 3354 4002 3438 hos-

1168 3485 1424 3596 pitalis
1468 3484 1789 3567 Sanctae
1823 3482 2107 3566 Mariae
2141 3481 2787 3564 Theutonicorum
2822 3482 2904 3562 in
2948 3480 3364 3566 Jerusalem
3400 3483 3906 3596 donationem,
3924 3495 4002 3567 et

1172 3618 1686 3702 venditionem
1753 3614 2269 3723 quorumdam
2336 3612 2718 3696 bonorum
2817 3614 3103 3698 ibidem
3182 3642 3714 3725 expressorum
3805 3618 4006 3701 inter

1170 3753 1494 3836 domum
1529 3746 1881 3831 eamdem
1918 3772 2011 3830 ex
2055 3771 2212 3829 una
2255 3754 2472 3853 parte
2509 3755 2738 3856 atque
2779 3746 3291 3832 Bertrandum
3334 3749 3670 3833 Porcelet
3711 3760 3788 3833 et
3819 3749 4000 3832 Isa-

1173 3883 1459 3967 bellam
1504 3906 1820 3966 uxorem
1864 3879 1930 3990 ej
1939 3905 2031 3962 us
2066 3905 2159 3962 ex
2199 3878 2436 3961 altera
2459 3939 2483 3983 ,
2535 3903 2795 3962 coram
2831 3879 3198 3964 Riecardo
3230 3880 3289 3964 F
3291 3882 3659 3993 ilangerio
3702 3893 3886 3966 tunc
3919 3884 4003 3965 in

1174 4016 1520 4127 partibus
1558 4013 1820 4125 Syriae
1854 4011 2229 4120 imperiali
2267 4011 2522 4123 legato
2556 4011 2868 4116 factam,
2918 4021 3166 4095 ratam
3192 4012 3424 4096 habet
3457 4024 3534 4098 et
3564 4015 3995 4100 confirmat.

1342 4228 1550 4307 (Edid.
1578 4227 1970 4295 Summam,
2015 4227 2279 4287 Monam.
2310 4222 2547 4297 Zoller„
2578 4233 2635 4285 1·
2661 4241 2830 4303 para,
2857 4242 2920 4303 p.
2952 4233 3051 4300 463
3083 4226 3213 4287 coll.
3253 4243 3391 4287 cum
3418 4226 3588 4306 copta
3619 4228 3892 4291 authent.
3933 4231 4003 4290 tn

1414 4334 1579 4394 arch.
1614 4332 1929 4411 stuttgart.
1958 4339 2019 4393 et
2042 4349 2178 4394 cum
2202 4333 2354 4393 libro
2381 4333 2593 4411 copiall
2619 4332 2751 4394 ord.
2776 4333 3069 4395 Theuton.
3098 4336 3162 4395 in
3199 4333 3442 4397 archivo
3468 4336 3758 4410 Berolin.)

1253 4621 1318 4695 (t)
1356 4619 1570 4678 Scilicet
1591 4619 2113 4695 Cunegundie‚'quae
2138 4623 2296 4679 etiam
2331 4622 2634 4696 catherina,
2661 4623 2895 4681 secunda
2920 4622 3152 4697 Philippi
3177 4623 3534 4681 Romanorum
3560 4622 3830 4696 quondam
3861 4620 4009 4694 regis

1172 4718 1301 4777 filia.
