4500 5956
1090 589 1210 651 710
2123 589 2468 652 HENRICI
2518 588 2853 651 SEP'rml
3536 585 3694 666 [Anu.
3730 584 3907 647 1234.

1086 724 1318 798 edicto
1346 745 1627 819 prorsus
1657 723 1746 795 ab
1780 721 2025 795 eodem
2042 723 2456 814 eximimus;
2491 732 2871 798 statuentes
2899 745 2990 796 ne
3015 743 3326 816 unquam
3349 721 3582 815 aliqua
3614 741 3909 816 persona

1085 845 1546 923 ecclesiastica
1574 848 1684 919 vel
1723 847 2050 919 secularis
2082 868 2291 941 super
2322 846 2456 920 hoc
2493 869 2613 921 eos
2646 848 2970 921 infestare
3001 855 3386 941 attemptet,
3431 845 3582 917 sive
3625 844 3699 915 in
3734 843 3904 915 civi·

1092 980 1230 1044 tate
1254 972 1404 1043 sive
1434 978 1629 1041 extra
1659 969 1749 1041 sit
1773 970 2160 1042 constituta.
2185 970 2500 1043 Preterea
2535 993 2662 1045 nos
2690 992 2814 1067 per
2830 970 3064 1044 omnia
3081 976 3453 1063 sequentes
3472 966 3908 1062 privilegium

1090 1095 1334 1192 prefati
1397 1094 1824 1188 imperatoris
1875 1094 2150 1166 Henrici
2183 1093 2696 1189 predecessoris
2737 1094 2948 1166 nostri
2968 1148 2989 1186 ,
3047 1092 3329 1166 eosdem
3373 1091 3564 1165 cives
3595 1091 3685 1162 ab
3718 1090 3909 1162 omni

1091 1219 1406 1291 theloneo
1434 1215 1628 1310 quod
1666 1217 1735 1287 in
1758 1217 2033 1290 civitate
2055 1227 2222 1289 tunc
2253 1218 2578 1313 temporis
2597 1218 2748 1291 dari
2780 1218 3044 1292 solebat
3074 1217 3328 1289 liberos
3352 1215 3744 1307 statuimus,
3778 1223 3847 1288 et
3867 1237 3909 1286 a

1089 1341 1427 1415 solutione
1444 1362 1882 1412 nummorum
1902 1362 2080 1435 quos
2102 1343 2319 1436 vulgo
2331 1341 2880 1437 Banphenninge
2897 1352 2968 1415 et
2984 1342 3255 1414 illorum
3275 1361 3450 1434 quos
3466 1337 3911 1433 Schozphen-

1095 1465 1304 1560 ninge
1337 1465 1857 1559 appellaverunt
1873 1474 1942 1537 et
1960 1465 2220 1560 piperis
2237 1464 2428 1558 quod
2451 1446 2541 1539 de
2561 1465 2861 1538 navibus
2886 1465 3078 1560 exigi
3107 1465 3396 1555 solebat,
3422 1485 3542 1536 eos
3565 1463 3912 1535 absolutos

1088 1588 1640 1686 pronuntiamus.
1690 1588 2026 1660 Volumus
2070 1590 2274 1661 etiam
2327 1599 2406 1661 ut
2453 1591 2686 1661 nullus
2729 1589 2988 1662 civium
3032 1587 3434 1661 eorumdem
3482 1596 3680 1659 extra
3721 1586 3912 1658 urbis

1095 1713 1429 1785 ambitum
1460 1710 1779 1784 advocati
1815 1711 1926 1782 sui
1965 1712 2292 1805 placitum
2321 1722 2612 1806 cogatur
2637 1713 3009 1807 requirere.
3057 1712 3393 1784 Volumus
3420 1711 3627 1784 etiam
3651 1720 3732 1781 ut
3755 1710 3912 1781 nul-

1090 1837 1199 1907 lus
1235 1834 1494 1906 civium
1541 1834 1843 1927 ipsorum
1889 1835 2096 1905 alicui
2149 1836 2495 1909 exactioni
2540 1846 2737 1908 extra
2779 1836 3125 1908 civitatem
3166 1838 3339 1908 facte
3381 1833 3471 1907 de
3512 1835 3723 1907 rebus
3767 1833 3912 1905 suis

1089 1957 1461 2030 mobilibus
1484 1957 1596 2029 vel
1626 1957 2091 2029 immobilibus
2119 1959 2471 2050 subJaceat
2489 2014 2508 2051 ,
2547 1961 2780 2032 nullus
2802 1961 3143 2055 prefectus
3172 1967 3296 2030 aut
3328 1958 3620 2050 alicujus
3650 1955 3910 2029 domini

1090 2081 1388 2152 nuncius
1420 2080 1511 2152 ad
1550 2080 1903 2152 servitium
1952 2083 2217 2154 domini
2268 2084 2377 2155 sui
2422 2105 2465 2156 a
2502 2082 2914 2179 panificibus
2950 2085 3059 2155 vel
3111 2105 3154 2155 a
3203 2080 3609 2155 macellariis
3653 2101 3779 2153 seu
3824 2079 3914 2152 ab

1091 2205 1323 2297 aliquo
1353 2224 1603 2298 genere
1629 2203 1982 2276 hominum
2017 2207 2087 2276 in
2127 2208 2408 2280 civitate
2436 2230 2586 2280 rem
2611 2208 2913 2302 aliquam
2942 2206 3269 2280 mobilem
3300 2207 3414 2279 vel
3448 2227 3600 2279 sese
3631 2226 3914 2278 moven-

1090 2337 1226 2398 tem
1263 2336 1611 2421 presumat
1648 2328 1783 2401 illis
1815 2329 2055 2401 invitis
2082 2331 2377 2404 auferre.
2413 2332 2660 2404 Nullus
2690 2354 2999 2427 unquam
3031 2332 3273 2404 vinum
3305 2331 3497 2426 quod
3535 2329 3917 2426 appellatur

1088 2450 1372 2524 banwin
1427 2460 1781 2546 presumat
1832 2451 2139 2525 vendere
2181 2462 2303 2525 aut
2337 2454 2630 2548 alicujus
2676 2456 2850 2529 civis
2895 2456 3127 2529 navim
3165 2454 3257 2528 ad
3297 2476 3476 2551 opus
3504 2454 3615 2526 sui
3652 2452 3912 2527 domini

1090 2575 1205 2648 illo
1238 2575 1456 2647 invito
1497 2575 1832 2670 accipere.
1878 2578 2264 2649 Statuentes
2294 2599 2576 2673 quoque
2617 2588 2696 2650 ut
2740 2579 2831 2651 ab
2869 2580 2956 2651 iis
2989 2579 3113 2674 qui
3148 2600 3257 2651 res
3288 2578 3605 2674 proprias
3625 2576 3916 2672 propriis

1085 2701 1234 2774 sive
1279 2698 1641 2773 conductis
1690 2700 1991 2772 navibus
2037 2701 2520 2792 transvehunt,
2569 2703 2779 2776 nichil
2822 2705 3102 2776 omnino
3156 2703 3513 2796 exigatur,
3569 2710 3913 2773 monetam

1086 2846 1367 2920 quoque
1399 2824 1588 2896 nulla
1619 2832 1916 2918 potestas
1943 2824 2013 2894 in
2033 2826 2255 2898 levius
2282 2836 2404 2898 aut
2433 2828 2504 2898 in
2525 2827 2828 2901 deterius
2855 2828 3211 2899 imminuat
3244 2836 3365 2900 aut
3399 2827 3629 2920 aliqua
3658 2825 3918 2897 ratione

1091 2948 1227 3021 nisi
1262 2947 1612 3022 communi
1640 2947 1902 3020 civium
1951 2949 2239 3023 consilio
2276 2959 2641 3046 permutet.
2683 2950 2929 3024 Nullus
2962 2951 3052 3023 ab
3087 2952 3189 3023 eis
3232 2950 3610 3024 thelonium
3656 2950 3727 3021 in
3778 2957 3916 3022 toto

1093 3072 1488 3166 episcopatu
1520 3079 1644 3142 aut
1683 3072 1755 3142 in
1791 3072 1959 3145 locis
1991 3072 2368 3166 fiscalibus,
2411 3075 2482 3146 id
2529 3084 2636 3146 est
2669 3074 2762 3148 ad
2794 3075 3154 3147 utilitatem
3178 3075 3445 3170 imperii
3478 3074 3918 3169 singulariter

1097 3192 1622 3290 pertinentibuS,
1663 3203 2096 3290 extorqueat.
2137 3196 2209 3269 Si
2243 3198 2403 3290 quis
2435 3207 2697 3271 curtem
2718 3207 2840 3270 aut
2870 3199 3155 3271 domum
3182 3221 3307 3294 per
3336 3220 3597 3270 annum
3632 3208 3700 3269 et
3729 3197 3915 3271 diem

1096 3318 1248 3390 sine
1279 3314 1818 3390 contradictione
1846 3319 2263 3414 possederit,
2308 3321 2478 3392 nulli
2513 3323 2644 3394 hoc
2670 3323 2939 3395 interim
2970 3322 3211 3395 scienti
3246 3324 3419 3394 ultra
3444 3321 3610 3394 inde
3637 3342 3918 3416 respon-

1100 3440 1281 3513 deat.
1326 3439 1616 3512 Causam
1652 3440 1724 3511 in
1763 3441 2042 3514 civitate
2062 3444 2205 3533 jam
2234 3443 2352 3515 lite
2379 3455 2823 3519 contestatam
2853 3467 2989 3519 non
3013 3447 3380 3542 episcopus
3393 3456 3513 3518 aut
3530 3446 3760 3539 aliqua
3786 3465 3919 3539 po-

1099 3574 1308 3639 testas
1343 3574 1539 3637 extra
1564 3564 1914 3638 civitatem
1939 3565 2380 3640 determinari
2403 3570 2789 3665 compellat.
2825 3569 3199 3663 Argentine
3221 3570 3611 3643 theloneum
3636 3570 3728 3641 de
3752 3567 3917 3640 navi

1094 3711 1235 3761 non
1266 3689 1415 3783 plus
1447 3710 1655 3782 quam
1685 3687 2012 3761 tredecim
2048 3689 2367 3763 denarios
2395 3691 2560 3766 dare
2586 3703 2940 3788 cogantur.
2974 3693 3064 3766 Ut
3093 3704 3325 3766 antem
3356 3694 3486 3766 hec
3516 3700 3744 3766 nostre
3767 3714 3916 3764 ma-

1089 3813 1356 3906 jestatis
1383 3811 1808 3885 confirmatio
1827 3813 1896 3883 in
1925 3836 2130 3887 omne
2151 3836 2361 3887 evum
2390 3826 2538 3889 rata
2561 3825 2631 3890 et
2648 3818 3057 3890 inconvulsa
3079 3828 3499 3914 permaneat,
3532 3826 3918 3913 presentem

1096 3917 1421 4032 paginam
1470 3937 1807 4009 conscribi
1840 3938 2175 4029 jussimus
2228 3949 2296 4011 et
2347 3941 2553 4033 sigilli
2593 3942 2805 4013 nostri
2845 3942 3294 4037 impressione
3342 3941 3786 4014 corroborari.
3845 3938 3917 4011 Si

1097 4061 1259 4156 quis
1281 4082 1447 4133 vero
1483 4080 1657 4132 ausu
1698 4062 2060 4134 temerario
2087 4084 2238 4136 eam
2266 4065 2757 4160 presumpserit
2777 4064 3037 4138 violare
3067 4067 3179 4138 vel
3209 4067 3439 4159 aliquo
3464 4063 3671 4137 modo
3697 4073 3918 4135 atten-

1103 4195 1276 4272 tare,
1319 4195 1593 4257 centum
1638 4185 1845 4258 libras
1875 4186 2025 4258 auri
2064 4188 2215 4282 puri
2262 4210 2382 4282 pro
2414 4210 2596 4283 pena
2639 4187 2808 4262 fisco
2847 4190 3220 4285 imperialis
3255 4189 3523 4261 camere
3548 4189 3911 4284 persolvat.

1195 4310 1415 4400 Hujus
1441 4309 1536 4380 rei
1561 4319 1765 4381 testes
1787 4319 1950 4381 sunt
1982 4337 1998 4380 ε
2040 4310 2392 4406 Philippus
2417 4312 2838 4385 Coloniensis
2868 4314 3448 4409 archiepiscopuS,
3488 4313 3920 4383 Hermannus

1102 4432 1656 4505 Monasteriensis
1693 4433 2092 4529 episcopus,
2144 4436 2476 4508 Rodolfus
2520 4436 2894 4532 imperialis
2940 4439 3097 4510 aule
3136 4437 3715 4532 prothonotarius,
3767 4435 3919 4508 Bal-

1103 4554 1428 4628 dewinus
1475 4556 1924 4648 Trajectensis
1970 4558 2373 4653 episcopuS,
2429 4561 2789 4633 Heinricus
2843 4563 3060 4654 major
3103 4563 3488 4657 prepositus
3533 4562 3911 4657 Spirensis,

1097 4679 1444 4752 Johannes
1472 4681 1855 4775 prepositus
1880 4683 2110 4753 Sancti
2140 4682 2493 4777 Germani,
2537 4684 2852 4758 Andreas
2886 4686 3214 4780 magister
3250 4686 3632 4777 scolarum,
3667 4685 3921 4759 Johan-
