4500 5956
1107 606 1224 666 ’168
2115 611 2544 672 nmmum
2595 610 2945 672 SECUNDI
3544 609 3706 689 [Ams.
3745 610 3914 670 1235.

1102 741 1431 811 innovare
1470 751 1538 812 et
1575 742 1980 817 confirmare
2026 744 2116 818 de
2172 756 2402 819 nostra
2434 747 2651 841 gratia
2686 746 3174 839 dignaremur3
3227 747 3430 838 cnjus
3460 745 3692 840 scripti
3727 754 3919 817 tenor

1099 862 1253 932 talis
1280 871 1427 933 est:

1197 1114 1559 1186 Heinricus
1594 1123 1868 1204 sextus,
1927 1114 2165 1189 divina
2200 1118 2477 1189 favente
2521 1117 2876 1191 clementia
2923 1118 3386 1190 Romanorum
3439 1117 3814 1213 imperator
3841 1129 3911 1189 et-

1099 1258 1369 1333 semper
1399 1249 1739 1331 augustus
1782 1248 1850 1311 et
1882 1260 2010 1311 rex
2042 1239 2301 1313 Sicilie.
2362 1240 2532 1312 Cum
2584 1242 2903 1314 ecclesias
2941 1241 3063 1313 Dei
3111 1250 3183 1313 et
3226 1241 3380 1314 loca
3415 1239 3657 1313 divino
3690 1242 3903 1312 cultui

1093 1363 1480 1457 mancipata
1513 1362 1955 1455 benignitatis
1989 1375 2218 1436 nostre
2250 1365 2494 1436 favore
2528 1365 2898 1437 clementer
2935 1363 3345 1460 respicimus
3391 1373 3463 1437 et
3504 1365 3692 1437 viros
3733 1363 3907 1435 reli—

1093 1486 1323 1579 giosos
1348 1485 1420 1555 in
1458 1485 1743 1578 imperio
1780 1496 2009 1559 nostro
2044 1509 2086 1558 a
2121 1487 2461 1560 theloneis
2494 1497 2615 1560 aut
2644 1489 2798 1560 aliis
2825 1488 3120 1583 publicis
3147 1487 3626 1560 exactionibus
3656 1486 3908 1559 liberos

1088 1619 1156 1680 et
1191 1609 1542 1679 absolutos
1579 1608 2092 1700 constituimuS,
2134 1609 2224 1684 ad
2259 1610 2593 1704 presentis
2620 1611 2761 1683 vite
2787 1631 3066 1681 cursum
3094 1609 3464 1682 feliciorem
3489 1619 3561 1680 et
3578 1609 3668 1679 ad
3687 1611 3900 1680 eterni

1086 1730 1328 1824 premii
1363 1731 1879 1803 retributionem
1909 1732 2109 1804 nobis
2141 1732 2215 1804 id
2244 1734 2680 1828 profuturum
2698 1755 2837 1806 non
2856 1733 3281 1805 dubitamus.
3313 1732 3645 1805 Noverint
3672 1734 3904 1825 itaque

1085 1854 1391 1925 universi
1420 1853 1685 1947 imperii
1715 1855 1926 1926 nostri
1957 1854 2198 1928 fideles
2222 1865 2359 1927 tam
2384 1857 2598 1927 futuri
2626 1878 2836 1951 quam
2868 1866 3219 1952 presentes
3236 1855 3429 1950 quod
3456 1877 3608 1947 nos,
3642 1856 3895 1929 intuitu

1086 1975 1306 2049 divini
1338 1978 1590 2048 amoris
1627 1988 1694 2049 et
1731 1979 1821 2049 ob
1856 1999 2049 2073 spem
2075 1989 2311 2050 eterne
2347 1979 2848 2070 retributionis,
2888 1980 3075 2052 viros
3106 1979 3532 2053 venerabiles
3554 1981 3794 2050 fratres
3809 1979 3899 2051 de

1076 2101 1308 2173 Monte
1338 2101 1565 2173 Veteri
1594 2101 1686 2173 ab
1718 2103 1904 2174 omni
1932 2101 2246 2175 theloneo
2271 2111 2407 2174 tam
2444 2103 2515 2174 in
2540 2113 2714 2175 terra
2737 2124 2948 2196 quam
2982 2104 3053 2174 in
3085 2124 3269 2197 aqua
3299 2110 3628 2197 perpetuo
3649 2102 3896 2175 liberos

1073 2244 1226 2295 aese
1254 2224 1576 2295 volumus
1608 2234 1677 2295 et
1712 2224 1993 2295 omnino
2026 2225 2412 2317 absolutOS,
2463 2225 2553 2298 de
2595 2226 2940 2299 universis
2974 2227 3236 2299 scilicet
3284 2226 3625 2298 fructibus
3653 2246 3890 2297 eorum

1070 2347 1191 2441 qni
1228 2345 1328 2418 eis
1374 2346 1464 2418 de
1514 2348 1709 2418 terris
1757 2347 2062 2440 ipsorum
2110 2357 2179 2419 et
2223 2348 2496 2421 allodiis
2540 2352 2892 2422 annuatim
2946 2351 3166 2423 solent
3201 2350 3590 2445 provenire.
3656 2350 3894 2443 Itaque

1069 2470 1482 2543 mandamus
1535 2479 1604 2543 et
1646 2470 2065 2565 precipimus
2111 2472 2454 2545 universis
2504 2473 2937 2545 theloneariis
2980 2474 3228 2545 nostris
3278 2482 3350 2546 et
3403 2472 3719 2545 officiatis
3769 2474 3892 2567 qui

1066 2616 1254 2666 nunc
1269 2605 1430 2666 sunt
1452 2604 1573 2667 aut
1594 2617 1719 2689 pro
1749 2605 2051 2689 tempore
2082 2597 2366 2688 suerint,
2406 2606 2483 2667 ut
2509 2598 2741 2670 nullus
2771 2619 3008 2669 eorum
3039 2597 3323 2693 aliquod
3356 2597 3636 2669 omnino
3668 2597 3888 2669 thelo-

1063 2741 1298 2811 neum,
1336 2729 1417 2791 nt
1452 2719 1714 2791 dictum
1744 2729 1874 2807 est,
1916 2741 1957 2790 a
1994 2718 2321 2813 predictis
2354 2720 2679 2792 fratribus
2703 2722 2985 2814 exigere
3017 2721 3272 2793 audeat
3303 2721 3413 2793 vel
3448 2721 3763 2815 accipere
3797 2720 3889 2793 de

1063 2842 1273 2915 rebus
1307 2842 1630 2915 videlicet
1661 2843 2175 2937 prenominatis,
2201 2842 2286 2916 Ut
2315 2852 2543 2915 autem
2571 2843 2942 2917 hecnostre
2965 2845 3386 2916 liberalitatis
3419 2843 3885 2916 munificentia

1060 2980 1208 3040 rata
1256 2978 1588 3063 perpetuo
1650 2977 1720 3038 et
1792 2967 2201 3039 inconvulsa
2259 2967 2586 3062 predictis
2629 2969 2949 3040 fratribus
2991 2969 3434 3055 observetur,
3493 2980 3883 3063 presentem

1060 3089 1320 3161 exinde
1353 3090 1676 3183 paginam
1705 3088 2042 3161 conscribi
2072 3098 2143 3160 et
2166 3100 2396 3162 nostre
2425 3092 2798 3182 majestatis
2830 3089 3058 3182 sigillo
3082 3090 3419 3183 jussimus
3441 3091 3870 3163 communiri.

1058 3212 1435 3284 Statuimus
1478 3235 1643 3306 ergo
1683 3221 1761 3283 ut
1805 3213 2039 3284 nullus
2082 3213 2367 3285 omnino
2397 3224 2629 3287 contra
2671 3214 2803 3287 hoc
2838 3214 3240 3287 mandatum
3289 3226 3600 3286 nostrum
3644 3216 3879 3287 venire

1058 3335 1316 3409 audeat
1341 3335 1454 3407 vel
1470 3337 1697 3429 ipsum
1723 3336 1959 3428 aliquo
1989 3334 2196 3407 modo
2214 3346 2567 3430 presumat
2594 3338 2875 3411 violare.
2905 3338 3106 3424 Quod
3135 3338 3256 3433 qui
3289 3339 3508 3409 facere
3524 3359 3876 3433 presump-

1051 3462 1242 3552 serit,
1289 3469 1518 3531 nostre
1539 3459 1913 3551 majestatis
1943 3458 2490 3552 indignationem
2525 3484 2600 3534 se
2634 3483 2771 3534 non
2804 3462 3075 3535 dubitet
3109 3463 3574 3534 incursurum.

1152 3585 1324 3655 Data
1358 3581 1550 3677 apud
1582 3583 2005 3675 Magnntiam
2030 3636 2050 3672 ,
2080 3605 2264 3654 anno
2291 3584 2565 3656 Domini
2593 3585 2889 3659 MCXCV
2904 3639 2924 3677 ,
2968 3586 3342 3658 indictione
3373 3586 3563 3676 XIII,
3607 3585 3731 3656 XV
3757 3585 3874 3656 ka·

1051 3705 1288 3777 lendas
1321 3704 1741 3776 novembris.

1145 3830 1282 3900 Nos
1331 3829 1544 3921 igitur
1592 3827 1812 3923 ipsius
1862 3827 2134 3902 abbatis
2171 3827 2789 3923 supplicationibus
2831 3830 3173 3917 inclinati,
3227 3830 3317 3902 de
3342 3830 3620 3922 speciali
3656 3830 3868 3922 gratia

1048 3963 1277 4023 nostra
1313 3952 1701 4046 predictum
1740 3951 2182 4047 privilegium
2215 3953 2429 4048 patris
2461 3953 2672 4024 nostri
2696 3961 2766 4026 et
2791 3975 2874 4028 ea
2905 3953 3137 4025 omnia
3158 3975 3295 4047 que
3331 3953 3763 4025 continentur
3795 3954 3864 4024 in

1044 4076 1194 4170 ipso
1231 4076 1563 4148 duximus
1600 4073 2113 4169 confirmanda3
2155 4085 2534 4149 statuentes
2557 4085 2635 4146 ut
2663 4076 2851 4147 nulla
2883 4096 3174 4170 persona
3200 4076 3288 4147 sit
3318 4098 3456 4169 que
3483 4076 3863 4171 predictum

1042 4198 1364 4271 abbatem
1394 4200 1504 4270 vel
1538 4200 1776 4271 fratres
1815 4222 1979 4271 suos
2011 4210 2248 4272 contra
2285 4199 2795 4270 concessionem
2825 4198 3091 4270 domini
3130 4200 3342 4294 patris
3377 4200 3584 4272 nostri
3615 4215 3685 4272 et
3710 4222 3866 4295 pre-

1040 4331 1305 4394 sentem
1331 4321 1916 4395 confirmationem
1941 4333 2245 4396 nostram
2286 4321 2542 4396 audeat
2574 4325 2960 4395 molestare.
2994 4323 3197 4408 Quod
3220 4325 3342 4417 qui
3381 4323 3868 4418 presumpserit

1041 4444 1585 4537 indignationem
1624 4446 1835 4517 nostri
1870 4446 2192 4518 culminis
2226 4468 2303 4518 se
2335 4446 2605 4519 noverit
2628 4447 3019 4519 incurrisse.
3054 4445 3167 4518 Ad
3199 4447 3407 4537 hujus
3442 4447 3678 4539 itaque
3702 4467 3867 4518 con-

1038 4565 1444 4639 firmationis
1461 4577 1691 4640 nostre
1708 4570 2110 4641 memoriam
2127 4578 2197 4644 et
2215 4569 2428 4642 robur
2444 4579 2780 4665 perpetuo
2795 4571 3198 4661 valiturum,
3224 4591 3515 4664 presens
3531 4571 3860 4666 scriptum

1037 4689 1184 4762 fieri
1217 4700 1283 4762 et
1320 4690 1547 4784 sigillo
1580 4692 1955 4783 majestatis
1987 4704 2215 4767 nostre
2232 4694 2573 4786 jussimus
2602 4695 3031 4767 communiri.
