4500 5956
1065 598 1188 661 576
2107 593 2451 654 flitmum
2507 592 2844 654 snrrml
3511 594 3675 671 [An.
3716 594 3892 656 1232.

1070 733 1351 828 quinta,
1412 738 1742 823 regnante
1792 727 2085 801 Henrico
2133 729 2287 819 VII,
2344 730 2802 804 Romanorum
2852 749 3017 822 rege
3066 727 3398 822 glorioso,
3461 750 3645 802 anno
3698 731 3896 825 regni

1076 854 1282 955 [ejus]
1318 854 1440 926 XI.

1169 982 1419 1052 Datum
1446 976 1634 1074 apud
1658 978 2039 1070 Hagenaw.

800 1549 832 1593 Δ
869 1547 1040 1655 ,ξω
1190 1528 1596 1636 HenricuS,
1653 1527 2174 1611 Romanorum
2245 1551 2382 1608 rex
2396 1585 2420 1631 ,
2487 1523 2890 1607 canonicos
2951 1533 3027 1606 et
3095 1524 3535 1609 universum
3606 1529 3902 1613 clerum

729 1658 776 1701 ²⁶
795 1655 989 1709 ⁸⁰⁸⁰⁸“·
1085 1660 1443 1742 ecclesiae
1486 1658 1863 1768 Aquensis
1918 1658 2063 1741 sub
2108 1683 2249 1739 sua
2293 1656 2597 1765 speciali
2649 1656 3108 1765 protectione
3158 1659 3421 1768 recipit
3441 1721 3464 1766 ,
3522 1669 3599 1742 et
3643 1663 3900 1746 advo-

1099 1802 1305 1900 cato,
1358 1791 1714 1899 sculteto,
1764 1790 2131 1898 scabinis,
2185 1787 2847 1899 burgensibusque
2900 1788 3385 1898 Aquensibus
3435 1793 3755 1875 mandat
3803 1820 3904 1879 ne

1090 1925 1266 2009 illos
1300 1925 1381 2006 in
1416 1930 1757 2034 personis
1793 1933 1927 2006 aut
1960 1923 2190 2006 rebus
2223 1922 2629 2005 molestare
2661 1931 3177 2031 praesumant.

1257 2139 1455 2218 (Edid.
1485 2139 1872 2212 Lacona-r,
1899 2134 2401 2219 Urkundenb.fiir
2423 2136 2516 2199 die
2546 2135 2741 2201 Gescla.
2771 2135 2868 2199 dee
2889 2135 3218 2215 Μῶα-νῆν
3242 2155 3357 2202 zw,
3376 2139 3568 2216 Bana,
3602 2158 3663 2219 p.
3697 2143 3822 2219 93.)

1191 2328 1275 2398 Η.
1300 2380 1323 2417 ,
1376 2324 1500 2397 Dei
1552 2325 1770 2419 gratia
1820 2325 2278 2398 Romanorum
2331 2345 2459 2397 rex
2514 2332 2585 2397 et
2641 2343 2911 2419 semper
2959 2331 3336 2418 augustus,
3386 2322 3710 2399 fidelibus
3758 2328 3908 2401 suis

1066 2447 1465 2539 advocate,
1505 2450 1825 2540 scultet0,
1862 2446 2162 2520 scabinis
2195 2455 2265 2520 et
2298 2447 2729 2521 universitati
2778 2447 3230 2541 burgensium
3263 2447 3690 2542 Aquensium
3729 2471 3908 2525 nec—

1092 2594 1233 2645 non
1297 2571 1621 2645 omnibus
1709 2592 1988 2666 presens
2060 2570 2395 2665 scriptum
2453 2570 2880 2642 intuentibus
2955 2571 3244 2664 gratiam
3307 2593 3506 2643 suam
3574 2582 3645 2645 et
3702 2594 3908 2648 omne

1092 2697 1379 2770 bonum.
1429 2694 1599 2767 Cum
1649 2695 1944 2788 regalem
1994 2702 2299 2766 nostram
2344 2692 2588 2766 deceat
2629 2694 3051 2785 majestatem
3096 2693 3407 2767 omnium
3455 2697 3907 2770 ecclesiarum

1094 2820 1370 2893 utilitati
1426 2818 1855 2914 prospicere,
1911 2815 2472 2911 recognoscendo
2528 2815 2927 2912 profitemur
2981 2816 3175 2911 quod
3225 2817 3516 2891 ecclesie
3564 2817 3911 2914 Aquensis

1097 2945 1507 3043 promotioni
1556 2943 1921 3039 specialius
1994 2952 2310 3016 tenemur
2382 2940 2736 3016 intendere
2757 2994 2779 3034 ,
2846 2949 2926 3013 ut
2978 2941 3158 3014 sicut
3198 2962 3243 3014 a
3296 2940 3606 3036 piissimo
3659 2943 3910 3019 Karolo

1102 3070 1417 3155 fundata,
1454 3069 1544 3142 ab
1594 3067 2137 3141 antecessoribus
2186 3066 2437 3139 nostris
2471 3064 2586 3160 pie
2620 3076 2928 3159 promota
2975 3074 3045 3138 et
3076 3087 3301 3160 usque
3336 3065 3431 3139 ad
3465 3088 3593 3140 nos
3629 3077 3915 3163 paterne

1105 3192 1455 3266 defensata
1500 3191 1776 3285 speciali
1829 3187 2089 3284 gaudet
2136 3189 2530 3284 privilegio,
2579 3189 2681 3261 sic
2736 3197 2806 3261 et
2847 3197 3077 3262 nostre
3121 3190 3569 3284 protectionis
3620 3191 3915 3266 deside-

1101 3306 1251 3390 rato
1297 3315 1430 3388 sibi
1466 3312 1769 3409 gaudeat
1805 3313 2071 3386 solatio.
2114 3314 2256 3385 Nos
2297 3312 2540 3407 igitur,
2583 3310 2676 3384 ad
2705 3312 3151 3386 imitationem
3199 3314 3616 3386 serenissimi
3649 3315 3911 3390 domiui

1105 3443 1178 3513 F.
1222 3442 1685 3513 Romanorum
1723 3437 2152 3532 imperatoris
2202 3436 2656 3532 progenitoris
2708 3436 2959 3527 nostri,
2993 3435 3286 3510 eandem
3335 3439 3693 3512 ecclesiam
3710 3494 3732 3534 ,
3787 3462 3914 3514 ca-

1099 3563 1384 3637 nonicos
1430 3571 1500 3635 et
1536 3561 1941 3634 universum
1972 3562 2231 3632 clerum
2267 3559 2400 3632 sub
2446 3568 2676 3633 nostra
2716 3559 2996 3655 speciali
3030 3560 3448 3655 protectione
3494 3562 3904 3657 recipimus;

1101 3689 1176 3760 in
1223 3708 1308 3760 ea
1350 3708 1492 3781 qua
1539 3684 1739 3757 nobis
1785 3684 2111 3757 tenemini
2165 3683 2498 3756 fidelitate
2545 3681 2829 3772 firmiter
2859 3683 3298 3777 injungentes
3339 3693 3410 3757 et
3457 3686 3591 3758 sub
3626 3688 3913 3761 obtentu

1102 3811 1320 3908 gratie
1353 3819 1587 3885 nostre
1629 3808 1928 3882 districte
1965 3807 2418 3903 precipientes
2470 3828 2560 3878 ne
2605 3806 2764 3901 quis
2796 3815 3102 3879 vestrum
3146 3827 3265 3880 eos
3307 3808 3525 3881 verbo
3554 3810 3669 3882 vel
3705 3812 3906 3903 facto,

1098 3937 1172 4008 in
1209 3935 1518 4032 personis
1561 3942 1683 4005 aut
1723 3933 1931 4005 rebus
1967 3939 2316 4027 presumat
2359 3930 2720 4004 molestare
2738 3982 2758 4021 ,
2799 3929 2924 4002 sed
2968 3929 3298 4003 honorem
3344 3941 3411 4004 et
3456 3935 3913 4007 reverentiam

1098 4082 1312 4152 quam
1348 4058 1547 4131 decet
1581 4078 1707 4152 pro
1742 4076 1943 4151 posse
1979 4064 2211 4129 vestro
2240 4054 2572 4128 studeatis
2626 4050 3028 4148 impendere
3060 4052 3347 4126 eisdem.
3386 4054 3456 4126 Si
3491 4056 3652 4149 quis
3684 4066 3914 4130 autem

1104 4193 1407 4253 vestrum
1463 4189 1620 4275 post
1684 4187 2113 4274 prenotatam
2176 4187 2484 4251 nostrum
2553 4174 2954 4249 mandatum
3011 4197 3192 4248 ausu
3254 4180 3617 4253 temerario
3683 4190 3919 4254 eontra

1103 4310 1515 4376 memoratos
1558 4310 1825 4374 nostros
1876 4302 2312 4396 cappellanos
2351 4310 2420 4374 et
2466 4300 2726 4372 clerum
2774 4301 3266 4396 presumpserit
3311 4302 3578 4396 aliquid
3614 4312 3918 4399 attemp-

1102 4438 1283 4518 tare,
1349 4446 1631 4519 gravem
1679 4423 2007 4496 offensam
2061 4433 2132 4496 et
2177 4422 2719 4517 indignationem
2778 4431 3007 4497 nostre
3053 4424 3475 4499 celsitudinis
3526 4448 3604 4500 se
3654 4428 3924 4501 noverit

1106 4550 1497 4623 incurrisse.
1556 4548 1642 4621 Et
1696 4568 1824 4620 nos
1877 4547 2165 4619 sculteto
2222 4547 2344 4641 qui
2388 4567 2510 4642 pro
2562 4555 2868 4642 tempore
2925 4548 3131 4621 fuerit
3178 4552 3311 4622 sub
3360 4550 3645 4623 obtentu
3699 4551 3920 4646 gratie

1062 4698 1068 4704 ·
1111 4683 1342 4748 nostre
1388 4672 1808 4770 precipimus
1861 4680 1940 4744 ut
1985 4671 2086 4743 sic
2132 4671 2579 4745 temeritatem
2627 4671 2834 4745 unius
2876 4672 3152 4747 studeat
3196 4694 3511 4748 coercere
3549 4695 3640 4748 ne
3678 4674 3921 4749 consi—
