4500 5956
682 595 870 656 huten.
904 592 991 676 9.]
1592 591 1991 655 HISTORIA
2034 589 2620 653 umMA'rch.
3380 595 3498 657 831

678 751 819 825 que
848 730 982 802 sub
1020 728 1307 803 obtentu
1333 727 1556 821 gratie
1585 737 1814 800 nostre
1846 728 2308 801 familiaribus
2337 725 2704 800 antedictis
2736 722 3220 799 mandavimus
3253 729 3498 803 obser-

682 851 857 925 vari.
908 853 989 924 ln
1036 860 1377 946 quantum
1428 851 1635 923 etiam
1684 851 1970 924 moleste
2011 871 2336 946 geramus
2377 851 2646 923 illorum
2695 848 3039 944 nequitias
3086 852 3206 946 qui
3267 857 3504 928 'centra

686 974 915 1049 federa
955 975 1146 1072 pacis
1195 975 1374 1047 inter
1418 975 1796 1048 Ecclesiam
1850 986 1920 1048 et
1969 994 2099 1049 nos
2140 975 2309 1047 inite
2352 975 2707 1047 venientes
2750 972 3145 1070 opinionem
3201 986 3507 1049 nostram

682 1101 781 1172 sic
813 1100 1183 1173 enormiter
1217 1098 1455 1172 ledere
1482 1099 1884 1192 moliuntur,
1918 1121 2054 1173 non
2098 1100 2292 1195 prius
2332 1099 2536 1172 vobis
2566 1096 3011 1171 scribendum
3043 1098 3347 1172 vidimus
3377 1101 3501 1173 ali-

683 1223 855 1318 quid
883 1244 1097 1318 quam
1125 1221 1469 1315 judicium
1517 1223 1827 1297 vindicte
1875 1221 2214 1317 significet
2246 1222 2682 1296 manifestum
2719 1222 3053 1294 indicium
3095 1222 3496 1298 voluntatis.

682 1347 857 1420 lllnd
890 1356 1125 1421 tamen
1156 1356 1386 1421 tacere
1418 1368 1555 1420 non
1589 1367 1987 1443 possumus,
2016 1347 2208 1442 quod
2241 1367 2526 1442 prorsus
2554 1368 2596 1419 a
2632 1367 2801 1418 sana
2833 1344 3078 1419 debuit
3104 1338 3563 1422 considera-‘7

684 1471 864 1545 tione
918 1469 1278 1545 discedere
1329 1492 1459 1543 nos
1507 1480 1743 1544 contm
1793 1492 2000 1544 omne
2023 1473 2145 1564 jus
2200 1470 2515 1565 gentium
2561 1468 2732 1541 tanti
2780 1467 3108 1542 facinoris
3163 1472 3306 1545 fore
3347 1473 3499 1545 fau·-

683 1605 860 1668 tores
890 1605 972 1667 ut
1002 1595 1274 1668 illorum
1303 1594 1897 1668 dissimularemus
1929 1593 2244 1688 injuria,
2292 1614 2472 1688 quos
2504 1591 2738 1667 delere
2770 1592 2866 1666 de
2894 1594 3067 1667 libro
3111 1596 3498 1669 viventium
3593 1693 3599 1700 ς

684 1738 775 1792 ex
803 1719 1008 1812 justis
1036 1728 1104 1792 et
1132 1718 1753 1791 innumerabilibus
1770 1719 1999 1791 causis
2031 1717 2610 1814 irreprehensibili
2643 1716 2908 1790 ratione
2938 1739 3315 1813 possemus.
3356 1722 3499 1796 Nec

683 1841 814 1914 hoc
843 1841 1055 1915 etiam
1094 1841 1415 1914 civitates
1439 1850 1508 1913 et
1543 1842 1693 1915 loca
1736 1847 2071 1914 testantur
2101 1863 2286 1936 que,
2322 1840 2483 1914 licet
2527 1851 2836 1936 tempore
2881 1841 3223 1914 scismatis
3250 1863 3496 1938 supra-

686 1966 848 2040 dicti
881 1967 1087 2039 vobis
1113 1966 1553 2058 adheserint,
1590 1966 1664 2038 in
1697 1975 1929 2039 nostra
1974 1974 2204 2039 tamen
2249 1966 2471 2060 gratia
2516 1973 2837 2038 revocate
2885 1967 3233 2038 communi
3266 1967 3502 2062 quiete

686 2090 898 2164 nostri
944 2090 1301 2185 regiminis
1361 2089 1646 2185 pacifice
1695 2091 2163 2186 perfruuntur.
2227 2090 2505 2162 Illorum
2562 2098 2869 2183 preterea
2928 2090 3304 2164 inveterata
3353 2094 3497 2184 jam

684 2214 915 2287 rabula
948 2216 1155 2288 silere
1187 2214 1472 2288 deberet
1513 2236 1639 2310 per
1671 2235 1885 2309 quam
1924 2214 2021 2287 ob
2050 2214 2290 2286 ruinas
2327 2213 2805 2305 ecclesiarum,
2843 2212 2934 2286 de
2974 2215 3232 2311 quibus
3274 2216 3500 2289 omnis

684 2361 723 2411 a
760 2339 964 2413 nobis
1013 2339 1207 2413 abest
1258 2340 1538 2431 notitia,
1604 2348 1777 2413 teste
1828 2341 2010 2429 Dec,
2058 2349 2129 2413 et
2171 2340 2266 2412 ob
2312 2341 2839 2412 sarracenorum
2887 2339 2960 2410 in
3003 2339 3254 2435 Apulia
3297 2361 3501 2413 man-

682 2462 973 2552 sionem,
1001 2464 1193 2559 apud
1228 2482 1354 2537 vos
1386 2474 1455 2537 et
1480 2464 1859 2537 Ecclesiam
1891 2463 1982 2536 de
2013 2462 2458 2536 indevotione
2481 2472 2826 2535 notamur.
2858 2461 3203 2558 Sedquod
3233 2485 3275 2536 a
3308 2474 3502 2559 patre

682 2605 886 2678 quem
922 2604 1134 2658 cause
1183 2595 1417 2658 nostre
1454 2584 1794 2678 justitiam
1843 2586 2131 2658 minime
2186 2587 2400 2658 latere
2454 2585 2912 2677 credidimus,
2967 2585 3058 2658 de
3108 2589 3500 2660 Sarracenis

682 2708 848 2803 ipsis
878 2709 1013 2781 fuit
1040 2709 1442 2802 hujusmodi
1472 2711 1757 2802 menti0,
1796 2731 1935 2783 non
1971 2710 2205 2784 mirari
2239 2709 2674 2784 solummodo
2706 2709 3042 2804 cogimur,
3073 2709 3198 2782 sed
3230 2710 3491 2803 dolere,

681 2830 846 2903 dum
881 2831 1144 2905 exinde
1179 2833 1483 2928 patimur
1516 2834 1772 2925 injuste
1821 2833 2330 2928 redargutionis
2377 2835 2658 2909 aculeos
2695 2831 2885 2906 unde
2925 2834 3326 2929 putavimus
3367 2833 3500 2908 de-

679 2953 821 3030 bite
854 2957 1075 3051 glorie
1120 2958 1464 3054 premium
1496 2969 1874 3055 reportare.
1911 2958 2115 3044 Quod
2162 2959 2348 3033 enim
2391 2981 2529 3033 non
2565 2955 2714 3033 sine
2762 2959 2977 3032 multo
3009 2958 3242 3031 labore
3285 2957 3497 3032 nostri

679 3082 979 3176 corporis
1024 3082 1231 3155 etiam
1281 3091 1352 3155 et
1398 3091 1789 3156 nostrorum
1842 3082 2153 3158 fidelium
2207 3083 2531 3180 periculis
2573 3094 2646 3157 et
2687 3084 3019 3180 expensis
3070 3105 3111 3156 e
3158 3082 3501 3157 montanis

678 3205 904 3279 Sicilie
936 3207 1465 3280 Sarracenorum
1504 3208 1929 3282 removimus
1957 3207 2367 3302 incolatum,
2405 3208 2529 3280 uhi
2581 3207 2814 3305 plures
2844 3208 3255 3281 christianos
3291 3228 3501 3303 quam

679 3326 884 3402 hodie
937 3330 1164 3402 insula
1206 3329 1519 3425 predicta
1554 3331 1937 3423 contineat,
1994 3330 2303 3427 ipsorum
2354 3330 2683 3427 iniqmtas
2736 3332 3115 3424 interemit,
3175 3333 3364 3428 ipsos
3429 3333 3500 3404 in

679 3451 906 3525 media
952 3453 1477 3528 christianorum
1537 3456 1823 3551 planitie
1884 3456 2327 3546 collocantes,
2390 3457 2748 3530 utilitatem
2800 3455 3199 3549 hujusmodi
3259 3478 3503 3528 sumus

678 3576 942 3672 experti
1004 3575 1197 3672 quod
1269 3576 1439 3652 dum
1496 3580 1987 3653 catholicorum
2061 3580 2371 3674 quotidie
2423 3578 2859 3652 instruuntur
2908 3580 3281 3674 exemplis,
3332 3578 3500 3651 dum

677 3700 976 3794 ipsorum
1020 3702 1265 3776 sedula
1303 3705 1600 3777 servitus
1645 3703 1911 3776 invidet
1948 3704 2281 3793 libertati,
2313 3704 2438 3776 loti
2472 3704 2657 3777 fonte
2694 3703 3123 3799 baptismatis
3152 3701 3246 3775 ad
3279 3701 3501 3772 chris-

678 3824 1014 3898 tIanorum
1045 3827 1280 3920 ritum,
1318 3839 1527 3925 prout
1557 3850 1633 3901 se
1669 3828 1960 3923 quilibet
1998 3848 2282 3899 suorum
2319 3828 2640 3899 manibus
2680 3835 2904 3923 potest
2938 3825 3228 3921 eripere,
3264 3824 3354 3898 ad
3390 3847 3502 3898 ca-

675 3946 925 4022 tholice
964 3945 1127 4023 fidei
1173 3949 1466 4025 redeunt
1493 3948 1825 4025 unitatem
1838 3980 1862 4053 3
1914 3949 2670 4053 adeoquodprimates
2716 3949 3022 4045 ipsorum
3053 3946 3502 4045 quilAlchadi

676 4068 1025 4160 dicuntur,
1075 4073 1248 4148 dum
1295 4095 1426 4148 nos
1480 4082 1835 4172 propterea
1886 4075 2157 4149 moveri
2201 4084 2556 4172 putarent,
2605 4071 2743 4147 snb
2770 4092 2963 4181 spem
3019 4069 3250 4145 damni
3287 4073 3500 4145 nostri

677 4195 867 4289 quod
914 4217 1043 4270 nos
1088 4199 1382 4293 proinde
1427 4201 1569 4296 pati
1620 4200 1980 4294 dicebant,
2021 4199 2226 4274 nobis
2268 4199 2342 4270 in
2388 4198 2641 4294 Apulia
2687 4196 3301 4283 mmmm-antibus,
3355 4197 3499 4290 Jam
3555 4295 3569 4299 Π

682 4318 944 4391 tertiam
982 4331 1245 4415 partem
1281 4344 1519 4396 eorum
1566 4325 1658 4396 ab
1690 4325 1997 4420 ipsorum
2033 4323 2172 4394 ritu
2209 4320 2566 4395 reductam
2602 4319 2694 4394 ad
2741 4319 2903 4394 fidei
2950 4330 3181 4394 nostre
3227 4340 3506 4395 consor-

684 4439 850 4512 tium
881 4446 1393 4541 querebantur3
1434 4456 1505 4520 et
1532 4451 1777 4543 procul
1807 4448 2023 4522 dubio
2051 4445 2356 4521 creditur
2391 4445 2588 4545 quod
2624 4446 2685 4519 si
2712 4447 2946 4520 futura
2975 4445 3314 4542 preteritis
3343 4468 3504 4518 con·

683 4562 1101 4657 formentur,
1164 4591 1305 4642 non
1373 4581 1531 4666 post
1571 4573 1787 4644 multa
1842 4571 2107 4645 dierum
2149 4571 2370 4665 spatia
2428 4591 2525 4644 ex
2584 4579 2723 4643 toto
2778 4569 2869 4643 de
2912 4569 3193 4662 reliquis
3235 4569 3508 4642 eveniet

684 4685 854 4760 illud
911 4689 1123 4764 idem.
1187 4694 1502 4790 Denique
1559 4696 1932 4769 litterarum
1991 4705 2376 4769 vestrarum
2424 4693 2720 4768 caudam
2774 4692 3320 4767 dissimulatione
3371 4714 3507 4765 non
