4500 5956
663 613 860 669 lxnlcr.
896 603 981 684 9]
1572 592 1963 654 HISTORIA
2020 592 2605 654 mnoua'rtca.
3379 584 3498 646 769

760 742 1014 812 Datum
1062 733 1255 831 apud
1298 732 1724 824 Hagenowe,
1771 746 1955 799 anno
2005 725 2353 799 dominice
2397 726 2886 800 incarnationis
2910 722 3326 797 MCCXXXV
3356 719 3417 815 (l
3437 720 3491 814 ),

660 885 902 938 mense
938 857 1310 957 septembri
1327 908 1349 948 ,
1387 873 1570 928 none
1598 849 2021 925 indictionis,

1166 1158 1725 1176 ‘uo-m

776 1432 1206 1515 Fridericus
1219 1493 1243 1539 ,
1301 1431 1822 1513 Romanorum
1875 1427 2316 1536 imperator,
2377 1425 2843 1509 abbatissam
2905 1437 2982 1509 et
3038 1438 3495 1510 conventum
3588 1439 3872 1546 nssfflm

666 1564 1116 1648 monasterii
1152 1560 1552 1648 Lilienthal
1567 1623 1591 1669 ,
1627 1558 2058 1643 Bremensis
2119 1559 2483 1642 dioecesis
2499 1620 2522 1665 ,
2571 1584 2749 1640 cum
2811 1558 3171 1641 omnibus
3231 1586 3496 1642 earum
3601 1546 3857 1600 '‘P“”ffi

663 1694 900 1779 bonis
949 1696 1032 1778 in
1087 1721 1230 1779 sua
1282 1693 1745 1804 protectione
1795 1690 2096 1800 recipit,
2126 1690 2389 1800 eisque
2434 1690 2857 1798 specialiter
2896 1690 3298 1773 confirmat
3330 1692 3500 1774 loca

671 1854 877 1938 quae
909 1828 1273 1911 dicuntur
1306 1827 1563 1936 Trupa
1595 1835 1673 1908 et
1703 1821 2219 1907 Vallerbroke.

841 2039 1056 2116 (Edid.
1084 2040 1228 2101 lon.
1253 2040 1454 2113 Voor,
1476 2038 1733 2098 Moma-
1762 2034 1961 2097 ι’πιάίε.
1984 2036 2298 2114 praecipue
2323 2035 2617 2097 meum.
2650 2034 2955 2114 (Bremen,
2989 2035 3194 2117 1762),
3222 2043 3368 2100 tom.
3404 2039 3502 2115 11,

918 2162 982 2223 p.
1021 2143 1149 2224 24.)

779 2330 1214 2421 Fridericus,
1251 2330 1375 2404 Dei
1415 2331 1635 2423 gratia
1679 2329 2143 2401 Romanorum
2176 2327 2551 2421 imperator
2591 2348 2861 2424 semper
2898 2338 3267 2423 augustus,
3307 2332 3503 2405 Jeru-

676 2455 898 2528 salem
936 2463 1008 2526 et
1039 2454 1271 2526 Sicilie
1302 2474 1456 2527 rex.
1499 2453 1632 2526 Per
1663 2473 1946 2548 presens
1973 2451 2306 2546 scriptum
2354 2459 2593 2524 notum
2626 2449 2774 2523 fieri
2802 2454 3126 2525 volumus
3163 2454 3507 2528 universis

676 2575 1015 2651 fidelibus
1055 2577 1268 2649 nostri
1323 2576 1593 2673 imperii
1642 2585 1785 2648 tam
1833 2574 2271 2670 presentibus
2303 2595 2515 2667 quam
2566 2574 2817 2647 futuris
2868 2574 3061 2669 quod
3097 2578 3509 2651 venerabilis

675 2700 1037 2774 abbatissa
1066 2709 1137 2772 et
1160 2710 1545 2773 conventus
1565 2699 1637 2771 in
1665 2698 2021 2771 Lilientale
2045 2698 2313 2772 ordinis
2337 2697 2912 2789 cisterciensium,
2931 2701 3316 2773 Bremensis
3338 2701 3506 2775 dio-

679 2826 886 2916 cesis,
910 2824 1153 2897 fideles
1186 2834 1443 2915 nostre,
1467 2824 1751 2896 culmini
1783 2832 2014 2896 nostro
2034 2822 2388 2895 humiliter
2418 2822 2895 2917 supplicarunt
2915 2832 2994 2894 ut
3014 2832 3150 2896 tam
3184 2845 3510 2919 personas

677 2970 896 3043 quam
928 2948 1419 3022 monasterium
1448 2948 1674 3042 ipsum
1702 2957 1774 3020 et
1798 2947 2030 3021 omnia
2066 2947 2248 3021 bona
2283 2942 2491 3045 [ejus]
2527 2945 2660 3019 sub
2692 2946 2973 3042 speciali
2993 2948 3415 3043 protectione
3443 2962 3516 3025 et

683 3073 1090 3147 defensione
1114 3082 1347 3144 nostra
1371 3081 1439 3144 et
1466 3072 1764 3167 imperii,
1791 3091 2061 3144 necnon
2097 3073 2324 3144 locum
2351 3073 2477 3166 qui
2504 3070 2756 3143 dicitur
2778 3073 3007 3168 Trupa
3037 3095 3200 3145 cum
3222 3073 3373 3147 loco
3392 3079 3516 3170 qui

682 3197 945 3269 dicitur
977 3196 1490 3270 Wallerbrocke
1522 3217 1744 3290 usque
1779 3194 1870 3267 ad
1901 3200 2256 3289 antiquam
2282 3195 2824 3289 Sidewendinge
2852 3206 2921 3267 et
2952 3197 3042 3268 ab
3082 3198 3365 3294 antiqua
3393 3202 3515 3274 Si-

683 3318 1163 3412 dewendinge
1200 3340 1423 3414 usque
1446 3318 1539 3391 ad
1571 3340 1870 3391 marcam
1906 3319 2166 3392 civium
2202 3318 2296 3392 de
2320 3319 2751 3413 Willigstede
2781 3342 2940 3392 cum
2979 3323 3165 3416 agris
3198 3323 3402 3398 cultis
3447 3335 3519 3400 et

684 3442 995 3533 incultis,
1014 3462 1155 3535 que
1174 3442 1408 3514 omnia
1430 3443 1615 3534 juste
1643 3450 1874 3514 tenent
1896 3452 1967 3514 et
1986 3441 2367 3536 possident,
2387 3444 2487 3515 eis
2506 3442 2913 3517 confirmare
2940 3443 3030 3518 de
3053 3456 3281 3519 nostra
3300 3451 3519 3541 gratia

682 3565 1167 3660 dignaremur.
1204 3566 1347 3638 Nos
1382 3565 1595 3658 igitur
1629 3566 2168 3659 supplicationes
2202 3567 2511 3662 ipsarum
2550 3565 2863 3640 fidelium
2900 3578 3287 3642 nostrarum
3323 3572 3521 3645 beni-

680 3711 825 3783 gue
855 3711 940 3760 ac
972 3688 1442 3761 favorabiliter
1475 3689 1938 3780 admittentes,
1962 3699 2390 3785 prenotatam
2418 3690 2862 3778 abbatissam,
2887 3704 3331 3786 conventum,
3370 3717 3519 3769 mo·

686 3812 1070 3886 nasterium
1089 3821 1157 3882 et
1175 3811 1407 3883 omnia
1424 3811 1608 3885 bona
1642 3833 1770 3885 sua
1799 3833 1941 3907 que
1973 3812 2046 3883 in
2079 3815 2575 3907 presentiarum
2597 3815 2784 3905 Juste
2812 3822 3048 3887 tenent
3072 3826 3142 3888 et
3166 3817 3520 3910 possident

688 3947 763 4009 et
788 3956 929 4030 que
965 3935 1040 4006 in
1072 3943 1274 4008 antea
1295 3935 1484 4027 justo
1520 3936 1717 4008 titulo
1737 3945 2056 4030 poterunt
2085 3936 2404 4030 adipisci,
2424 3937 2557 4009 sub
2590 3936 2870 4031 speciali
2896 3949 3125 4010 nostra
3152 3950 3222 4011 et
3246 3941 3514 4036 imperii

694 4058 1117 4153 protectione
1130 4079 1215 4130 ac
1234 4056 1635 4131 defensione
1653 4059 2072 4155 recepimus;
2106 4058 2334 4131 locum
2361 4060 2483 4153 qui
2511 4058 2765 4130 dicitur
2779 4061 2914 4131 Tru
2919 4081 3009 4155 pa
3026 4082 3186 4133 cum
3218 4064 3368 4136 loco
3394 4067 3517 4159 qui

696 4180 949 4253 dicitur
974 4181 1491 4255 Wallerbrocke
1514 4203 1740 4277 usque
1767 4181 1860 4256 ad
1893 4181 2248 4276 antiquam
2280 4180 2823 4274 Sidewendinge
2856 4192 2928 4255 et
2964 4184 3056 4256 ab
3080 4187 3365 4282 antiqua
3394 4190 3519 4262 Si-

702 4300 1171 4397 dewendinge
1206 4326 1428 4400 usque
1457 4304 1554 4378 ad
1582 4326 1889 4378 marcam
1922 4305 2186 4378 civium
2210 4304 2302 4380 de
2331 4303 2763 4399 Willigstede
2797 4328 2959 4379 cum
2988 4309 3174 4404 agris
3212 4313 3417 4386 cultis
3451 4324 3519 4387 et

773 4599 844 4672 (4)
880 4598 943 4655 ln
966 4600 1159 4657 eodem
1186 4614 1349 4673 anno,
1377 4616 1566 4660 mense
1588 4600 1858 4660 decembri
1874 4644 1890 4674 ,
1920 4602 2064 4677 apud
2082 4601 2411 4676 Hagenowe,
2435 4601 2740 4661 Fridedcus
2770 4603 2945 4663 eidem
2971 4604 3223 4666 abbatiae
3245 4609 3388 4670 aliud
3424 4614 3526 4672 de-

712 4694 964 4755 tensionis
988 4698 1324 4773 privilegium
1338 4741 1354 4771 ‚
1379 4699 1727 4759 Lacombleto
1747 4705 1886 4759 teste
1900 4741 1916 4771 ‚
1941 4699 2179 4758 indulsit.

862 4797 968 4858 IV.
1013 4811 1126 4855 Pan
1152 4813 1196 4857 θ.
3137 4814 3210 4865 97
