4500 5956
1108 550 1225 612 766
2112 550 2545 612 nmmum
2598 550 2944 612 sssctmm
3543 548 3704 626 [Αιηι.
3744 547 3917 609 1235.

1112 684 1278 771 nati,
1336 682 1762 756 attendentes
1811 684 2016 756 etiam
2054 694 2247 779 grata
2295 686 2461 757 satis
2506 695 2575 757 et
2621 692 2903 781 accepta
2929 682 3221 757 servicia
3251 703 3389 777 que
3420 680 3607 756 idem
3631 681 3922 774 burgra-

1110 806 1272 879 vius
1308 807 1507 879 nobis
1538 815 1606 878 et
1639 807 1927 903 imperio
1959 807 2208 882 devote
2236 807 2559 881 exhibuit
2587 807 2920 880 hactenus
2953 814 3025 880 et
3057 826 3199 900 que
3228 805 3321 879 de
3353 804 3539 877 bono
3570 804 3640 875 in
3677 804 3922 878 melius

1114 928 1364 1022 poterit
1402 926 1762 1018 exhibere,
1807 926 1897 1000 de
1934 937 2161 1001 nostre
2197 929 2625 1001 liberalitatis
2651 929 2871 1023 gratia
2918 950 3060 1022 qua
3096 928 3553 1003 benemeritos
3588 938 3659 998 et
3688 924 3924 999 fideles

1110 1059 1377 1123 nostros
1418 1071 1689 1146 semper
1749 1052 2240 1124 consuevimus
2292 1044 2680 1147 prevenire,
2747 1051 3127 1147 predictam
3184 1049 3656 1123 venditionem
3706 1058 3922 1121 ratam

1118 1175 1481 1263 habemns,
1519 1175 1781 1248 dictum
1827 1183 2124 1247 castrum
2165 1193 2324 1247 cum
2356 1175 2680 1247 omnibus
2704 1176 2991 1267 justitiis
3015 1184 3086 1247 et
3119 1173 3550 1270 pertinentiis
3578 1173 3751 1261 suis,
3790 1172 3922 1243 sibi

1111 1304 1181 1369 et
1221 1297 1592 1370 heredibus
1641 1297 1790 1369 suis
1845 1307 2179 1393 perpetuo
2227 1296 2732 1370 confirmantes.
2787 1297 2899 1371 Ad
2947 1297 3157 1390 hujus
3205 1297 3439 1391 itaque
3473 1304 3705 1368 nostre
3747 1315 3925 1367 con-

1115 1418 1516 1499 firmationis
1563 1419 1988 1512 memoriam,
2027 1441 2309 1515 presens
2354 1421 2689 1517 scriptum
2723 1419 2874 1495 fieri
2923 1430 2997 1493 et
3026 1421 3253 1514 sigillo
3289 1419 3664 1513 majestatis
3699 1428 3927 1491 nostre

1103 1546 1433 1637 jussimus
1471 1544 1903 1615 communiri.

1210 1670 1432 1761 Hujus
1487 1667 1583 1739 rei
1637 1677 1840 1739 testes
1886 1675 2047 1740 sunt
2089 1694 2107 1738 ε
2144 1670 2214 1740 S.
2258 1669 2681 1742 venerabilis
2711 1668 3222 1763 Ratisponensis
3252 1668 3654 1763 episcopus,
3696 1666 3928 1762 impe—

1114 1794 1299 1865 rialis
1331 1794 1489 1865 aule
1517 1793 1988 1885 cancellarius,
2026 1795 2231 1867 frater
2263 1795 2350 1866 H.
2389 1793 2804 1868 venerabilis
2838 1793 3166 1885 magister
3199 1792 3447 1866 domus
3477 1792 3921 1881 Teutbonice,

1109 1918 1538 1988 Hermannus
1585 1915 1889 1988 marchio
1939 1916 2029 1988 de
2072 1916 2348 2005 Baden,
2400 1937 2631 1990 comes
2674 1915 3062 1990 Fridericus
3104 1914 3196 1988 de
3245 1916 3478 2006 Zolre,
3532 1912 3929 1988 Wolfradus

1116 2039 1205 2112 de
1249 2038 1594 2110 Crutheim
1613 2092 1634 2130 ,
1692 2041 1897 2111 frater
1948 2039 2360 2114 Bertholdus
2408 2038 2498 2113 de
2548 2038 2900 2132 Tanrode,
2941 2039 3303 2113 Cunradus
3354 2039 3446 2113 de
3492 2036 3924 2128 Smidelvelt‚

1111 2165 1543 2235 Hermannus
1581 2162 1670 2236 de
1706 2164 2165 2256 Stolzenberc,
2215 2164 2551 2237 Henricus
2575 2165 2666 2239 de
2692 2164 2958 2256 Steine,
2997 2163 3383 2238 Fridericus
3411 2162 3501 2236 de
3534 2163 3923 2252 Kezelberc‚

1110 2289 1540 2359 Hel-mannus
1577 2287 1667 2360 de
1702 2287 2025 2379 Seheijm,
2062 2297 2131 2361 et
2164 2289 2282 2361 alii
2312 2290 2780 2397 quamplures,

1208 2413 1377 2484 Data
1411 2411 1599 2507 apud
1650 2413 2088 2506 Hagenowe‚
2129 2434 2313 2486 anno
2354 2412 2702 2487 dominice
2742 2414 3231 2487 incarnationis
3275 2412 3635 2484 millesimo
3671 2411 3929 2484 ducen-

1108 2536 1350 2607 tesimo
1381 2534 1723 2608 tricesimo
1759 2536 2027 2629 quinto,
2071 2558 2308 2610 mense
2345 2536 2777 2634 septembris,
2816 2558 2999 2610 none
3030 2536 3454 2610 indictionis.

1525 2898 1711 2914 ———

744 3268 1027 3375 3432„
1220 3258 1643 3340 Fridericus
1656 3319 1681 3361 ,
1725 3257 2244 3340 Romanorum
2299 3257 2738 3367 imperator,
2797 3258 2898 3340 ad
2959 3258 3579 3368 conquestionem
3641 3256 3937 3341 abbatis

757 3377 1010 3429 “mm‘'
1109 3391 1625 3476 Murbacensis
1677 3388 2049 3474 universis
2101 3390 2399 3499 imperii
2453 3390 2806 3474 fidelibus
2857 3392 3177 3475 mandat
3228 3401 3315 3474 ut
3358 3391 3617 3475 nullus
3668 3392 3767 3474 sit
3799 3392 3933 3502 qui

1112 3525 1315 3608 bona
1378 3522 1719 3633 ejusdem
1791 3521 2147 3605 ecclesiae
2220 3522 2551 3607 alienare
2602 3534 3079 3633 praesumat,
3122 3523 3258 3607 sed
3329 3522 3392 3607 si
3453 3550 3609 3634 qua
3677 3523 3933 3607 illicite

1119 3655 1444 3740 alienata
1495 3654 1777 3738 fuerint
1796 3717 1819 3763 ,
1861 3655 1961 3739 ad
1992 3654 2122 3764 jus
2158 3655 2400 3764 ipsius
2434 3656 2791 3740 ecclesiae
2824 3657 3152 3740 debeant
3179 3657 3540 3740 revocari.

1271 3927 1533 4007 (Edtder.
1549 3926 1771 3997 Lumo,
1800 3922 2215 4003 Reicksarchiv,
2236 3930 2565 3989 continuat.
2592 3931 2643 4005 1,
2660 3930 2935 4011 spicileg.
2960 3930 3195 4003 eccles„
3223 3947 3285 4006 p.
3319 3937 3392 3990 97
3401 3936 3544 3991 3.-
3563 3928 3926 4000 Senonum,

1348 4031 1541 4094 Alsat.
1572 4028 1836 4112 duplum„
1864 4038 1914 4096 t.
1944 4033 2005 4109 1,
2034 4050 2095 4111 p.
2130 4031 2296 4112 371.)
3395 4055 3400 4066 ,
3839 4035 3844 4046 *

1204 4267 1626 4358 FridericuS,
1671 4266 1794 4341 Dei
1832 4268 2049 4359 gratia
2087 4269 2547 4341 Romanorum
2593 4267 2963 4363 imperator
3010 4288 3282 4364 semper
3326 4277 3694 4362 augustus,
3737 4270 3928 4341 Jeru-

1110 4390 1319 4464 salem
1394 4399 1462 4462 et
1522 4389 1752 4462 Sicilie
1815 4412 1968 4463 rex.
2023 4391 2152 4462 Per
2213 4411 2500 4486 presens
2556 4390 2890 4486 scriptum
2940 4401 3177 4466 notum
3236 4394 3528 4468 facimus
3591 4394 3929 4466 universis

1103 4513 1371 4609 imperii
1409 4512 1729 4586 fidelibus
1770 4522 1912 4584 tam
1947 4515 2384 4608 presentibus
2426 4537 2637 4608 quam
2675 4515 2924 4587 futuris
2954 4517 3146 4609 quod
3183 4539 3343 4590 cum
3382 4517 3681 4589 dilectus
3727 4517 3928 4612 prin-

1100 4659 1262 4732 ceps
1318 4646 1548 4710 noster
1619 4637 2033 4709 venerabilis
2096 4638 2566 4712 Murbacensis
2628 4638 2847 4712 abbas
2908 4659 3140 4713 coram
3212 4640 3494 4713 Alberto
3558 4640 3928 4732 justitiario
