4500 5956
653 1898 892 2006 vifffissa

1006 502 1130 564 662
2049 498 2397 561 mmmm
2450 499 2788 561 snm-un
3466 502 3630 580 [Anu.
3667 503 3838 566 1234.

1022 644 1292 708 tantum
1319 655 1528 728 super
1553 632 1686 707 hoc
1733 631 1991 707 faciens
2022 633 2214 725 quod
2257 633 2808 706 studium‘tunm
2856 632 3151 728 proinde
3193 636 3439 708 merito
3484 658 3845 711 commen-

1013 760 1287 849 demus,
1323 760 1458 831 Vos
1492 757 1711 831 eciam
1742 758 1931 831 cives
1962 758 2086 851 qui
2117 758 2304 833 scitis
2334 755 2606 853 aliquos
2633 758 2704 829 in
2733 758 3002 831 occulto
3024 757 3208 831 bona
3232 758 3479 832 eadem
3505 759 3838 854 detinere,

1016 905 1110 956 ne
1155 883 1356 975 culpe
1403 882 1552 953 sitis
1604 880 1968 976 participes
1999 881 2439 966 eorumdem,
2502 883 2790 955 sculteto
2842 882 3327 975 manifestetis,
3396 884 3736 957 auxilinm
3775 894 3846 959 et

1017 1005 1379 1077 consilium
1425 1003 1767 1097 prestituri
1816 1003 2041 1077 eidem
2101 1013 2178 1075 ut
2217 1006 3054 1100 recuperenturplenarie
3098 1005 3281 1077 bona
3322 1006 3506 1101 ipsa,
3563 1009 3744 1082 sicut
3772 1018 3843 1081 et

1012 1130 1318 1205 divinam
1351 1137 1418 1201 et
1448 1135 1746 1200 nostram
1776 1127 2081 1221 graciam
2116 1129 2643 1223 promereamini
2673 1150 2766 1202 ex
2793 1129 2927 1202 hoc
2962 1129 3142 1224 ipso-

1032 1314 1037 1323 .
1110 1258 1359 1333 Datum
1382 1251 1572 1350 apud
1596 1251 2003 1343 Aldenburg
2032 1250 2167 1347 (4),
2210 1253 2268 1324 11
2298 1251 2631 1326 kalendas
2654 1252 2852 1345 julii,
2893 1252 3273 1326 indictione
3307 1254 3626 1348 septima.

2583 1585 3246 1596 ——o—-o—*c-—m
3254 1587 3411 1598 Ἥ

1116 1877 1524 1983 HenricUS‚
1564 1876 2084 1959 Romanorum
2142 1903 2313 1984 reia,
2363 1887 2636 1959 notum
2673 1877 2855 1959 facit
2901 1879 3150 1987 quod,
3190 1904 3367 1960 cum
3401 1890 3616 1989 pater
3654 1908 3838 1965 suus

1007 2014 1420 2121 imperator
1462 2009 1840 2093 civitatem
1874 2000 2305 2094 Northusen
2361 2010 2682 2119 imperio
2735 2011 3038 2092 duxerit
3090 2011 3596 2121 retinendam,
3638 2040 3836 2123 pro-

1008 2146 1245 2227 misso
1307 2142 1663 2226 ecclesiae
1726 2141 2224 2227 Northusensi
2279 2142 2732 2251 competenti
2767 2153 3153 2251 restauro,
3203 2145 3366 2252 ipse
3409 2146 3489 2226 in
3539 2156 3837 2257 partem

1006 2277 1331 2361 restauri
1368 2276 1682 2358 tradidit
1709 2285 1785 2358 et
1825 2276 2138 2360 donavit
2179 2277 2325 2384 ipsi
2359 2276 2721 2360 ecclesiae
2748 2275 2878 2386 jus
2913 2287 3362 2387 patronatus
3397 2280 3840 2388 parrochiae

1008 2412 1260 2494 Sancti
1295 2409 1558 2493 Blasii.

1169 2638 1439 2716 (Edider.
1481 2637 1831 2712 Avnnmn,
1868 2632 2100 2717 Sylloqe
2140 2633 2397 2696 anecdot.
2423 2678 2441 2711 ,
2481 2652 2543 2713 p.
2587 2644 2739 2709 299,
2783 2642 2843 2696 et
2863 2635 3281 2697 Fonsrmmn
3301 2678 3319 2711 ‚
3367 2635 3687 2697 Geschichte
3727 2656 3837 2699 von

1243 2741 1566 2806 Nordlmus.
1591 2785 1607 2816 ,
1643 2751 1704 2803 2⁸
1730 2759 1890 2822 pars,
1918 2760 1979 2820 p.
2015 2752 2121 2803 6-7
2144 2763 2163 2820 3
2195 2743 2371 2805 ambo
2396 2749 2598 2803 tamen
2622 2745 2819 2803 minus
2843 2742 3119 2821 integre.)

1106 2945 1177 3014 In
1212 2940 1492 3013 nomine
1533 2947 1768 3011 sancte
1799 2949 1867 3013 et
1898 2939 2265 3013 individue
2292 2938 2666 3012 Trinitatis,
2706 2938 3078 3030 HenricuS,
3114 2936 3358 3012 divina
3388 2940 3667 3012 favente
3702 2940 3836 3014 cle·

1007 3065 1263 3138 mentia
1294 3065 1757 3135 Romanorum
1781 3087 1908 3137 rex
1932 3073 1999 3135 et
2022 3085 2296 3158 semper
2322 3072 2685 3157 augustus,
2717 3064 2904 3135 Licet
2938 3064 3158 3136 simus
3180 3065 3504 3137 omnibus
3532 3066 3837 3138 ecclesiis

1009 3193 1082 3261 in
1107 3187 1399 3259 Domino
1434 3185 1780 3258 debitores
1832 3196 1905 3258 nt
1960 3208 2197 3259 eorum
2246 3187 2669 3283 profectibus
2712 3183 3060 3259 desideria
3112 3197 3346 3260 nostra
3378 3199 3827 3281 concurrant,

1008 3335 1126 3385 eas
1157 3320 1380 3382 tamen
1411 3330 1551 3402 que
1577 3308 1977 3382 immediate
2011 3309 2213 3382 nobis
2244 3319 2316 3381 et
2341 3310 2630 3405 imperio
2661 3312 3008 3406 pertinere
3033 3323 3452 3405 noscuntur,
3505 3316 3834 3410 prosequi

1003 3437 1327 3509 volumus
1355 3432 1575 3525 gratia
1611 3433 1919 3528 speciali.
1947 3431 2058 3505 Ad
2096 3432 2408 3506 notitiam
2445 3432 2656 3525 igitur
2681 3435 3111 3528 singulorum
3143 3436 3478 3530 presentis
3512 3438 3838 3535 temporis

1005 3570 1073 3632 et
1105 3557 1319 3630 futuri
1351 3556 1674 3629 volumus
1698 3558 2059 3652 pervenire
2090 3556 2280 3651 quod
2319 3580 2479 3629 cum
2517 3559 2994 3632 serenissimus
3031 3568 3227 3655 pater
3258 3570 3491 3633 noster
3515 3560 3838 3634 dominns

922 3698 930 3705 ·
998 3684 1370 3778 imperator
1408 3679 1574 3750 olim
1618 3680 1689 3750 in
1722 3679 2288 3753 transmutatione
2342 3691 2412 3753 et
2452 3681 2930 3755 reformatione
2971 3683 3457 3756 Northnsensis
3504 3685 3830 3776 ecclesie,

1002 3805 1344 3877 civitatem
1379 3804 1768 3878 Northnsen
1801 3826 1938 3900 que
1974 3826 2135 3876 cum
2166 3805 2489 3876 omnibns
2522 3804 2798 3894 juribus
2837 3805 2981 3877 suis
3031 3815 3101 3878 et
3139 3806 3568 3902 pertinentiis
3604 3806 3831 3880 eidem

1073 4141 1140 4214 (t)
1177 4142 1332 4211 Quod
1361 4141 1465 4198 hoc
1495 4147 1736 4214 tempore
1760 4140 1963 4196 curiam
1986 4139 2130 4213 apud
2156 4138 2458 4212 Altenburg
2473 4155 2569 4195 rex
2599 4137 2867 4210 habuerit,
2902 4144 3130 4196 testatur
3148 4137 3406 4197 chronic.
3441 4137 3712 4212 Erphord.
3739 4153 3826 4211 ap.

999 4241 1293 4308 Bosnusn,
1323 4238 1534 4311 Fontes,
1570 4245 1610 4294 t.
1649 4238 1713 4306 11,
1751 4254 1809 4309 p.
1844 4240 1966 4291 393.
1991 4255 2018 4289 α
2045 4235 2193 4303 Quos
2228 4236 2395 4292 etiam
2420 4236 2639 4309 (scilicet
2661 4235 3080 4309 Erphordenses)
3110 4252 3206 4292 rex
3233 4236 3478 4310 proxima
3505 4235 3654 4293 curia
3688 4235 3830 4292 circa

995 4336 1195 4392 festum
1230 4334 1462 4391 Udalrici
1491 4334 1543 4406 (4
1565 4332 1701 4406 julii)
1726 4333 1782 4388 in
1807 4332 2116 4389 Aldenburc
2139 4331 2357 4403 habita,
2384 4348 2481 4389 suo
2508 4332 2691 4391 banno
2717 4347 2783 4389 ac
2816 4334 2994 4406 regiae
3031 4334 3406 4408 proscriptioni
3444 4333 3831 4391 sententialiter

996 4430 1299 4500 innodavit,
1327 4449 1354 4482 u
1389 4434 1609 4503 propter
1646 4429 1968 4486 discordiam
1993 4429 2133 4487 inter
2173 4428 2323 4485 cives
2339 4427 2473 4485 istos
2510 4434 2568 4486 et
2597 4429 3059 4505 archiepiscopum
3089 4431 3488 4505 moguntinum,
3520 4446 3707 4487 eorum
3728 4430 3828 4488 do-

996 4530 1229 4600 minum,
1271 4532 1545 4585 exortam..
1566 4527 1669 4596 Qui
1696 4526 1913 4599 quidem
1940 4541 1973 4582 a
1993 4525 2082 4583 die
2106 4528 2175 4583 ⁴2
2207 4523 2394 4598 aprilis
2412 4541 2586 4599 usque
2615 4526 2684 4584 ad
2710 4530 2779 4584 30
2808 4529 2934 4601 julii
2961 4528 3500 4598 divinis-caruerunt3
3532 4529 3644 4585 sed‘
3669 4528 3828 4586 satis-

999 4627 1230 4684 factione
1263 4625 1479 4682 tandem
1514 4622 1916 4696 archiepiscopo
1942 4623 2216 4696 praestita,
2238 4622 2419 4679 divina
2448 4622 2646 4681 ibidem
2669 4631 2945 4701 resumpta
2964 4633 3108 4684 sunt.
