4500 5956
1026 596 1148 655 674
2068 598 2415 659 HENRICI
2473 595 2809 657 SEPTml
3463 600 3623 675 [Asu.
3664 601 3831 661 1234.

1031 730 1316 819 certius,
1378 731 1542 803 hora
1581 755 1746 804 vero
1786 735 2027 806 mortis
2076 734 2245 804 nihil
2285 733 2642 820 incertius,
2683 752 2808 804 nos
2848 733 3005 826 plus
3043 742 3583 826 expavescentes
3621 736 3837 830 ipsius

1029 851 1195 924 hore
1228 854 1782 929 incertitudinem
1815 878 2025 950 quam
2054 857 2274 952 ipsius
2303 857 2539 929 mortis
2570 855 3043 930 certitudinem
3061 908 3082 946 ,
3123 878 3250 951 pro
3277 858 3588 931 remedio
3609 860 3838 932 anime

1028 985 1255 1050 nostre
1282 986 1350 1049 et
1387 980 1890 1071 progenitorum
1930 989 2314 1052 nostrorum
2347 979 2764 1052 contulimus
2809 979 3047 1051 domui
3086 980 3318 1052 Sancti
3350 983 3585 1053 Lazari
3621 985 3835 1055 eccle-

1024 1099 1197 1181 siam
1234 1110 1531 1173 nostram
1561 1104 1972 1198 Meyringen
2012 1105 2213 1175 sitam
2252 1105 2321 1174 in
2361 1102 2669 1174 terminis
2694 1102 3097 1196 Burgundie
3137 1105 3208 1174 in
3250 1105 3401 1177 loco
3426 1106 3549 1199 qui
3585 1106 3835 1179 dicitur

1023 1224 1375 1315 Hasilthal,
1413 1247 1571 1297 cum
1600 1229 1759 1319 jure
1784 1238 2182 1322 patronatus
2206 1227 2488 1299 ecclesie
2516 1226 2827 1320 ejusdem
2858 1235 2927 1299 et
2960 1228 3147 1299 omni
3175 1228 3485 1300 libertate
3507 1239 3833 1324 perpetuo

1020 1347 1507 1442 possidendam
1531 1375 1552 1441 3
1593 1352 1905 1423 volentes
1941 1359 2020 1421 ut
2053 1351 2378 1424 defuncto
2402 1350 2697 1443 plebano
2723 1351 3032 1440 ejusdem
3060 1352 3348 1424 ecclesie
3366 1352 3716 1425 Burcardo
3744 1353 3833 1426 de

1019 1471 1511 1566 Ueberlingen‚
1573 1474 1812 1546 fratres
1856 1473 2075 1567 ipsius
2130 1474 2381 1546 domus
2428 1473 2649 1569 ipsam
2702 1473 3058 1547 ecclesiam
3112 1474 3184 1545 in
3219 1496 3391 1547 usus
3434 1476 3717 1548 fratrum
3764 1486 3834 1549 et

1017 1616 1402 1689 pauperum
1452 1595 1703 1668 domus
1753 1606 2105 1692 prenotate
2141 1598 2458 1689 redigant
2508 1608 2575 1671 et
2622 1608 3060 1690 convertant3
3121 1600 3452 1693 quoniam
3504 1600 3831 1673 desiderii

1016 1720 1229 1791 nostri
1266 1730 1372 1791 est
1414 1720 1730 1793 eamdem
1770 1722 2056 1795 domum
2098 1723 2512 1814 largioribus
2552 1733 2622 1795 et
2658 1722 3092 1795 uberioribus
3125 1722 3479 1796 beneficiis
3514 1723 3822 1796 dilatare.

1016 1843 1428 1916 Mandamus
1458 1846 1669 1938 igitur
1700 1855 1769 1917 et
1804 1846 1936 1917 sub
1970 1847 2518 1919 interminatione
2545 1848 2762 1938 gratie
2786 1855 3014 1919 nostre
3048 1856 3117 1919 et
3143 1847 3413 1941 imperii
3445 1846 3830 1920 firmissime

1018 1968 1432 2061 precipimus
1458 1977 1534 2040 ut
1561 1969 1750 2040 nulla
1774 1971 1863 2041 sit
1890 1971 2173 2043 omnino
2201 1992 2491 2065 persona
2518 1971 2978 2043 ecclesiastica
2995 1970 3110 2043 vel
3132 1970 3522 2060 mundana,
3552 1972 3686 2043 alta
3717 1973 3826 2043 vel

1013 2091 1329 2183 humilis,
1369 2114 1507 2184 que
1538 2092 1705 2165 huic
1739 2103 1969 2167 nostre
2004 2094 2359 2167 donationi
2392 2094 2649 2167 audeat
2678 2094 2960 2166 obviare
2995 2096 3106 2166 vel
3134 2095 3356 2189 ipsam
3389 2094 3682 2185 alicujus
3721 2094 3826 2164 in·

1013 2217 1200 2309 genii
1248 2218 1572 2313 scrupulo
1621 2218 1989 2290 infirmare.
2050 2220 2256 2303 Quod
2290 2220 2412 2313 qui
2466 2220 2698 2292 fecerit
2747 2217 3293 2312 indignationem
3341 2219 3828 2312 omnipotentis

1012 2340 1135 2413 Dei
1163 2349 1529 2435 nostreque
1571 2342 1942 2434 majestatis
1992 2342 2322 2416 offensam
2373 2365 2449 2415 se
2504 2343 2673 2415 sciat
2709 2344 2992 2436 gravius
3038 2342 3431 2414 incurrisse.
3471 2341 3582 2414 Ad
3618 2342 3826 2434 hujus

1011 2464 1245 2559 itaque
1271 2464 1430 2536 facti
1456 2466 1874 2539 evidentiam
1915 2475 1985 2538 et
2017 2467 2227 2540 robur
2262 2475 2595 2561 perpetuo
2625 2467 3034 2557 valiturum,
3079 2486 3360 2561 presens
3393 2465 3825 2560 privilegium

1006 2588 1171 2683 ipsis
1206 2589 1532 2661 fratribus
1565 2590 1986 2662 indulsimus
2021 2590 2225 2684 sigilli
2263 2592 2476 2664 nostri
2507 2591 2893 2662 munimine
2920 2590 3440 2661 communitum.

1100 2714 1333 2787 Testes
1389 2723 1553 2786 sunt
1597 2714 1669 2786 hi
1720 2740 1738 2785 ε
1783 2713 2125 2809 sigfridus
2171 2714 2588 2788 venerabilis
2637 2713 3182 2807 Moguntinensis
3226 2713 3818 2810 archiepiscopus,

1001 2838 1414 2932 Eggibertus
1463 2839 1991 2930 Bambergensis
2007 2893 2027 2927 ,
2086 2841 2520 2912 Hermannus
2552 2837 3061 2931 Herbipolensis
3109 2836 3451 2931 episcopi,
3494 2837 3824 2909 Henricus

1005 2962 1312 3036 marchio
1349 2962 1440 3035 de
1465 2964 1746 3057 Burgau
1765 3017 1785 3055 ,
1819 2964 2163 3058 Rupertus
2200 2986 2430 3036 comes
2458 2962 2548 3036 de
2587 2962 2841 3053 Castel,
2880 2960 3102 3055 Egino
3135 2982 3367 3033 comes
3398 2959 3814 3055 deFriburg,

1008 3085 1370 3158 Heinricus
1401 3086 1490 3158 de
1522 3087 1777 3178 Niffen‚
1836 3087 2216 3160 Gottfridus
2257 3086 2347 3160 de
2398 3086 2831 3174 Hohenloch,
2888 3086 3045 3157 Otto
3080 3084 3170 3156 de
3198 3084 3592 3173 Eberstein,
3646 3086 3823 3159 Con-

1008 3208 1222 3281 radus
1250 3209 1339 3282 de
1365 3210 1924 3303 Tannenwerde‚
1958 3212 2352 3284 Waltherus
2387 3212 2715 3307 pincerna
2752 3210 2841 3283 de
2875 3210 3229 3304 Limperg‚
3285 3208 3641 3281 Conradus
3668 3210 3818 3303 pin-

1012 3355 1214 3406 cerna
1249 3332 1340 3405 de
1366 3335 1873 3407 Winterstetten
1890 3390 1910 3425 ,
1947 3335 2305 3432 Lupoldus
2340 3346 2411 3407 et
2439 3334 2875 3407 Eberhardus
2896 3335 3137 3406 fratres
3157 3330 3249 3405 de
3274 3331 3684 3405 Grindelach
3705 3385 3724 3422 ,
3754 3344 3821 3403 et

1004 3457 1118 3529 alii
1148 3458 1612 3551 quamplures,

1099 3580 1349 3651 Actum
1393 3580 1586 3675 apud
1640 3581 2104 3673 Nuremberg,
2156 3602 2339 3654 anno
2383 3580 2869 3653 incarnationis
2915 3579 3187 3652 Domini
3213 3579 3304 3651 Μ.
3336 3577 3461 3649 CC.
3496 3577 3815 3664 XXXIV,

1011 3704 1280 3777 decimo
1307 3703 1549 3798 quinto
1577 3703 1909 3777 kalendas
1931 3706 2367 3801 septembris,
2412 3705 2786 3778 indictione
2815 3706 3128 3799 septima.

616 4448 920 4555 Nurssffirg,
1106 4414 1514 4517 Henricus,
1574 4415 2094 4498 Romanorum
2138 4438 2310 4516 rex,
2363 4412 2716 4496 abbatem
2771 4423 2843 4494 et
2895 4410 3166 4493 fratres
3219 4410 3316 4492 de
3367 4406 3580 4491 Buch
3627 4405 3810 4489 Cis-

627 4556 678 4597 ²¹
702 4556 901 4606 ΝΜ·
1001 4546 1388 4633 terciensis
1423 4547 1715 4629 ordinis
1750 4572 1927 4628 cum
1961 4546 2399 4628 hominibus
2443 4557 2517 4627 et
2561 4544 2781 4630 bonis
2833 4570 3101 4628 eorum
3156 4542 3302 4626 sub
3355 4539 3813 4650 protectione

1002 4705 1142 4764 sua
1183 4678 1533 4788 suscipit,
1572 4677 2066 4787 indulgetque
2114 4686 2199 4759 ut
2231 4678 2610 4788 quidquid
2666 4705 2711 4759 a
2763 4702 3088 4786 persona
3139 4675 3383 4759 libera
3436 4673 3591 4756 sive
3645 4671 3810 4753 mi-
