4500 5956
1089 652 1212 713 640
2136 650 2484 711 Humum
2533 650 2865 712 SEPTml
3545 650 3703 735 [Anu.
3744 651 3912 713 1234.

1089 785 1486 859 Basiliensis
1509 786 1872 880 episcopus
1907 786 1977 857 in
2011 786 2299 860 solemni
2338 786 2529 860 curia
2577 785 2767 882 apud
2801 785 3398 857 Franckinfurtum
3440 806 3670 857 coram
3718 786 3919 857 nobis

1095 918 1166 981 et
1202 908 1666 1003 principibus,
1704 909 1825 981 ubi
1860 918 2210 1003 presentes
2232 918 2430 982 erant
2470 930 2632 982 cum
2668 908 3028 982 advocatis
3066 907 3214 979 suis
3250 909 3681 980 Hermannus
3728 929 3917 979 mar-

1092 1032 1252 1104 chio
1280 1030 1370 1103 de
1403 1032 1638 1105 Baden
1679 1040 1749 1104 et
1776 1032 1999 1126 Egino
2036 1054 2265 1105 comes
2320 1031 2411 1105 de
2459 1032 2785 1127 Friburg,
2850 1029 3342 1105 contendentes
3391 1029 3482 1102 de
3529 1030 3916 1123 argentifo-

1090 1154 1277 1228 dinis
1312 1165 1379 1229 et
1430 1155 1762 1229 custodiis
1809 1157 2142 1230 silvarum
2176 1177 2300 1250 per
2341 1156 2818 1250 Brisgaugiam
2874 1154 3069 1250 quod
3122 1153 3500 1248 vulgariter
3534 1152 3914 1248 Wildpann

1092 1279 1373 1367 dicitur,
1438 1280 1734 1353 obtinuit
1764 1288 1833 1352 et
1871 1281 2083 1354 evicit
2122 1302 2244 1376 per
2293 1280 2729 1375 privilegium
2766 1301 2976 1353 suum
3029 1279 3216 1375 ipsas
3277 1276 3815 1369 argentifodinas
3845 1287 3916 1351 et

1089 1403 1440 1477 custodias
1475 1404 1608 1477 sibi
1641 1413 1710 1477 et
1744 1404 2034 1478 ecclesie
2054 1425 2180 1477 sue
2207 1404 2495 1478 attinere
2523 1405 2583 1496 (l
2602 1402 2664 1498 ),
2702 1413 2772 1476 et
2798 1403 3028 1498 ipsum
3058 1402 3440 1496 Eginonem
3469 1401 3787 1474 comitem
3824 1400 3915 1474 de

1084 1527 1379 1619 Friburg
1410 1526 1672 1600 eisdem
1715 1527 1806 1599 ab
1842 1527 1994 1621 ipso
2033 1536 2103 1600 et
2153 1527 2442 1600 ecclesia
2476 1549 2600 1600 sua
2647 1527 2950 1620 legitime
2986 1524 3446 1600 infeudatum.
3487 1524 3632 1597 Nos
3679 1524 3914 1619 itaque

1084 1652 1592 1724 considerantes
1639 1649 1862 1744 ipsius
1906 1650 2237 1745 principis
2287 1649 2729 1724 devotionem
2777 1659 2848 1723 et
2889 1649 3080 1744 quod
3118 1647 3485 1721 sufficienti
3521 1647 3911 1721 testimonio

1083 1773 1494 1868 probaverat
1515 1772 1851 1866 prelibata
1879 1795 2006 1845 sue
2039 1774 2326 1847 ecclesie
2352 1774 2641 1846 attinere
2658 1828 2675 1861 ‚
2709 1781 3164 1846 memoratum
3187 1772 3569 1866 Eginonem
3591 1772 3910 1844 comitem

1081 1918 1202 1991 per
1232 1897 1635 1968 sententiam
1672 1897 2120 1992 approbatam
2151 1897 2241 1970 de
2270 1897 2710 1991 providentia
2746 1897 3012 1969 consilii
3046 1896 3258 1969 nostri
3296 1896 3608 1968 misimus
3641 1896 3711 1966 in
3748 1916 3908 1990 pos-

1087 2020 1461 2092 sessionem
1493 2019 1831 2091 bonorum
1859 2021 2425 2115 prescriptorum,
2460 2030 2530 2092 et
2564 2019 2805 2092 eadem
2833 2020 2964 2113 ipsi
3002 2020 3235 2092 comiti
3264 2029 3335 2091 et
3370 2017 3742 2091 heredibus
3758 2019 3906 2091 suis

1079 2144 1272 2237 regia
1322 2145 1723 2215 auctoritate
1766 2143 2287 2233 confirmamus;
2345 2143 2754 2216 mandantes
2793 2152 2861 2216 et
2906 2143 3038 2214 sub
3087 2143 3645 2215 interminatione
3688 2143 3906 2237 gratie

1076 2277 1310 2339 nostre
1346 2266 1731 2338 firmissime
1763 2267 2219 2361 precipientes
2250 2267 2548 2339 utnulla
2580 2267 2669 2338 sit
2695 2287 2983 2361 persona
3013 2266 3152 2337 alta
3186 2266 3298 2338 vel
3327 2264 3638 2356 humilis,
3680 2264 3906 2339 eccle-

1077 2392 1352 2464 siastica
1378 2391 1488 2463 vel
1521 2388 1904 2482 mundana,
1944 2412 2083 2483 que
2107 2392 2484 2462 antefatum
2509 2391 2829 2463 comitem
2862 2390 2934 2460 in
2964 2388 3356 2462 memoratis
3382 2390 3905 2481 argentifodinis

1079 2525 1148 2588 et
1184 2513 1515 2586 custodiis
1548 2515 1843 2585 ferarum
1876 2511 2211 2606 impedire
2245 2512 2499 2585 audeat
2519 2516 2625 2585 vel
2662 2535 2992 2606 gravare3
3035 2512 3227 2607 quod
3270 2513 3390 2607 qui
3428 2514 3663 2586 fecerit
3683 2514 3902 2606 gratia

1072 2648 1303 2712 nostra
1338 2637 1425 2709 sit
1455 2637 1809 2710 exclusus.
1852 2634 1967 2707 Ad
1998 2636 2119 2728 huj
2131 2658 2212 2708 us
2242 2636 2447 2708 etiam
2479 2637 2643 2710 facti
2680 2636 3100 2710 evidentiam
3135 2658 3423 2731 presens
3458 2636 3896 2731 privilegium

1068 2764 1204 2860 ipsi
1231 2761 1462 2835 comiti
1490 2761 1714 2853 sigillo
1742 2769 1972 2832 nostro
1996 2760 2494 2831 communitum
2536 2760 2822 2832 fecimus
2845 2759 3208 2853 assignari.

1171 2890 1401 2958 Testes
1437 2894 1600 2956 sunt
1623 2883 2022 2975 hujusmodi
2060 2910 2077 2954 ε
2109 2882 2408 2956 Sifridus
2431 2884 2906 2977 Moguntinus,
2942 2882 3325 2956 Thitericus
3346 2883 3767 2956 Trevirensis
3786 2906 3900 2957 ar-

1074 3010 1487 3103 chiepiscopi
1503 3064 1523 3101 ,
1563 3009 1990 3081 Ekkebertus
2021 3009 2548 3102 Bambergensis
2565 3062 2585 3097 ,
2619 3006 3100 3102 Engelhardus
3128 3007 3742 3100 Naumbergensis‚
3785 3009 3899 3080 Si-

1071 3132 1294 3205 fridus
1345 3132 1855 3227 Ratisponensis
1913 3132 2263 3227 episcopi,
2330 3131 2685 3205 Conradus
2741 3132 2958 3204 abbas
3015 3131 3246 3204 Sancti
3293 3129 3512 3220 Galli,
3573 3129 3897 3206 Albertus

1072 3256 1400 3345 Saxonie‚
1424 3255 1580 3326 Otto
1615 3254 1918 3326 Meranie
1945 3252 2185 3345 duceS,
2228 3255 2589 3328 Heinricus
2612 3255 2917 3329 marchio
2954 3254 3045 3329 de
3079 3256 3419 3347 Burgow,
3456 3252 3895 3328 Eberhardus

1069 3389 1138 3452 et
1169 3380 1325 3451 Otto
1352 3380 1593 3450 fratres
1628 3377 1717 3450 de
1740 3375 2149 3469 Eberstain,
2182 3377 2541 3452 Conradus
2570 3378 2991 3473 burgravius
3026 3376 3116 3450 de
3147 3377 3570 3472 Nurinberg,
3615 3380 3895 3452 Heinri-

1069 3524 1192 3575 cus
1223 3510 1294 3574 et
1319 3499 1641 3573 Albertus
1676 3502 1912 3572 fratres
1940 3499 2031 3573 de
2049 3500 2337 3589 Neiffen,
2381 3523 2610 3575 comes
2629 3503 3048 3575 Wolframus
3079 3500 3169 3574 de
3193 3501 3575 3596 veringen,
3611 3502 3892 3576 comites

1066 3624 1431 3697 Heinricus
1467 3633 1536 3695 et
1594 3624 2025 3695 Hermannus
2079 3626 2319 3697 fratres
2375 3624 2464 3698 de
2514 3626 2979 3719 Valdinberg,
3022 3623 3343 3698 Gerlacus
3379 3624 3470 3697 de
3499 3626 3840 3721 Butingen
3863 3679 3884 3717 ‚

1068 3749 1426 3822 Heinricus
1462 3748 1552 3821 de
1583 3747 1920 3837 Eberstal,
1952 3745 2270 3820 Albertus
2308 3748 2399 3821 de
2426 3749 2796 3838 Rosvvach,
2822 3748 3228 3843 Rudolphus
3250 3750 3517 3843 Hagge‚
3555 3750 3890 3822 Eberhar-

1066 3871 1199 3944 dus
1236 3871 1502 3968 dapifer
1538 3870 1628 3944 de
1656 3869 2071 3964 Waldperg,
2112 3870 2478 3944 Cunradus
2515 3871 2839 3968 pincerna
2875 3870 2965 3945 de
2997 3870 3501 3963 Winterstetin‚
3541 3872 3888 3945 Eberhar-

1068 3994 1202 4066 dus
1241 3994 1330 4068 de
1355 3995 1624 4087 Monte,
1666 4003 1734 4066 et
1771 3992 1886 4065 alii
1920 3993 2392 4087 quamplures.

1162 4116 1412 4188 Actum
1444 4115 1634 4212 apud
1666 4114 2254 4188 Franckinfortum
2276 4171 2294 4205 ,
2350 4138 2533 4190 anno
2560 4116 2834 4189 Domini
2862 4116 3228 4190 millesimo
3261 4116 3732 4191 ducentesimo
3762 4115 3885 4188 tri·

1071 4237 1324 4310 cesimo
1348 4250 1596 4330 quarto
1611 4291 1630 4329 ‚
1663 4239 1789 4309 XV
1825 4237 2165 4312 kalendas
2189 4241 2456 4332 martii,
2488 4238 2860 4315 indictione
2884 4241 3202 4340 septima.

1136 4590 1207 4665 (t)
1244 4591 1324 4651 Cf.
1350 4605 1514 4665 supra
1529 4589 1699 4666 ipsius
1714 4595 2013 4653 sententiae
2034 4594 2294 4667 formam,
2322 4611 2379 4671 p.
2402 4596 2528 4655 629.
