4500 5956
1053 589 1171 651 706
2096 594 2441 654 1110:anOE
2490 592 2828 655 SEPTIMI
3496 595 3657 674 [Amr.
3692 597 3868 662 1234.

1053 728 1160 799 vel
1196 726 1568 797 mittendos
1593 737 1784 798 extra
1803 728 2306 801 Lombardiam.
2333 730 2499 802 Item
2527 728 2715 824 quod
2747 749 2883 800 non
2906 735 3266 799 teneantur
3295 727 3526 821 aliqua
3550 729 3639 803 de
3666 753 3872 807 causa

1060 848 1226 920 dare
1262 850 1569 939 obsideS‚
1615 852 1724 921 vel
1766 851 2049 944 pignora
2080 853 2190 922 vel
2221 854 2646 925 securitates.
2675 854 2896 938 Quam
2933 848 3327 921 fidelitatem
3361 851 3582 925 facere
3619 852 3873 927 debent

1057 972 1269 1043 salvis
1291 973 1728 1044 societatibus
1755 984 1820 1044 et
1846 974 2164 1046 amicitiis
2190 976 2577 1048 communis
2619 974 2993 1048 Mediolani
3026 982 3093 1045 et
3128 973 3481 1067 presertim
3518 977 3711 1048 salva
3744 999 3872 1049 so·-

1058 1096 1296 1168 cietate
1328 1096 1759 1184 lombardie,
1802 1097 2103 1170 Marchie
2127 1108 2197 1170 et
2224 1099 2591 1190 Romanie;
2625 1120 2831 1193 quam
2867 1095 3265 1169 fidelitatem
3296 1107 3615 1193 utsupra
3651 1100 3873 1173 facere

1055 1219 1332 1309 volunt,
1372 1221 1431 1290 si
1468 1219 1693 1292 dictus
1731 1220 2055 1293 dominus
2084 1244 2214 1293 rex
2239 1230 2310 1294 et
2333 1222 2678 1316 principes
2707 1220 3112 1293 Alemannie
3150 1221 3396 1293 volunt
3420 1226 3704 1314 juvare,
3741 1221 3870 1295 ad-

1043 1344 1292 1435 juvare
1333 1351 1402 1414 et
1438 1354 1884 1416 manutenere
1926 1352 1997 1416 et
2041 1344 2416 1417 defendere
2462 1343 2963 1436 Mediolanum,
3010 1345 3353 1432 Brixiam,
3394 1345 3773 1417 Bononiam
3800 1357 3870 1418 et

1051 1465 1511 1539 marchionem
1548 1468 2025 1539 Montisferrati
2059 1477 2126 1539 et
2146 1468 2514 1540 Novariam
2552 1477 2621 1539 et
2641 1467 2954 1540 Laudam
2981 1446 3052 1539 et
3076 1469 3245 1541 alias
3282 1467 3595 1539 civitates
3616 1476 3688 1539 et
3715 1468 3871 1540 uni-

1049 1590 1405 1663 versitates
1423 1599 1491 1662 et
1507 1591 1659 1665 loca
1686 1612 1826 1685 que
1841 1600 2003 1662 sunt
2026 1593 2139 1663 vel
2159 1600 2363 1663 erunt
2389 1591 2478 1663 de
2502 1594 2829 1665 societate
2850 1599 2919 1664 et
2941 1592 3243 1665 amicitia
3270 1592 3669 1679 Mediolani,
3699 1592 3869 1665 dum

1047 1714 1121 1785 in
1158 1713 1479 1785 societate
1499 1721 1568 1783 et
1596 1713 1897 1787 amicitia
1930 1711 2362 1805 duraverint,
2396 1723 2467 1787 et
2499 1713 2631 1787 hoc
2666 1714 2739 1785 in
2764 1715 2952 1787 omni
2985 1735 3115 1786 suo
3145 1723 3217 1787 et
3247 1736 3487 1787 eorum
3524 1714 3783 1787 honore
3801 1722 3872 1788 et

1051 1836 1310 1931 podere
1335 1845 1403 1909 et
1430 1845 1607 1908 statu
1641 1846 1712 1908 et
1734 1839 2168 1932 possessione
2200 1849 2269 1909 et
2295 1840 2490 1911 fortia
2516 1860 2658 1934 quo
2688 1840 2801 1911 vel
2834 1860 2976 1934 qua
3008 1859 3196 1910 nunc
3229 1847 3393 1910 sunt
3424 1848 3493 1911 et
3526 1839 3597 1910 in
3630 1849 3870 1934 poste-

1048 1983 1201 2032 rum
1238 1970 1438 2032 erunt
1480 1970 1713 2033 contra
1763 1962 2077 2033 inimicos
2106 1983 2284 2054 quos
2319 1984 2507 2034 nunc
2546 1962 2805 2035 habent
2859 1963 2971 2035 vel
3006 1963 3096 2035 de
3130 1972 3357 2035 cetero
3405 1961 3761 2034 habebunt
3797 1963 3868 2033 in

1044 2084 1459 2156 Lombardia
1492 2086 1605 2157 vel
1654 2085 1820 2157 alibi
1881 2084 2016 2179 (l),
2055 2097 2124 2157 et
2166 2085 2519 2159 offendere
2566 2087 2881 2158 inimicos
2930 2108 3170 2158 eorum
3219 2085 3603 2159 secundum
3668 2106 3869 2180 posse

1044 2209 1261 2302 ipsius
1303 2208 1487 2301 regis
1533 2216 1603 2279 et
1628 2209 2052 2303 principum,
2096 2209 2451 2304 presertim
2501 2208 2904 2281 Cremonam
2951 2219 3021 2281 et
3063 2208 3345 2303 Papiam
3388 2216 3455 2281 et
3481 2229 3719 2281 earum
3760 2230 3866 2280 se·

1043 2353 1297 2425 quaces
1323 2333 1445 2426 qui
1483 2354 1670 2404 nunc
1693 2341 1854 2403 sunt
1889 2333 1998 2404 vel
2033 2353 2159 2426 pro
2184 2331 2612 2426 temporibus
2649 2341 2888 2421 erunt;
2921 2341 2992 2403 et
3037 2331 3231 2426 quod
3261 2352 3401 2404 non
3433 2331 3683 2404 facient
3721 2331 3868 2425 ipse

1045 2478 1169 2528 rex
1199 2457 1305 2528 vel
1327 2456 1673 2551 principes
1696 2455 1998 2549 aliquam
2033 2454 2470 2527 concordiam
2504 2456 2615 2528 vel
2641 2456 3029 2550 pactionem
3059 2457 3172 2527 vel
3209 2455 3738 2528 conventionem
3758 2456 3870 2529 vel

1041 2599 1279 2673 pacem
1304 2600 1462 2649 cum
1490 2578 1786 2650 inimicis
1807 2576 2208 2666 Mediolani,
2245 2578 2516 2667 Brixie,
2546 2579 2879 2666 Bononie,
2918 2577 3332 2650 marchionis
3355 2578 3864 2668 Montisferrati,

1041 2701 1370 2792 Novaria,
1427 2700 1663 2774 Laude
1714 2701 2145 2794 aliarumque
2196 2701 2557 2773 civitatum
2606 2709 2675 2773 et
2724 2702 3251 2774 universitatum
3296 2710 3364 2773 et
3419 2702 3729 2774 locorum
3778 2698 3869 2772 de

1045 2826 1367 2898 societate
1392 2833 1460 2897 et
1476 2824 1779 2897 amicitia
1797 2824 2161 2896 Mediolani
2185 2822 2670 2918 undecumque
2690 2823 2852 2914 sint,
2892 2831 2962 2895 et
2979 2824 3336 2918 presertim
3360 2845 3519 2895 cum
3540 2823 3866 2897 Cremona

1050 2960 1118 3023 et
1148 2951 1358 3045 Papia
1391 2949 1504 3022 vel
1540 2949 1692 3021 aliis
1723 2949 2117 3021 civitatibus
2165 2947 2278 3020 vel
2312 2947 2482 3021 locis
2513 2969 2635 3020 seu
2669 2947 2983 3044 personis
3029 2948 3139 3021 vel
3175 2947 3742 3022 universitatibus
3778 2945 3867 3019 de

1047 3075 1366 3147 societate
1395 3073 1721 3144 Cremone
1749 3075 1860 3144 vel
1897 3073 2131 3167 Papie,
2161 3074 2313 3145 sine
2348 3075 2704 3146 voluntate
2732 3073 3121 3145 communis
3146 3071 3510 3145 Mediolani
3538 3081 3609 3144 et
3637 3071 3868 3144 socie-

1052 3197 1206 3270 tatis
1240 3207 1310 3270 et
1345 3197 1645 3269 amicitie
1675 3198 1848 3288 ejus.
1890 3198 1988 3267 De
2026 3197 2282 3290 quibus
2323 3197 2654 3269 oneribus
2687 3206 3001 3269 teneatur
3035 3196 3384 3292 predictus
3416 3217 3545 3268 rex
3576 3205 3646 3266 et
3680 3196 3868 3290 prin-

1053 3321 1241 3415 cipes
1275 3329 1342 3391 et
1374 3339 1610 3391 eorum
1641 3340 2093 3409 successores,
2133 3339 2376 3391 omnes
2421 3320 2728 3393 simulet
2762 3320 3052 3414 quilibet
3085 3341 3209 3416 per
3241 3340 3350 3410 se,
3407 3329 3478 3391 et
3507 3320 3672 3391 hinc
3706 3319 3868 3393 inde

1054 3444 1237 3517 dicta
1268 3452 1692 3515 sacramenta
1729 3452 2144 3514 renoventur
2178 3442 2472 3535 singulis
2529 3443 2920 3535 decenniis,
2975 3443 3069 3515 ita
3105 3440 3295 3535 quod
3337 3442 3409 3513 in
3460 3451 3868 3537 perpetuum

1052 3568 1305 3640 durent
1330 3576 1399 3637 et
1433 3566 1882 3638 observentur
1917 3575 1985 3636 et
2030 3565 2101 3635 in
2132 3566 2645 3638 successoribus
2683 3576 2753 3638 et
2803 3568 2873 3638 in
2926 3564 3086 3638 filiis
3133 3567 3353 3661 ipsius
3386 3565 3649 3637 domini
3686 3565 3869 3657 regis

1051 3712 1228 3786 quos
1265 3711 1451 3762 nunc
1485 3688 1694 3763 habet
1730 3690 1842 3760 vel
1887 3687 2169 3760 habebit
2197 3690 2426 3760 locum
2473 3690 2800 3780 babeant,
2855 3699 2927 3762 et
2961 3690 3217 3781 regalia
3263 3690 3401 3761 sint
3435 3697 3505 3760 et
3539 3698 3866 3784 perpetua

1048 3827 1119 3888 et
1149 3836 1287 3886 non
1312 3812 1694 3910 personalia
1719 3833 1847 3884 nec
1875 3812 2300 3906 temporalia,
2331 3834 2469 3884 non
2501 3822 2765 3884 tantum
2802 3813 2874 3884 in
2895 3834 3188 3908 persona
3218 3812 3402 3906 regis
3428 3813 3539 3885 vel
3575 3810 3869 3883 filiorum

1051 3939 1202 4029 ejus
1214 3960 1340 4010 seu
1360 3958 1861 4028 successorum,
1891 3935 2205 4008 itaetiam
2232 3945 2301 4007 et
2318 3957 2794 4009 successorum
2814 3935 3245 4009 eorumdem.
3274 3936 3361 4008 Et
3384 3935 3628 4010 eodem
3660 3932 3868 4005 modo

1054 4073 1412 4136 teneantur
1444 4062 1534 4135 de
1565 4061 1886 4157 predictis
1917 4062 2238 4135 omnibus
2265 4065 2570 4157 prefatus
2591 4060 2912 4135 dominus
2937 4083 3065 4135 rex
3087 4071 3158 4135 et
3187 4061 3533 4157 principes
3550 4059 3866 4133 Aleman-

1130 4419 1201 4491 (⁴)
1238 4418 1383 4475 Licet
1419 4417 1720 4475 Fridericus
1761 4418 2053 4492 imperator
2088 4420 2145 4476 in
2178 4420 2282 4477 hoc
2319 4420 2671 4478 instrumento
2710 4436 2966 4494 expresso
3004 4421 3220 4479 nomine
3259 4436 3367 4477 non
3407 4418 3694 4488 indicetur,
3732 4415 3864 4473 satis

1053 4518 1267 4571 constat
1299 4513 1559 4569 adversus
1583 4528 1708 4569 eum
1730 4515 2061 4572 Lombardos
2086 4515 2243 4571 simul
2276 4519 2332 4570 et
2356 4530 2536 4587 regem
2570 4515 2857 4572 Henricum
2883 4515 2985 4573 sibi
3020 4516 3343 4589 providisse,
3369 4515 3425 4571 in
3450 4515 3555 4572 hoc
3585 4512 3865 4587 praecipue
3909 4559 3915 4563 .

1056 4617 1117 4668 ut
1138 4624 1388 4667 accessus
1425 4610 1495 4665 ad
1516 4610 1881 4667 Alemanniam
1913 4613 2014 4685 ipsi
2043 4612 2465 4684 interciperetur.
2497 4611 2774 4680 Quomodo
2806 4614 2948 4672 enim
2967 4614 3081 4687 jam
3107 4628 3247 4670 anno
3280 4615 3421 4672 ⁴226
3449 4610 3544 4669 filii
3569 4611 3640 4668 ad
3663 4615 3869 4685 patrem

1055 4710 1232 4768 aditus
1259 4723 1291 4765 a
1316 4706 1630 4765 Lombardis
1659 4709 1972 4781 praeclusus
1996 4708 2185 4780 fuerit,
2219 4710 2577 4767 meminerunt
2609 4711 2855 4770 lectores.
