<?xml version="1.0" encoding="UTF-8"?>
<!DOCTYPE html PUBLIC "-//W3C//DTD XHTML 1.0 Transitional//EN"
    "http://www.w3.org/TR/xhtml1/DTD/xhtml1-transitional.dtd">
<html xmlns="http://www.w3.org/1999/xhtml" xml:lang="en" lang="en">
 <head>
  <title>
</title>
<meta http-equiv="Content-Type" content="text/html;charset=utf-8" />
  <meta name='ocr-system' content='tesseract 3.04.00' />
  <meta name='ocr-capabilities' content='ocr_page ocr_carea ocr_par ocr_line ocrx_word'/>
</head>
<body>
  <div class='ocr_page' id='page_1' title='image "./historiadiploma00empegoog_0417.png"; bbox 0 0 4500 5956; ppageno 0'>
   <div class='ocr_carea' id='block_1_1' title="bbox 1626 568 3472 654">
    <p class='ocr_par' dir='ltr' id='par_1_1' title="bbox 1626 568 3472 654">
     <span class='ocr_line' id='line_1_1' title="bbox 1626 568 3472 654; baseline 0.005 -10"><span class='ocrx_word' id='word_1_1' title='bbox 1626 582 2129 645; x_wconf 69' lang='lat' dir='ltr'><strong>Decumum</strong></span> <span class='ocrx_word' id='word_1_2' title='bbox 2175 568 2504 646; x_wconf 69' lang='lat' dir='ltr'><strong>spuma,</strong></span> <span class='ocrx_word' id='word_1_3' title='bbox 3352 590 3472 654; x_wconf 84' lang='lat'><strong>959</strong></span> 
     </span>
    </p>
   </div>
   <div class='ocr_carea' id='block_1_2' title="bbox 888 718 3467 1118">
    <p class='ocr_par' dir='ltr' id='par_1_2' title="bbox 888 718 3467 1118">
     <span class='ocr_line' id='line_1_2' title="bbox 892 718 3467 796; baseline 0.002 -15"><span class='ocrx_word' id='word_1_4' title='bbox 892 722 1073 793; x_wconf 87' lang='lat' dir='ltr'><strong>rium,</strong></span> <span class='ocrx_word' id='word_1_5' title='bbox 1089 720 1439 795; x_wconf 81' lang='lat' dir='ltr'><strong>rescriptum</strong></span> <span class='ocrx_word' id='word_1_6' title='bbox 1457 723 1656 780; x_wconf 84' lang='lat' dir='ltr'><strong>tamen</strong></span> <span class='ocrx_word' id='word_1_7' title='bbox 1672 724 1732 779; x_wconf 92' lang='lat' dir='ltr'><strong>et</strong></span> <span class='ocrx_word' id='word_1_8' title='bbox 1752 719 2152 780; x_wconf 86' lang='lat' dir='ltr'><strong>adulteratum</strong></span> <span class='ocrx_word' id='word_1_9' title='bbox 2174 718 2383 794; x_wconf 79' lang='lat' dir='ltr'><strong>fuisse,</strong></span> <span class='ocrx_word' id='word_1_10' title='bbox 2405 726 2533 779; x_wconf 90' lang='lat' dir='ltr'><strong>tum</strong></span> <span class='ocrx_word' id='word_1_11' title='bbox 2561 736 2639 780; x_wconf 88' lang='lat' dir='ltr'><strong>ex</strong></span> <span class='ocrx_word' id='word_1_12' title='bbox 2664 721 2848 796; x_wconf 83' lang='lat' dir='ltr'><strong>ipsius</strong></span> <span class='ocrx_word' id='word_1_13' title='bbox 2874 723 3092 782; x_wconf 89' lang='lat' dir='ltr'><strong>tenoris</strong></span> <span class='ocrx_word' id='word_1_14' title='bbox 3108 722 3318 796; x_wconf 79' lang='lat' dir='ltr'><strong>forma,</strong></span> <span class='ocrx_word' id='word_1_15' title='bbox 3337 731 3467 786; x_wconf 88' lang='lat' dir='ltr'><strong>tum</strong></span> 
     </span>
     <span class='ocr_line' id='line_1_3' title="bbox 895 822 3460 910; baseline 0.002 -24"><span class='ocrx_word' id='word_1_16' title='bbox 895 842 975 887; x_wconf 88' lang='lat' dir='ltr'><strong>ex</strong></span> <span class='ocrx_word' id='word_1_17' title='bbox 1013 826 1170 885; x_wconf 75' lang='lat' dir='ltr'><strong>notIs</strong></span> <span class='ocrx_word' id='word_1_18' title='bbox 1208 824 1630 902; x_wconf 77' lang='lat' dir='ltr'>chronologicis</span> <span class='ocrx_word' id='word_1_19' title='bbox 1668 826 2005 885; x_wconf 81' lang='lat' dir='ltr'><strong>asserimus.</strong></span> <span class='ocrx_word' id='word_1_20' title='bbox 2032 826 2126 886; x_wconf 82' lang='lat' dir='ltr'><strong>Ex</strong></span> <span class='ocrx_word' id='word_1_21' title='bbox 2147 825 2322 886; x_wconf 84' lang='lat' dir='ltr'><strong>Verci</strong></span> <span class='ocrx_word' id='word_1_22' title='bbox 2353 823 2539 903; x_wconf 74' lang='lat' dir='ltr'><strong>(Scor.</strong></span> <span class='ocrx_word' id='word_1_23' title='bbox 2567 822 2710 905; x_wconf 76' lang='lat' dir='ltr'><strong>deql.</strong></span> <span class='ocrx_word' id='word_1_24' title='bbox 2744 822 2976 903; x_wconf 76' lang='lat' dir='ltr'><strong>Ecelin,</strong></span> <span class='ocrx_word' id='word_1_25' title='bbox 3011 835 3060 887; x_wconf 86' lang='lat' dir='ltr'><strong>t.</strong></span> <span class='ocrx_word' id='word_1_26' title='bbox 3090 828 3171 904; x_wconf 88' lang='lat'><strong>11,</strong></span> <span class='ocrx_word' id='word_1_27' title='bbox 3202 845 3259 905; x_wconf 90' lang='lat' dir='ltr'><strong>p.</strong></span> <span class='ocrx_word' id='word_1_28' title='bbox 3297 830 3460 910; x_wconf 86' lang='lat'>108),</span> 
     </span>
     <span class='ocr_line' id='line_1_4' title="bbox 890 930 3464 1008; baseline 0.002 -16"><span class='ocrx_word' id='word_1_29' title='bbox 890 930 1303 992; x_wconf 86' lang='lat' dir='ltr'><strong>tantummodo</strong></span> <span class='ocrx_word' id='word_1_30' title='bbox 1328 932 1717 1006; x_wconf 72' lang='lat' dir='ltr'><strong>comperimus</strong></span> <span class='ocrx_word' id='word_1_31' title='bbox 1743 930 2011 991; x_wconf 87' lang='lat' dir='ltr'><strong>dominos</strong></span> <span class='ocrx_word' id='word_1_32' title='bbox 2032 932 2106 992; x_wconf 88' lang='lat' dir='ltr'><strong>de</strong></span> <span class='ocrx_word' id='word_1_33' title='bbox 2122 931 2423 1008; x_wconf 86' lang='lat' dir='ltr'><strong>Dressino,</strong></span> <span class='ocrx_word' id='word_1_34' title='bbox 2445 932 2589 991; x_wconf 87' lang='lat' dir='ltr'><strong>dum</strong></span> <span class='ocrx_word' id='word_1_35' title='bbox 2606 932 2999 993; x_wconf 81' lang='lat' dir='ltr'><strong>marchionem</strong></span> <span class='ocrx_word' id='word_1_36' title='bbox 3025 934 3330 997; x_wconf 84' lang='lat' dir='ltr'><strong>Estensem</strong></span> <span class='ocrx_word' id='word_1_37' title='bbox 3350 936 3464 998; x_wconf 82' lang='lat' dir='ltr'><strong>sibi</strong></span> 
     </span>
     <span class='ocr_line' id='line_1_5' title="bbox 888 1034 3221 1118; baseline 0 -22"><span class='ocrx_word' id='word_1_38' title='bbox 888 1034 1185 1096; x_wconf 77' lang='lat' dir='ltr'><strong>offensum</strong></span> <span class='ocrx_word' id='word_1_39' title='bbox 1208 1034 1516 1108; x_wconf 85' lang='lat' dir='ltr'><strong>haberent,</strong></span> <span class='ocrx_word' id='word_1_40' title='bbox 1545 1050 1583 1096; x_wconf 83' lang='lat' dir='ltr'><strong>a</strong></span> <span class='ocrx_word' id='word_1_41' title='bbox 1607 1036 1844 1096; x_wconf 84' lang='lat' dir='ltr'><strong>civitate</strong></span> <span class='ocrx_word' id='word_1_42' title='bbox 1881 1036 2147 1097; x_wconf 81' lang='lat' dir='ltr'><strong>vicentia</strong></span> <span class='ocrx_word' id='word_1_43' title='bbox 2182 1037 2521 1114; x_wconf 82' lang='lat' dir='ltr'><strong>secessisse,</strong></span> <span class='ocrx_word' id='word_1_44' title='bbox 2551 1051 2710 1095; x_wconf 89' lang='lat' dir='ltr'><strong>anno</strong></span> <span class='ocrx_word' id='word_1_45' title='bbox 2743 1044 2892 1097; x_wconf 79' lang='lat'>1236</span> <span class='ocrx_word' id='word_1_46' title='bbox 2934 1038 3221 1118; x_wconf 82' lang='lat' dir='ltr'><strong>ineunte.)</strong></span> 
     </span>
    </p>
   </div>
   <div class='ocr_carea' id='block_1_3' title="bbox 602 1220 3466 4777">
    <p class='ocr_par' dir='ltr' id='par_1_3' title="bbox 602 1220 3466 4777">
     <span class='ocr_line' id='line_1_6' title="bbox 746 1220 3463 1325; baseline 0.004 -33"><span class='ocrx_word' id='word_1_47' title='bbox 746 1220 1156 1311; x_wconf 90' lang='lat' dir='ltr'><strong>Federicus,</strong></span> <span class='ocrx_word' id='word_1_48' title='bbox 1218 1220 1456 1293; x_wconf 86' lang='lat' dir='ltr'><strong>divina</strong></span> <span class='ocrx_word' id='word_1_49' title='bbox 1513 1222 1789 1294; x_wconf 84' lang='lat' dir='ltr'><strong>favente</strong></span> <span class='ocrx_word' id='word_1_50' title='bbox 1841 1221 2200 1293; x_wconf 87' lang='lat' dir='ltr'><strong>clementia</strong></span> <span class='ocrx_word' id='word_1_51' title='bbox 2245 1223 2707 1293; x_wconf 89' lang='lat' dir='ltr'><strong>Romanorum</strong></span> <span class='ocrx_word' id='word_1_52' title='bbox 2763 1222 3132 1318; x_wconf 87' lang='lat' dir='ltr'><strong>imperator</strong></span> <span class='ocrx_word' id='word_1_53' title='bbox 3188 1249 3463 1325; x_wconf 89' lang='lat' dir='ltr'><strong>semper</strong></span> 
     </span>
     <span class='ocr_line' id='line_1_7' title="bbox 650 1343 3463 1441; baseline 0.004 -25"><span class='ocrx_word' id='word_1_54' title='bbox 650 1355 1017 1439; x_wconf 86' lang='lat' dir='ltr'><strong>augustus,</strong></span> <span class='ocrx_word' id='word_1_55' title='bbox 1081 1353 1151 1416; x_wconf 88' lang='lat' dir='ltr'><strong>et</strong></span> <span class='ocrx_word' id='word_1_56' title='bbox 1202 1365 1330 1415; x_wconf 80' lang='lat' dir='ltr'><strong>rex</strong></span> <span class='ocrx_word' id='word_1_57' title='bbox 1392 1343 1645 1416; x_wconf 88' lang='lat' dir='ltr'><strong>Sicilie.</strong></span> <span class='ocrx_word' id='word_1_58' title='bbox 1702 1344 2078 1435; x_wconf 86' lang='lat' dir='ltr'><strong>Majestatis</strong></span> <span class='ocrx_word' id='word_1_59' title='bbox 2136 1343 2502 1439; x_wconf 91' lang='lat' dir='ltr'><strong>imperialis</strong></span> <span class='ocrx_word' id='word_1_60' title='bbox 2549 1346 2952 1441; x_wconf 80' lang='lat' dir='ltr'><strong>precipuum</strong></span> <span class='ocrx_word' id='word_1_61' title='bbox 3006 1359 3112 1421; x_wconf 89' lang='lat' dir='ltr'><strong>est</strong></span> <span class='ocrx_word' id='word_1_62' title='bbox 3158 1352 3463 1427; x_wconf 91' lang='lat' dir='ltr'><strong>officium</strong></span> 
     </span>
     <span class='ocr_line' id='line_1_8' title="bbox 649 1466 3453 1562; baseline 0.004 -21"><span class='ocrx_word' id='word_1_63' title='bbox 649 1469 889 1543; x_wconf 85' lang='lat' dir='ltr'><strong>fideles</strong></span> <span class='ocrx_word' id='word_1_64' title='bbox 938 1490 1104 1541; x_wconf 89' lang='lat' dir='ltr'><strong>suos</strong></span> <span class='ocrx_word' id='word_1_65' title='bbox 1159 1468 1538 1562; x_wconf 90' lang='lat' dir='ltr'><strong>privilegiis</strong></span> <span class='ocrx_word' id='word_1_66' title='bbox 1588 1466 1915 1541; x_wconf 90' lang='lat' dir='ltr'><strong>decorare</strong></span> <span class='ocrx_word' id='word_1_67' title='bbox 1963 1477 2033 1539; x_wconf 89' lang='lat' dir='ltr'><strong>et</strong></span> <span class='ocrx_word' id='word_1_68' title='bbox 2080 1467 2432 1540; x_wconf 87' lang='lat' dir='ltr'><strong>beneficiis</strong></span> <span class='ocrx_word' id='word_1_69' title='bbox 2483 1469 2756 1542; x_wconf 89' lang='lat' dir='ltr'><strong>afficere</strong></span> <span class='ocrx_word' id='word_1_70' title='bbox 2798 1470 3453 1551; x_wconf 88' lang='lat' dir='ltr'><strong>munificentissime.</strong></span> 
     </span>
     <span class='ocr_line' id='line_1_9' title="bbox 647 1590 3453 1691; baseline 0.002 -26"><span class='ocrx_word' id='word_1_71' title='bbox 647 1593 1105 1679; x_wconf 87' lang='lat' dir='ltr'><strong>Quamobrem</strong></span> <span class='ocrx_word' id='word_1_72' title='bbox 1138 1613 1294 1663; x_wconf 91' lang='lat' dir='ltr'><strong>cum</strong></span> <span class='ocrx_word' id='word_1_73' title='bbox 1346 1591 1544 1663; x_wconf 91' lang='lat' dir='ltr'><strong>nobis</strong></span> <span class='ocrx_word' id='word_1_74' title='bbox 1588 1591 1817 1664; x_wconf 84' lang='lat' dir='ltr'><strong>dilecti</strong></span> <span class='ocrx_word' id='word_1_75' title='bbox 1850 1603 1920 1664; x_wconf 90' lang='lat' dir='ltr'><strong>et</strong></span> <span class='ocrx_word' id='word_1_76' title='bbox 1947 1590 2185 1664; x_wconf 86' lang='lat' dir='ltr'><strong>fideles</strong></span> <span class='ocrx_word' id='word_1_77' title='bbox 2215 1592 2471 1682; x_wconf 87' lang='lat' dir='ltr'><strong>Ugutio</strong></span> <span class='ocrx_word' id='word_1_78' title='bbox 2502 1600 2571 1665; x_wconf 89' lang='lat' dir='ltr'><strong>et</strong></span> <span class='ocrx_word' id='word_1_79' title='bbox 2607 1593 2969 1667; x_wconf 75' lang='lat' dir='ltr'><strong>Zuffiedus</strong></span> <span class='ocrx_word' id='word_1_80' title='bbox 2999 1595 3090 1668; x_wconf 90' lang='lat' dir='ltr'><strong>de</strong></span> <span class='ocrx_word' id='word_1_81' title='bbox 3126 1598 3453 1691; x_wconf 87' lang='lat' dir='ltr'><strong>Trissino,</strong></span> 
     </span>
     <span class='ocr_line' id='line_1_10' title="bbox 645 1715 3460 1812; baseline 0.002 -22"><span class='ocrx_word' id='word_1_82' title='bbox 645 1717 966 1790; x_wconf 89' lang='lat' dir='ltr'><strong>omnibus</strong></span> <span class='ocrx_word' id='word_1_83' title='bbox 1000 1716 1327 1812; x_wconf 89' lang='lat' dir='ltr'><strong>periculis</strong></span> <span class='ocrx_word' id='word_1_84' title='bbox 1358 1716 1800 1810; x_wconf 87' lang='lat' dir='ltr'><strong>contemptis,</strong></span> <span class='ocrx_word' id='word_1_85' title='bbox 1837 1716 2088 1787; x_wconf 88' lang='lat' dir='ltr'><strong>nostris</strong></span> <span class='ocrx_word' id='word_1_86' title='bbox 2118 1716 2358 1789; x_wconf 89' lang='lat' dir='ltr'><strong>litteris</strong></span> <span class='ocrx_word' id='word_1_87' title='bbox 2388 1715 2789 1790; x_wconf 82' lang='lat' dir='ltr'><strong>obedientes</strong></span> <span class='ocrx_word' id='word_1_88' title='bbox 2835 1718 2927 1791; x_wconf 88' lang='lat' dir='ltr'><strong>ad</strong></span> <span class='ocrx_word' id='word_1_89' title='bbox 2978 1740 3105 1791; x_wconf 91' lang='lat' dir='ltr'><strong>nos</strong></span> <span class='ocrx_word' id='word_1_90' title='bbox 3145 1724 3460 1796; x_wconf 88' lang='lat' dir='ltr'><strong>venerint</strong></span> 
     </span>
     <span class='ocr_line' id='line_1_11' title="bbox 647 1839 3461 1941; baseline 0.002 -27"><span class='ocrx_word' id='word_1_91' title='bbox 647 1854 715 1914; x_wconf 89' lang='lat' dir='ltr'><strong>et</strong></span> <span class='ocrx_word' id='word_1_92' title='bbox 744 1842 1024 1936; x_wconf 90' lang='lat' dir='ltr'><strong>egregia</strong></span> <span class='ocrx_word' id='word_1_93' title='bbox 1049 1839 1327 1913; x_wconf 80' lang='lat' dir='ltr'><strong>servitia</strong></span> <span class='ocrx_word' id='word_1_94' title='bbox 1360 1839 1655 1913; x_wconf 90' lang='lat' dir='ltr'><strong>diversis</strong></span> <span class='ocrx_word' id='word_1_95' title='bbox 1690 1840 2114 1934; x_wconf 87' lang='lat' dir='ltr'><strong>temporibus</strong></span> <span class='ocrx_word' id='word_1_96' title='bbox 2147 1849 2288 1911; x_wconf 88' lang='lat' dir='ltr'><strong>tam</strong></span> <span class='ocrx_word' id='word_1_97' title='bbox 2316 1840 2604 1934; x_wconf 81' lang='lat' dir='ltr'><strong>predicti</strong></span> <span class='ocrx_word' id='word_1_98' title='bbox 2629 1863 2839 1934; x_wconf 91' lang='lat' dir='ltr'><strong>quam</strong></span> <span class='ocrx_word' id='word_1_99' title='bbox 2868 1843 3159 1934; x_wconf 89' lang='lat' dir='ltr'><strong>majores</strong></span> <span class='ocrx_word' id='word_1_100' title='bbox 3190 1845 3299 1916; x_wconf 91' lang='lat' dir='ltr'><strong>sui</strong></span> <span class='ocrx_word' id='word_1_101' title='bbox 3336 1869 3461 1941; x_wconf 93' lang='lat' dir='ltr'><strong>pro</strong></span> 
     </span>
     <span class='ocr_line' id='line_1_12' title="bbox 646 1963 3460 2059; baseline 0.002 -22"><span class='ocrx_word' id='word_1_102' title='bbox 646 1967 1001 2058; x_wconf 62' lang='lat' dir='ltr'><strong>majestate</strong></span> <span class='ocrx_word' id='word_1_103' title='bbox 1031 1965 1319 2038; x_wconf 87' lang='lat' dir='ltr'><strong>Romani</strong></span> <span class='ocrx_word' id='word_1_104' title='bbox 1353 1963 1623 2059; x_wconf 90' lang='lat' dir='ltr'><strong>imperii</strong></span> <span class='ocrx_word' id='word_1_105' title='bbox 1652 1963 2012 2058; x_wconf 89' lang='lat' dir='ltr'><strong>preliando</strong></span> <span class='ocrx_word' id='word_1_106' title='bbox 2054 1973 2332 2036; x_wconf 90' lang='lat' dir='ltr'><strong>strenue</strong></span> <span class='ocrx_word' id='word_1_107' title='bbox 2378 1973 2449 2036; x_wconf 88' lang='lat' dir='ltr'><strong>et</strong></span> <span class='ocrx_word' id='word_1_108' title='bbox 2494 1965 2772 2057; x_wconf 87' lang='lat' dir='ltr'><strong>egregie</strong></span> <span class='ocrx_word' id='word_1_109' title='bbox 2821 1966 3300 2056; x_wconf 79' lang='lat' dir='ltr'><strong>exhibuerint,</strong></span> <span class='ocrx_word' id='word_1_110' title='bbox 3339 1990 3460 2043; x_wconf 90' lang='lat' dir='ltr'><strong>eo-</strong></span> 
     </span>
     <span class='ocr_line' id='line_1_13' title="bbox 648 2087 3460 2182; baseline 0.001 -22"><span class='ocrx_word' id='word_1_111' title='bbox 648 2111 798 2160; x_wconf 90' lang='lat' dir='ltr'><strong>rum</strong></span> <span class='ocrx_word' id='word_1_112' title='bbox 846 2089 1188 2182; x_wconf 81' lang='lat' dir='ltr'><strong>insignem</strong></span> <span class='ocrx_word' id='word_1_113' title='bbox 1246 2088 1684 2162; x_wconf 90' lang='lat' dir='ltr'><strong>devotionem</strong></span> <span class='ocrx_word' id='word_1_114' title='bbox 1746 2108 1914 2181; x_wconf 87' lang='lat' dir='ltr'><strong>erga</strong></span> <span class='ocrx_word' id='word_1_115' title='bbox 1968 2087 2390 2181; x_wconf 81' lang='lat' dir='ltr'><strong>imperialem</strong></span> <span class='ocrx_word' id='word_1_116' title='bbox 2441 2096 2743 2161; x_wconf 85' lang='lat' dir='ltr'><strong>nostram</strong></span> <span class='ocrx_word' id='word_1_117' title='bbox 2798 2091 3221 2181; x_wconf 88' lang='lat' dir='ltr'><strong>majestatem</strong></span> <span class='ocrx_word' id='word_1_118' title='bbox 3270 2113 3460 2164; x_wconf 90' lang='lat' dir='ltr'><strong>com-</strong></span> 
     </span>
     <span class='ocr_line' id='line_1_14' title="bbox 645 2209 3462 2307; baseline 0.002 -25"><span class='ocrx_word' id='word_1_119' title='bbox 645 2232 936 2307; x_wconf 90' lang='lat' dir='ltr'><strong>pensare</strong></span> <span class='ocrx_word' id='word_1_120' title='bbox 976 2209 1322 2283; x_wconf 86' lang='lat' dir='ltr'><strong>convenit.</strong></span> <span class='ocrx_word' id='word_1_121' title='bbox 1360 2211 1529 2283; x_wconf 91' lang='lat' dir='ltr'><strong>Cum</strong></span> <span class='ocrx_word' id='word_1_122' title='bbox 1571 2210 1782 2304; x_wconf 91' lang='lat' dir='ltr'><strong>igitur</strong></span> <span class='ocrx_word' id='word_1_123' title='bbox 1822 2210 2034 2281; x_wconf 89' lang='lat' dir='ltr'><strong>multa</strong></span> <span class='ocrx_word' id='word_1_124' title='bbox 2077 2210 2440 2304; x_wconf 88' lang='lat' dir='ltr'><strong>privilegia</strong></span> <span class='ocrx_word' id='word_1_125' title='bbox 2482 2232 2712 2284; x_wconf 89' lang='lat' dir='ltr'><strong>coram</strong></span> <span class='ocrx_word' id='word_1_126' title='bbox 2755 2211 2960 2283; x_wconf 90' lang='lat' dir='ltr'><strong>nobis</strong></span> <span class='ocrx_word' id='word_1_127' title='bbox 3003 2213 3462 2307; x_wconf 81' lang='lat' dir='ltr'><strong>produxerint</strong></span> 
     </span>
     <span class='ocr_line' id='line_1_15' title="bbox 644 2333 3458 2431; baseline 0.002 -25"><span class='ocrx_word' id='word_1_128' title='bbox 644 2357 780 2430; x_wconf 89' lang='lat' dir='ltr'><strong>que</strong></span> <span class='ocrx_word' id='word_1_129' title='bbox 820 2358 864 2408; x_wconf 90' lang='lat' dir='ltr'><strong>a</strong></span> <span class='ocrx_word' id='word_1_130' title='bbox 900 2333 1504 2431; x_wconf 84' lang='lat' dir='ltr'><strong>predecessoribus</strong></span> <span class='ocrx_word' id='word_1_131' title='bbox 1555 2334 1805 2406; x_wconf 88' lang='lat' dir='ltr'><strong>nostris</strong></span> <span class='ocrx_word' id='word_1_132' title='bbox 1836 2333 2123 2405; x_wconf 87' lang='lat' dir='ltr'><strong>Romani</strong></span> <span class='ocrx_word' id='word_1_133' title='bbox 2154 2334 2351 2425; x_wconf 90' lang='lat' dir='ltr'><strong>regui</strong></span> <span class='ocrx_word' id='word_1_134' title='bbox 2388 2334 2912 2429; x_wconf 80' lang='lat' dir='ltr'><strong>imperatoribus</strong></span> <span class='ocrx_word' id='word_1_135' title='bbox 2947 2357 3267 2409; x_wconf 90' lang='lat' dir='ltr'><strong>concessa</strong></span> <span class='ocrx_word' id='word_1_136' title='bbox 3308 2340 3458 2413; x_wconf 86' lang='lat' dir='ltr'><strong>fue-</strong></span> 
     </span>
     <span class='ocr_line' id='line_1_16' title="bbox 645 2456 3465 2556; baseline 0.002 -26"><span class='ocrx_word' id='word_1_137' title='bbox 645 2468 801 2530; x_wconf 89' lang='lat' dir='ltr'><strong>runt</strong></span> <span class='ocrx_word' id='word_1_138' title='bbox 832 2458 1047 2530; x_wconf 90' lang='lat' dir='ltr'><strong>nobili</strong></span> <span class='ocrx_word' id='word_1_139' title='bbox 1082 2457 1340 2529; x_wconf 87' lang='lat' dir='ltr'><strong>familie</strong></span> <span class='ocrx_word' id='word_1_140' title='bbox 1369 2456 1460 2529; x_wconf 89' lang='lat' dir='ltr'><strong>de</strong></span> <span class='ocrx_word' id='word_1_141' title='bbox 1490 2456 1793 2528; x_wconf 87' lang='lat' dir='ltr'><strong>Trissino</strong></span> <span class='ocrx_word' id='word_1_142' title='bbox 1827 2477 1868 2528; x_wconf 93' lang='lat' dir='ltr'><strong>a</strong></span> <span class='ocrx_word' id='word_1_143' title='bbox 1901 2477 2041 2549; x_wconf 89' lang='lat' dir='ltr'><strong>qua</strong></span> <span class='ocrx_word' id='word_1_144' title='bbox 2079 2456 2415 2548; x_wconf 82' lang='lat' dir='ltr'><strong>originem</strong></span> <span class='ocrx_word' id='word_1_145' title='bbox 2445 2478 2646 2530; x_wconf 91' lang='lat' dir='ltr'><strong>suam</strong></span> <span class='ocrx_word' id='word_1_146' title='bbox 2677 2457 2958 2550; x_wconf 88' lang='lat' dir='ltr'><strong>habent,</strong></span> <span class='ocrx_word' id='word_1_147' title='bbox 3003 2467 3072 2531; x_wconf 92' lang='lat' dir='ltr'><strong>et</strong></span> <span class='ocrx_word' id='word_1_148' title='bbox 3107 2462 3465 2556; x_wconf 85' lang='lat' dir='ltr'><strong>presertim</strong></span> 
     </span>
     <span class='ocr_line' id='line_1_17' title="bbox 643 2578 3461 2680; baseline 0.001 -25"><span class='ocrx_word' id='word_1_149' title='bbox 643 2594 920 2656; x_wconf 91' lang='lat' dir='ltr'><strong>strenuo</strong></span> <span class='ocrx_word' id='word_1_150' title='bbox 952 2590 1023 2655; x_wconf 92' lang='lat' dir='ltr'><strong>et</strong></span> <span class='ocrx_word' id='word_1_151' title='bbox 1069 2581 1284 2654; x_wconf 82' lang='lat' dir='ltr'><strong>nobili</strong></span> <span class='ocrx_word' id='word_1_152' title='bbox 1317 2581 1470 2653; x_wconf 83' lang='lat' dir='ltr'><strong>viro</strong></span> <span class='ocrx_word' id='word_1_153' title='bbox 1504 2580 1783 2652; x_wconf 91' lang='lat' dir='ltr'><strong>Nicolao</strong></span> <span class='ocrx_word' id='word_1_154' title='bbox 1819 2578 1911 2652; x_wconf 91' lang='lat' dir='ltr'><strong>de</strong></span> <span class='ocrx_word' id='word_1_155' title='bbox 1953 2579 2255 2651; x_wconf 87' lang='lat' dir='ltr'><strong>Trissino</strong></span> <span class='ocrx_word' id='word_1_156' title='bbox 2293 2580 2414 2674; x_wconf 89' lang='lat' dir='ltr'><strong>qui</strong></span> <span class='ocrx_word' id='word_1_157' title='bbox 2445 2579 2795 2675; x_wconf 91' lang='lat' dir='ltr'><strong>quondam</strong></span> <span class='ocrx_word' id='word_1_158' title='bbox 2833 2583 3174 2655; x_wconf 88' lang='lat' dir='ltr'><strong>Vicentini</strong></span> <span class='ocrx_word' id='word_1_159' title='bbox 3220 2586 3461 2680; x_wconf 88' lang='lat' dir='ltr'><strong>oppidi</strong></span> 
     </span>
     <span class='ocr_line' id='line_1_18' title="bbox 642 2702 3461 2801; baseline 0 -22"><span class='ocrx_word' id='word_1_160' title='bbox 642 2728 797 2779; x_wconf 91' lang='lat' dir='ltr'><strong>cum</strong></span> <span class='ocrx_word' id='word_1_161' title='bbox 856 2706 1284 2801; x_wconf 90' lang='lat' dir='ltr'><strong>amplissima</strong></span> <span class='ocrx_word' id='word_1_162' title='bbox 1333 2712 1670 2800; x_wconf 80' lang='lat' dir='ltr'><strong>potestate</strong></span> <span class='ocrx_word' id='word_1_163' title='bbox 1713 2702 2154 2776; x_wconf 90' lang='lat' dir='ltr'><strong>dominorum</strong></span> <span class='ocrx_word' id='word_1_164' title='bbox 2211 2703 2485 2775; x_wconf 86' lang='lat' dir='ltr'><strong>Henrici</strong></span> <span class='ocrx_word' id='word_1_165' title='bbox 2539 2713 2608 2776; x_wconf 88' lang='lat' dir='ltr'><strong>et</strong></span> <span class='ocrx_word' id='word_1_166' title='bbox 2648 2703 2941 2778; x_wconf 90' lang='lat' dir='ltr'><strong>Conradi</strong></span> <span class='ocrx_word' id='word_1_167' title='bbox 2997 2707 3461 2781; x_wconf 87' lang='lat' dir='ltr'><strong>Romanorum</strong></span> 
     </span>
     <span class='ocr_line' id='line_1_19' title="bbox 644 2826 3465 2927; baseline 0.001 -26"><span class='ocrx_word' id='word_1_168' title='bbox 644 2826 1129 2927; x_wconf 80' lang='lat' dir='ltr'><strong>imperatorum</strong></span> <span class='ocrx_word' id='word_1_169' title='bbox 1169 2828 1736 2925; x_wconf 88' lang='lat' dir='ltr'><strong>predecessorum</strong></span> <span class='ocrx_word' id='word_1_170' title='bbox 1768 2834 2151 2899; x_wconf 87' lang='lat' dir='ltr'><strong>nostrorum</strong></span> <span class='ocrx_word' id='word_1_171' title='bbox 2182 2827 2486 2899; x_wconf 83' lang='lat' dir='ltr'><strong>vicarius</strong></span> <span class='ocrx_word' id='word_1_172' title='bbox 2521 2828 2675 2919; x_wconf 83' lang='lat' dir='ltr'><strong>fuit,</strong></span> <span class='ocrx_word' id='word_1_173' title='bbox 2722 2828 2839 2901; x_wconf 88' lang='lat' dir='ltr'><strong>illa</strong></span> <span class='ocrx_word' id='word_1_174' title='bbox 2878 2831 3110 2903; x_wconf 91' lang='lat' dir='ltr'><strong>omnia</strong></span> <span class='ocrx_word' id='word_1_175' title='bbox 3149 2830 3241 2904; x_wconf 93' lang='lat' dir='ltr'><strong>de</strong></span> <span class='ocrx_word' id='word_1_176' title='bbox 3279 2853 3465 2905; x_wconf 88' lang='lat' dir='ltr'><strong>novo</strong></span> 
     </span>
     <span class='ocr_line' id='line_1_20' title="bbox 642 2949 3466 3028; baseline 0.001 -2"><span class='ocrx_word' id='word_1_177' title='bbox 642 2952 1129 3027; x_wconf 85' lang='lat' dir='ltr'><strong>confirmamus</strong></span> <span class='ocrx_word' id='word_1_178' title='bbox 1174 2960 1245 3025; x_wconf 91' lang='lat' dir='ltr'><strong>et</strong></span> <span class='ocrx_word' id='word_1_179' title='bbox 1279 2952 1681 3024; x_wconf 90' lang='lat' dir='ltr'><strong>auctoritate</strong></span> <span class='ocrx_word' id='word_1_180' title='bbox 1715 2959 1945 3023; x_wconf 85' lang='lat' dir='ltr'><strong>nostra</strong></span> <span class='ocrx_word' id='word_1_181' title='bbox 1983 2970 2428 3022; x_wconf 84' lang='lat' dir='ltr'><strong>renovamus.</strong></span> <span class='ocrx_word' id='word_1_182' title='bbox 2470 2949 2703 3023; x_wconf 89' lang='lat' dir='ltr'><strong>Castra</strong></span> <span class='ocrx_word' id='word_1_183' title='bbox 2734 2950 2941 3024; x_wconf 89' lang='lat' dir='ltr'><strong>etiam</strong></span> <span class='ocrx_word' id='word_1_184' title='bbox 2983 2953 3216 3027; x_wconf 89' lang='lat' dir='ltr'><strong>omnia</strong></span> <span class='ocrx_word' id='word_1_185' title='bbox 3259 2955 3466 3028; x_wconf 82' lang='lat' dir='ltr'><strong>vallis</strong></span> 
     </span>
     <span class='ocr_line' id='line_1_21' title="bbox 639 3074 3461 3174; baseline 0.001 -25"><span class='ocrx_word' id='word_1_186' title='bbox 639 3099 778 3174; x_wconf 88' lang='lat' dir='ltr'><strong>que</strong></span> <span class='ocrx_word' id='word_1_187' title='bbox 842 3078 1099 3151; x_wconf 90' lang='lat' dir='ltr'><strong>dicitur</strong></span> <span class='ocrx_word' id='word_1_188' title='bbox 1148 3075 1240 3150; x_wconf 93' lang='lat' dir='ltr'><strong>de</strong></span> <span class='ocrx_word' id='word_1_189' title='bbox 1283 3077 1485 3170; x_wconf 89' lang='lat' dir='ltr'><strong>Agno</strong></span> <span class='ocrx_word' id='word_1_190' title='bbox 1529 3075 1810 3148; x_wconf 92' lang='lat' dir='ltr'><strong>ditionis</strong></span> <span class='ocrx_word' id='word_1_191' title='bbox 1839 3074 2240 3165; x_wconf 77' lang='lat' dir='ltr'><strong>vicentino,</strong></span> <span class='ocrx_word' id='word_1_192' title='bbox 2278 3095 2414 3168; x_wconf 91' lang='lat' dir='ltr'><strong>que</strong></span> <span class='ocrx_word' id='word_1_193' title='bbox 2465 3074 2598 3147; x_wconf 92' lang='lat' dir='ltr'><strong>sub</strong></span> <span class='ocrx_word' id='word_1_194' title='bbox 2646 3075 3125 3167; x_wconf 87' lang='lat' dir='ltr'><strong>jurisdictione</strong></span> <span class='ocrx_word' id='word_1_195' title='bbox 3180 3079 3461 3154; x_wconf 83' lang='lat' dir='ltr'><strong>fuerunt</strong></span> 
     </span>
     <span class='ocr_line' id='line_1_22' title="bbox 640 3197 3459 3295; baseline 0.001 -22"><span class='ocrx_word' id='word_1_196' title='bbox 640 3203 897 3274; x_wconf 91' lang='lat' dir='ltr'><strong>strenui</strong></span> <span class='ocrx_word' id='word_1_197' title='bbox 928 3200 1283 3295; x_wconf 92' lang='lat' dir='ltr'><strong>quondam</strong></span> <span class='ocrx_word' id='word_1_198' title='bbox 1310 3199 1732 3272; x_wconf 85' lang='lat' dir='ltr'><strong>Meliorantie</strong></span> <span class='ocrx_word' id='word_1_199' title='bbox 1758 3197 1849 3271; x_wconf 89' lang='lat' dir='ltr'><strong>de</strong></span> <span class='ocrx_word' id='word_1_200' title='bbox 1878 3197 2204 3287; x_wconf 86' lang='lat' dir='ltr'><strong>Trissino‚</strong></span> <span class='ocrx_word' id='word_1_201' title='bbox 2239 3197 2315 3269; x_wconf 93' lang='lat' dir='ltr'><strong>in</strong></span> <span class='ocrx_word' id='word_1_202' title='bbox 2356 3208 2760 3295; x_wconf 87' lang='lat' dir='ltr'><strong>perpetuum</strong></span> <span class='ocrx_word' id='word_1_203' title='bbox 2791 3199 3102 3295; x_wconf 88' lang='lat' dir='ltr'><strong>predicto</strong></span> <span class='ocrx_word' id='word_1_204' title='bbox 3132 3204 3459 3293; x_wconf 85' lang='lat' dir='ltr'><strong>Ugutioni</strong></span> 
     </span>
     <span class='ocr_line' id='line_1_23' title="bbox 640 3323 3457 3422; baseline 0 -23"><span class='ocrx_word' id='word_1_205' title='bbox 640 3336 707 3399; x_wconf 86' lang='lat' dir='ltr'><strong>et</strong></span> <span class='ocrx_word' id='word_1_206' title='bbox 756 3325 1082 3399; x_wconf 83' lang='lat' dir='ltr'><strong>Zuffredo</strong></span> <span class='ocrx_word' id='word_1_207' title='bbox 1136 3334 1206 3398; x_wconf 89' lang='lat' dir='ltr'><strong>et</strong></span> <span class='ocrx_word' id='word_1_208' title='bbox 1250 3325 1395 3397; x_wconf 91' lang='lat' dir='ltr'><strong>suis</strong></span> <span class='ocrx_word' id='word_1_209' title='bbox 1441 3323 2022 3396; x_wconf 87' lang='lat' dir='ltr'><strong>descendentibus</strong></span> <span class='ocrx_word' id='word_1_210' title='bbox 2073 3324 2519 3397; x_wconf 85' lang='lat' dir='ltr'><strong>concedimus</strong></span> <span class='ocrx_word' id='word_1_211' title='bbox 2562 3333 2632 3398; x_wconf 86' lang='lat' dir='ltr'><strong>et</strong></span> <span class='ocrx_word' id='word_1_212' title='bbox 2671 3323 3044 3418; x_wconf 87' lang='lat' dir='ltr'><strong>donamus,</strong></span> <span class='ocrx_word' id='word_1_213' title='bbox 3101 3329 3457 3422; x_wconf 56' lang='lat' dir='ltr'><strong>presertim</strong></span> 
     </span>
     <span class='ocr_line' id='line_1_24' title="bbox 639 3448 3458 3544; baseline 0.001 -21"><span class='ocrx_word' id='word_1_214' title='bbox 639 3460 937 3523; x_wconf 85' lang='lat' dir='ltr'><strong>castrum</strong></span> <span class='ocrx_word' id='word_1_215' title='bbox 990 3450 1370 3522; x_wconf 90' lang='lat' dir='ltr'><strong>Trissinum</strong></span> <span class='ocrx_word' id='word_1_216' title='bbox 1417 3471 1577 3521; x_wconf 89' lang='lat' dir='ltr'><strong>cum</strong></span> <span class='ocrx_word' id='word_1_217' title='bbox 1621 3457 1758 3521; x_wconf 89' lang='lat' dir='ltr'><strong>tota</strong></span> <span class='ocrx_word' id='word_1_218' title='bbox 1811 3450 2012 3544; x_wconf 78' lang='lat' dir='ltr'><strong>sylva</strong></span> <span class='ocrx_word' id='word_1_219' title='bbox 2058 3448 2454 3541; x_wconf 89' lang='lat' dir='ltr'><strong>adjacente,</strong></span> <span class='ocrx_word' id='word_1_220' title='bbox 2497 3450 3047 3543; x_wconf 84' lang='lat' dir='ltr'><strong>Quargnentam‚</strong></span> <span class='ocrx_word' id='word_1_221' title='bbox 3095 3449 3458 3526; x_wconf 89' lang='lat' dir='ltr'><strong>Cornetum</strong></span> 
     </span>
     <span class='ocr_line' id='line_1_25' title="bbox 638 3569 3455 3667; baseline 0.001 -21"><span class='ocrx_word' id='word_1_222' title='bbox 638 3583 706 3647; x_wconf 91' lang='lat' dir='ltr'><strong>et</strong></span> <span class='ocrx_word' id='word_1_223' title='bbox 747 3571 1219 3667; x_wconf 90' lang='lat' dir='ltr'><strong>Arcignanum</strong></span> <span class='ocrx_word' id='word_1_224' title='bbox 1255 3594 1395 3666; x_wconf 89' lang='lat' dir='ltr'><strong>que</strong></span> <span class='ocrx_word' id='word_1_225' title='bbox 1438 3594 1481 3644; x_wconf 93' lang='lat' dir='ltr'><strong>a</strong></span> <span class='ocrx_word' id='word_1_226' title='bbox 1533 3569 1908 3665; x_wconf 89' lang='lat' dir='ltr'><strong>majoribus</strong></span> <span class='ocrx_word' id='word_1_227' title='bbox 1953 3572 2101 3643; x_wconf 90' lang='lat' dir='ltr'><strong>suis</strong></span> <span class='ocrx_word' id='word_1_228' title='bbox 2137 3581 2526 3644; x_wconf 87' lang='lat' dir='ltr'><strong>constructa</strong></span> <span class='ocrx_word' id='word_1_229' title='bbox 2562 3581 2634 3645; x_wconf 92' lang='lat' dir='ltr'><strong>et</strong></span> <span class='ocrx_word' id='word_1_230' title='bbox 2674 3572 2995 3645; x_wconf 85' lang='lat' dir='ltr'><strong>edificata</strong></span> <span class='ocrx_word' id='word_1_231' title='bbox 3035 3574 3253 3648; x_wconf 82' lang='lat' dir='ltr'><strong>fuisse</strong></span> <span class='ocrx_word' id='word_1_232' title='bbox 3297 3598 3455 3647; x_wconf 90' lang='lat' dir='ltr'><strong>cum</strong></span> 
     </span>
     <span class='ocr_line' id='line_1_26' title="bbox 637 3695 3457 3794; baseline 0.001 -25"><span class='ocrx_word' id='word_1_233' title='bbox 637 3697 871 3769; x_wconf 92' lang='lat' dir='ltr'><strong>multis</strong></span> <span class='ocrx_word' id='word_1_234' title='bbox 916 3696 1071 3769; x_wconf 91' lang='lat' dir='ltr'><strong>aliis</strong></span> <span class='ocrx_word' id='word_1_235' title='bbox 1114 3695 1427 3788; x_wconf 88' lang='lat' dir='ltr'><strong>ejusdem</strong></span> <span class='ocrx_word' id='word_1_236' title='bbox 1471 3695 1672 3767; x_wconf 84' lang='lat' dir='ltr'><strong>vallis</strong></span> <span class='ocrx_word' id='word_1_237' title='bbox 1713 3696 1802 3769; x_wconf 93' lang='lat' dir='ltr'><strong>de</strong></span> <span class='ocrx_word' id='word_1_238' title='bbox 1845 3695 2047 3787; x_wconf 90' lang='lat' dir='ltr'><strong>Agno</strong></span> <span class='ocrx_word' id='word_1_239' title='bbox 2102 3696 2459 3767; x_wconf 90' lang='lat' dir='ltr'><strong>notissima</strong></span> <span class='ocrx_word' id='word_1_240' title='bbox 2512 3716 2622 3768; x_wconf 92' lang='lat' dir='ltr'><strong>res</strong></span> <span class='ocrx_word' id='word_1_241' title='bbox 2681 3707 2821 3787; x_wconf 90' lang='lat' dir='ltr'><strong>est,</strong></span> <span class='ocrx_word' id='word_1_242' title='bbox 2873 3695 3255 3789; x_wconf 81' lang='lat' dir='ltr'><strong>obligantes</strong></span> <span class='ocrx_word' id='word_1_243' title='bbox 3305 3721 3457 3794; x_wconf 92' lang='lat' dir='ltr'><strong>pre-</strong></span> 
     </span>
     <span class='ocr_line' id='line_1_27' title="bbox 637 3817 3454 3912; baseline 0 -19"><span class='ocrx_word' id='word_1_244' title='bbox 637 3820 857 3893; x_wconf 90' lang='lat' dir='ltr'><strong>dictos</strong></span> <span class='ocrx_word' id='word_1_245' title='bbox 899 3828 971 3891; x_wconf 87' lang='lat' dir='ltr'><strong>et</strong></span> <span class='ocrx_word' id='word_1_246' title='bbox 1014 3838 1446 3891; x_wconf 88' lang='lat' dir='ltr'><strong>successores</strong></span> <span class='ocrx_word' id='word_1_247' title='bbox 1477 3838 1643 3889; x_wconf 92' lang='lat' dir='ltr'><strong>suos</strong></span> <span class='ocrx_word' id='word_1_248' title='bbox 1673 3817 1766 3890; x_wconf 91' lang='lat' dir='ltr'><strong>ad</strong></span> <span class='ocrx_word' id='word_1_249' title='bbox 1807 3817 2220 3890; x_wconf 88' lang='lat' dir='ltr'><strong>solvendum</strong></span> <span class='ocrx_word' id='word_1_250' title='bbox 2256 3818 2327 3889; x_wconf 92' lang='lat' dir='ltr'><strong>in</strong></span> <span class='ocrx_word' id='word_1_251' title='bbox 2365 3838 2548 3888; x_wconf 85' lang='lat' dir='ltr'><strong>anno</strong></span> <span class='ocrx_word' id='word_1_252' title='bbox 2579 3817 2890 3910; x_wconf 86' lang='lat' dir='ltr'><strong>quolibet</strong></span> <span class='ocrx_word' id='word_1_253' title='bbox 2927 3838 3051 3912; x_wconf 92' lang='lat' dir='ltr'><strong>pro</strong></span> <span class='ocrx_word' id='word_1_254' title='bbox 3081 3819 3291 3893; x_wconf 86' lang='lat' dir='ltr'><strong>feudo</strong></span> <span class='ocrx_word' id='word_1_255' title='bbox 3323 3822 3454 3894; x_wconf 89' lang='lat' dir='ltr'><strong>im-</strong></span> 
     </span>
     <span class='ocr_line' id='line_1_28' title="bbox 635 3937 3454 4036; baseline 0 -23"><span class='ocrx_word' id='word_1_256' title='bbox 635 3940 874 4035; x_wconf 93' lang='lat' dir='ltr'><strong>periali</strong></span> <span class='ocrx_word' id='word_1_257' title='bbox 924 3961 1192 4013; x_wconf 89' lang='lat' dir='ltr'><strong>camere</strong></span> <span class='ocrx_word' id='word_1_258' title='bbox 1232 3948 1461 4012; x_wconf 90' lang='lat' dir='ltr'><strong>nostre</strong></span> <span class='ocrx_word' id='word_1_259' title='bbox 1505 3960 1769 4011; x_wconf 89' lang='lat' dir='ltr'><strong>marcas</strong></span> <span class='ocrx_word' id='word_1_260' title='bbox 1815 3938 2089 4031; x_wconf 87' lang='lat' dir='ltr'><strong>viginti.</strong></span> <span class='ocrx_word' id='word_1_261' title='bbox 2147 3938 2587 4010; x_wconf 90' lang='lat' dir='ltr'><strong>Declaramus</strong></span> <span class='ocrx_word' id='word_1_262' title='bbox 2620 3937 2827 4010; x_wconf 92' lang='lat' dir='ltr'><strong>etiam</strong></span> <span class='ocrx_word' id='word_1_263' title='bbox 2885 3937 3226 4033; x_wconf 90' lang='lat' dir='ltr'><strong>predictos</strong></span> <span class='ocrx_word' id='word_1_264' title='bbox 3265 3941 3454 4036; x_wconf 90' lang='lat' dir='ltr'><strong>Ugu-</strong></span> 
     </span>
     <span class='ocr_line' id='line_1_29' title="bbox 602 4061 3452 4140; baseline 0.001 -3"><span class='ocrx_word' id='word_1_265' title='bbox 602 4132 607 4137; x_wconf 83' lang='grc'><strong>.</strong></span> <span class='ocrx_word' id='word_1_266' title='bbox 635 4063 890 4136; x_wconf 89' lang='lat' dir='ltr'><strong>tionem</strong></span> <span class='ocrx_word' id='word_1_267' title='bbox 922 4071 993 4135; x_wconf 89' lang='lat' dir='ltr'><strong>et</strong></span> <span class='ocrx_word' id='word_1_268' title='bbox 1016 4062 1408 4136; x_wconf 85' lang='lat' dir='ltr'><strong>Zuffredum</strong></span> <span class='ocrx_word' id='word_1_269' title='bbox 1439 4084 1599 4135; x_wconf 92' lang='lat' dir='ltr'><strong>cum</strong></span> <span class='ocrx_word' id='word_1_270' title='bbox 1630 4062 1777 4134; x_wconf 90' lang='lat' dir='ltr'><strong>suis</strong></span> <span class='ocrx_word' id='word_1_271' title='bbox 1804 4061 2381 4135; x_wconf 86' lang='lat' dir='ltr'><strong>descendentibus</strong></span> <span class='ocrx_word' id='word_1_272' title='bbox 2405 4061 2687 4134; x_wconf 87' lang='lat' dir='ltr'><strong>comites</strong></span> <span class='ocrx_word' id='word_1_273' title='bbox 2714 4069 2785 4133; x_wconf 89' lang='lat' dir='ltr'><strong>et</strong></span> <span class='ocrx_word' id='word_1_274' title='bbox 2806 4070 3077 4133; x_wconf 89' lang='lat' dir='ltr'><strong>scutum</strong></span> <span class='ocrx_word' id='word_1_275' title='bbox 3103 4084 3452 4140; x_wconf 89' lang='lat' dir='ltr'><strong>armorum</strong></span> 
     </span>
     <span class='ocr_line' id='line_1_30' title="bbox 631 4183 3451 4282; baseline 0.001 -23"><span class='ocrx_word' id='word_1_276' title='bbox 631 4187 889 4261; x_wconf 82' lang='lat' dir='ltr'><strong>familie</strong></span> <span class='ocrx_word' id='word_1_277' title='bbox 922 4209 1050 4261; x_wconf 91' lang='lat' dir='ltr'><strong>sue</strong></span> <span class='ocrx_word' id='word_1_278' title='bbox 1093 4188 1326 4282; x_wconf 89' lang='lat' dir='ltr'><strong>aquila</strong></span> <span class='ocrx_word' id='word_1_279' title='bbox 1365 4186 1698 4281; x_wconf 91' lang='lat' dir='ltr'><strong>imperiali</strong></span> <span class='ocrx_word' id='word_1_280' title='bbox 1746 4197 2065 4258; x_wconf 90' lang='lat' dir='ltr'><strong>ornatum</strong></span> <span class='ocrx_word' id='word_1_281' title='bbox 2104 4205 2260 4257; x_wconf 89' lang='lat' dir='ltr'><strong>esse</strong></span> <span class='ocrx_word' id='word_1_282' title='bbox 2309 4185 2667 4269; x_wconf 79' lang='lat' dir='ltr'><strong>volumus3</strong></span> <span class='ocrx_word' id='word_1_283' title='bbox 2717 4183 3199 4259; x_wconf 85' lang='lat' dir='ltr'><strong>authoritatem</strong></span> <span class='ocrx_word' id='word_1_284' title='bbox 3244 4189 3451 4263; x_wconf 86' lang='lat' dir='ltr'><strong>etiam</strong></span> 
     </span>
     <span class='ocr_line' id='line_1_31' title="bbox 635 4308 3455 4406; baseline 0.002 -25"><span class='ocrx_word' id='word_1_285' title='bbox 635 4311 769 4383; x_wconf 91' lang='lat' dir='ltr'><strong>illis</strong></span> <span class='ocrx_word' id='word_1_286' title='bbox 811 4311 1266 4385; x_wconf 89' lang='lat' dir='ltr'><strong>concedentes</strong></span> <span class='ocrx_word' id='word_1_287' title='bbox 1301 4310 1603 4384; x_wconf 90' lang='lat' dir='ltr'><strong>notarios</strong></span> <span class='ocrx_word' id='word_1_288' title='bbox 1631 4308 1915 4382; x_wconf 87' lang='lat' dir='ltr'><strong>creandi</strong></span> <span class='ocrx_word' id='word_1_289' title='bbox 1950 4320 2020 4382; x_wconf 92' lang='lat' dir='ltr'><strong>et</strong></span> <span class='ocrx_word' id='word_1_290' title='bbox 2052 4308 2445 4401; x_wconf 83' lang='lat' dir='ltr'><strong>illegitimos</strong></span> <span class='ocrx_word' id='word_1_291' title='bbox 2476 4308 2567 4381; x_wconf 91' lang='lat' dir='ltr'><strong>ad</strong></span> <span class='ocrx_word' id='word_1_292' title='bbox 2599 4328 2839 4381; x_wconf 91' lang='lat' dir='ltr'><strong>omnes</strong></span> <span class='ocrx_word' id='word_1_293' title='bbox 2875 4316 2944 4381; x_wconf 90' lang='lat' dir='ltr'><strong>et</strong></span> <span class='ocrx_word' id='word_1_294' title='bbox 2977 4331 3455 4406; x_wconf 88' lang='lat' dir='ltr'><strong>quascumque</strong></span> 
     </span>
     <span class='ocr_line' id='line_1_32' title="bbox 639 4430 3453 4529; baseline 0.001 -23"><span class='ocrx_word' id='word_1_295' title='bbox 639 4433 1008 4528; x_wconf 83' lang='lat' dir='ltr'><strong>dignitates</strong></span> <span class='ocrx_word' id='word_1_296' title='bbox 1045 4435 1479 4508; x_wconf 88' lang='lat' dir='ltr'><strong>habilitandi.</strong></span> <span class='ocrx_word' id='word_1_297' title='bbox 1521 4435 1808 4529; x_wconf 90' lang='lat' dir='ltr'><strong>Insuper</strong></span> <span class='ocrx_word' id='word_1_298' title='bbox 1843 4430 2116 4505; x_wconf 89' lang='lat' dir='ltr'><strong>fidelem</strong></span> <span class='ocrx_word' id='word_1_299' title='bbox 2147 4431 2536 4527; x_wconf 89' lang='lat' dir='ltr'><strong>predictum</strong></span> <span class='ocrx_word' id='word_1_300' title='bbox 2573 4432 2986 4525; x_wconf 90' lang='lat' dir='ltr'><strong>Ugutionem</strong></span> <span class='ocrx_word' id='word_1_301' title='bbox 3033 4432 3124 4506; x_wconf 89' lang='lat' dir='ltr'><strong>de</strong></span> <span class='ocrx_word' id='word_1_302' title='bbox 3156 4436 3453 4510; x_wconf 90' lang='lat' dir='ltr'><strong>Trissino</strong></span> 
     </span>
     <span class='ocr_line' id='line_1_33' title="bbox 638 4554 3456 4652; baseline 0.001 -23"><span class='ocrx_word' id='word_1_303' title='bbox 638 4558 1071 4652; x_wconf 90' lang='lat' dir='ltr'><strong>capitaneum</strong></span> <span class='ocrx_word' id='word_1_304' title='bbox 1107 4560 1432 4632; x_wconf 85' lang='lat' dir='ltr'><strong>volumus</strong></span> <span class='ocrx_word' id='word_1_305' title='bbox 1475 4579 1628 4631; x_wconf 90' lang='lat' dir='ltr'><strong>esse</strong></span> <span class='ocrx_word' id='word_1_306' title='bbox 1662 4557 1971 4651; x_wconf 90' lang='lat' dir='ltr'><strong>equitum</strong></span> <span class='ocrx_word' id='word_1_307' title='bbox 2010 4556 2323 4628; x_wconf 90' lang='lat' dir='ltr'><strong>omnium</strong></span> <span class='ocrx_word' id='word_1_308' title='bbox 2361 4555 2484 4648; x_wconf 91' lang='lat' dir='ltr'><strong>qui</strong></span> <span class='ocrx_word' id='word_1_309' title='bbox 2527 4554 2620 4627; x_wconf 90' lang='lat' dir='ltr'><strong>ad</strong></span> <span class='ocrx_word' id='word_1_310' title='bbox 2665 4554 3034 4649; x_wconf 90' lang='lat' dir='ltr'><strong>imperialis</strong></span> <span class='ocrx_word' id='word_1_311' title='bbox 3080 4559 3456 4651; x_wconf 88' lang='lat' dir='ltr'><strong>majestatis</strong></span> 
     </span>
     <span class='ocr_line' id='line_1_34' title="bbox 638 4679 3447 4777; baseline 0.001 -24"><span class='ocrx_word' id='word_1_312' title='bbox 638 4691 866 4757; x_wconf 88' lang='lat' dir='ltr'><strong>nostre</strong></span> <span class='ocrx_word' id='word_1_313' title='bbox 921 4683 1304 4757; x_wconf 89' lang='lat' dir='ltr'><strong>custodiam</strong></span> <span class='ocrx_word' id='word_1_314' title='bbox 1355 4682 1694 4777; x_wconf 87' lang='lat' dir='ltr'><strong>designati</strong></span> <span class='ocrx_word' id='word_1_315' title='bbox 1742 4691 1928 4753; x_wconf 89' lang='lat' dir='ltr'><strong>sunt.</strong></span> <span class='ocrx_word' id='word_1_316' title='bbox 1989 4681 2193 4753; x_wconf 84' lang='lat' dir='ltr'><strong>Nulla</strong></span> <span class='ocrx_word' id='word_1_317' title='bbox 2236 4679 2449 4771; x_wconf 90' lang='lat' dir='ltr'><strong>igitur</strong></span> <span class='ocrx_word' id='word_1_318' title='bbox 2503 4701 2795 4775; x_wconf 89' lang='lat' dir='ltr'><strong>persona</strong></span> <span class='ocrx_word' id='word_1_319' title='bbox 2831 4681 2969 4753; x_wconf 88' lang='lat' dir='ltr'><strong>alta</strong></span> <span class='ocrx_word' id='word_1_320' title='bbox 3018 4682 3134 4755; x_wconf 83' lang='lat' dir='ltr'><strong>vel</strong></span> <span class='ocrx_word' id='word_1_321' title='bbox 3176 4682 3447 4777; x_wconf 85' lang='lat' dir='ltr'><strong>infima,</strong></span> 
     </span>
    </p>
   </div>
  </div>
 </body>
</html>
