4500 5956
524 586 717 657 Irmrcr.
753 583 841 668 7.]
1436 583 1831 647 HISTORIA
1876 583 2472 648 DIPLOMATICA.
3235 588 3357 651 647

524 720 806 795 nasterii
846 716 1115 813 aliquid
1156 719 1246 792 de
1281 720 1831 814 possessionibus
1865 719 2336 795 immobilibus
2369 718 2465 793 ad
2497 739 2574 791 se
2617 719 2888 792 trahere
2934 742 3059 814 per
3097 744 3357 815 quem-

524 862 833 936 cumque
861 849 1312 939 contractum,
1342 843 1490 921 nisi
1535 865 1663 939 per
1698 845 2006 938 ipsorum
2050 843 2556 917 conniventiam
2606 853 2678 916 et
2724 865 3159 917 consensum.
3192 849 3356 920 -Nos

525 986 693 1047 vero
728 974 1007 1060 recepta
1044 964 1134 1043 de
1168 965 1453 1041 illorum
1496 988 1713 1045 mauu
1761 965 2229 1059 resignatione
2274 965 2807 1058 jurisdictionis.‚‘
2874 991 3003 1063 pro
3046 970 3353 1045 remedio

525 1088 757 1160 anime
790 1097 1019 1161 nostre
1056 1099 1125 1161 et
1152 1090 1584 1185 prosperiore
1619 1092 1823 1185 regni
1852 1092 2071 1163 nostri
2098 1100 2321 1181 statu,
2361 1093 2646 1162 fratrum
2673 1092 2749 1162 in
2785 1092 3029 1166 eodem
3063 1095 3214 1167 loco
3248 1096 3351 1167 fa-

530 1212 948 1285 mulantium
981 1213 2070 1308 libertati.cupientes÷consulere
2114 1224 2187 1285 et
2219 1214 2462 1307 quieti,
2502 1215 2652 1287 loca
2680 1215 3184 1311 omniasuper
3211 1240 3354 1311 que

526 1336 767 1408 haberi
809 1335 1176 1413 videbatur
1214 1336 1607 1429 jurisdictio
1641 1345 1968 1431 exparte
2008 1346 2240 1411 nostra
2289 1338 2509 1411 libera
2548 1347 2619 1410 et
2660 1339 2751 1411 ab
2785 1339 2973 1411 omni
3006 1338 3096 1411 de
3129 1349 3354 1412 cetero

521 1458 1001 1551 jurisdictione
1035 1458 1424 1533 dimisimus
1460 1460 1808 1539 absoluta:
1849 1461 2077 1556 ipsum
2106 1460 2601 1532 monasterium
2638 1468 2706 1532 et
2759 1482 2997 1532 omnes
3033 1462 3354 1534 subditas

526 1583 623 1653 illi
671 1584 902 1655 curias
936 1593 1006 1655 et
1047 1584 1516 1678 possessiones
1555 1584 1628 1656 in
1683 1584 2056 1679 specialem
2092 1583 2468 1675 majestatis
2505 1592 2733 1654 nostre
2769 1582 3238 1656 defensionem
3286 1595 3354 1657 et

527 1707 1019 1801 protectionem
1063 1706 1476 1801 recipientes
1518 1716 1589 1780 et
1625 1708 2032 1780 auctoritate
2072 1707 2287 1801 regali
2323 1707 2706 1779 sancientes
2741 1715 2817 1778 ut
2858 1708 3048 1779 nulla
3071 1708 3351 1780 omnino

527 1850 824 1926 persona
855 1830 1136 1903 humilis
1170 1832 1284 1903 vel
1318 1833 1463 1933 ¹alta
1507 1831 1911 1928 predictum,
1948 1831 2441 1918 monasterium
2475 1831 2545 1901 in
2593 1832 2905 1925 personis
2959 1831 3104 1903 suis
3137 1831 3247 1904 vel
3281 1830 3354 1903 in

528 1952 737 2027 rebus
775 1953 1213 2049 aliquatenus
1248 1948 1610 2028 molestare
1643 1950 1897 2027 audeat
1928 1963 2051 2026 aut
2084 1934 2399 2049 gravare.
2445 1953 2555 2026 Ad
2586 1956 2786 2047 cujus
2828 1955 2927 2026 rei
2950 1963 3350 2049 perpetuam

531 2076 982 2167 evidentiam,
1017 2087 1409 2173 presentem
1425 2078 1751 2175 paginam
1776 2077 2112 2151 conscribi
2129 2078 2466 2169 jussimus
2488 2087 2559 2152 et
2588 2078 2813 2170 sigillo
2836 2078 3067 2151 nostre
3096 2080 3350 2170 majese·

527 2180 683 2273 tatis
712 2201 1149 2273 communiri.

625 2326 853 2417 HuJus
888 2325 989 2396 rei
1029 2333 1242 2397 testes
1272 2334 1436 2397 sunt
1465 2323 1866 2399 :Conradus
1900 2325 2241 2420 Spirensis
2268 2325 2638 2421 episcopus
2668 2325 2825 2397 aule
2850 2326 3043 2418 regie
3071 2326 3354 2396 cancel-

529 2446 743 2523 larius
762 2501 784 2535 ,
839 2448 1043 2541 Hngo
1076 2447 1500 2522 :Leodiensis
1524 2447 1932 2542 wisoopuS,
1971 2446 2383 2522 Bertholdus
2413 2448 2798 2543 prepositus
2831 2448 3081 2518 Sancte
3121 2446 3356 2517 Trini-

535 2572 691 2642 tatis
713 2571 786 2641 in
812 2573 1039 2666 Spira‚
1071 2572 1845 2668 Heinricusprepositus
1872 2573 2102 2646 Sancti
2128 2573 2430 2646 Mauritii
2453 2573 2526 2642 in
2549 2570 2946 2664 Moguntiaj
2965 2570 3353 2643 Fridericus

533 2715 764 2768 comes
806 2694 899 2767 de
936 2694 1348 2787 Leiningen,
1392 2694 1844 2769 Gevehardus
1889 2695 2309 2789 burgravius
2346 2694 2438 2769 de
2480 2693 2949 2789 Magdeburg,
2990 2693 3355 2766 Heinricus

538 2818 950 2890 marscalcus
986 2817 1076 2891 de
1106 2818 1404 2910 Calatia,
1443 2828 1513 2891 et
1539 2819 1658 2890 alii
1685 2818 2161 2913 quamplures,

630 2940 882 3014 Actum
909 2940 1102 3037 apud
1136 2941 1442 3037 Spiram‚
1483 2962 1665 3015 anno
1702 2940 2048 3015 dominice
2094 2939 2582 3013 incarnationis
2615 2940 2979 3014 millesimo
3015 2940 3362 3015 ducente-

537 3066 708 3139 simo
768 3087 987 3157 nono,
1044 3063 1322 3164 [mense
1359 3063 1637 3163 junio]‚
1693 3065 2072 3140 indictione
2137 3064 2584 3156 duodecima,
2642 3087 2824 3138 anno
2880 3076 3108 3139 autem
3162 3067 3359 3160 regni

538 3191 745 3262 nostri
775 3188 1169 3262 undecimo.
1254 3167 1259 3172 ⁹

638 3316 777 3386 Nos
804 3313 1044 3408 igitur,
1079 3313 1319 3387 divine
1343 3313 1915 3386 remunerationis
1928 3313 2182 3385 intuitu
2202 3323 2272 3386 et
2297 3313 2386 3386 de
2412 3313 2648 3386 innata
2671 3314 2877 3394 nobis
2890 3314 3169 3410 pietate,
3198 3337 3365 3409 sup-

545 3438 984 3534 plicationem
1016 3436 1395 3533 supradicti
1436 3437 1707 3511 abbatis
1744 3435 1835 3510 de
1873 3437 2243 3530 Otterburg
2286 3446 2356 3509 et
2399 3438 2513 3509 sui
2561 3447 2942 3512 conventus
2983 3438 3364 3510 serenitatis

542 3572 766 3636 nostre
797 3563 1160 3636 clementia
1191 3560 1653 3653 admittimus,
1706 3568 1775 3632 et
1804 3560 2038 3633 omnia
2072 3582 2154 3633 ea
2183 3582 2323 3654 que
2354 3561 2788 3633 continentur
2817 3562 2890 3632 in
2926 3561 3181 3656 scripto
3227 3582 3360 3631 su-

540 3687 776 3783 perius
811 3691 1136 3757 annotato
1164 3690 1312 3756 rata
1340 3693 1410 3755 et
1441 3692 1635 3777 grata
1663 3682 2003 3755 habemus
2025 3691 2096 3754 et
2122 3682 2532 3755 authoritate
2563 3682 2937 3775 majestatis
2958 3683 3148 3775 regie
3183 3703 3364 3754 con-

541 3807 931 3901 firmamus,·
996 3816 1065 3879 et
1114 3829 1306 3879 nunc
1336 3807 1723 3902 specialiter
1773 3807 2006 3903 ipsum
2054 3806 2549 3879 monasterium
2593 3814 2663 3877 et
2718 3826 2954 3877 omnes
3001 3805 3245 3876 fratres
3294 3814 3362 3876 et

541 3932 949 4018 monachos,
975 3929 1205 4002 curias
1225 3937 1293 4001 et
1323 3930 1789 4023 possessiones
1814 3937 1883 4000 et
1909 3927 2141 3999 omnia
2160 3930 2320 4020 jura
2348 3927 2654 4023 ipsorum
2682 3926 2753 3995 in
2780 3924 3271 4020 protectionem
3294 3934 3364 3997 et

545 4051 1013 4126 defensionem
1055 4061 1358 4124 nostram
1395 4051 1807 4147 recipimus;
1858 4051 2212 4125 sanctione
2237 4049 2429 4142 regia
2465 4057 2838 4120 statuentes
2861 4057 2941 4119 ut
2976 4048 3164 4119 nulla
3194 4071 3366 4143 per-

544 4198 712 4251 sona
747 4177 1034 4249 humilis
1054 4176 1169 4249 vel
1192 4176 1509 4248 sublimis
1528 4175 1959 4272 sepedictum
1982 4174 2474 4247 monasterium
2493 4173 2567 4244 in
2585 4171 2896 4266 personis
2923 4172 3134 4244 autin
3153 4174 3367 4246 rebus

547 4300 955 4398 audeataut
976 4309 1330 4398 presumat
1360 4299 1795 4394 aliquatenus
1825 4299 2206 4372 molestare.
2249 4299 2336 4370 Ut
2365 4305 2595 4390 autem
2632 4296 2763 4369 hec
2787 4296 2869 4376 ‚in
2907 4295 3197 4369 dubium
3225 4320 3365 4370 non

546 4425 805 4522 possint
835 4424 928 4497 de
970 4433 1196 4497 cetero
1229 4423 1571 4515 revocari,
1616 4423 1795 4496 hanc
1836 4423 2164 4522 paginam
2201 4421 2408 4515 sigilli
2448 4420 2663 4494 nostri
2709 4420 3090 4493 munimine
3129 4442 3366 4518 prece-

547 4549 780 4645 pimus
808 4546 1143 4621 roborari.

556 4687 562 4710 ³
616 4674 879 4745 .Testes
901 4680 1134 4743 autem
1160 4667 1372 4760 hujus
1394 4668 1496 4743 rei
1520 4677 1743 4741 sunt:
1780 4667 2078 4741 Sifridus
2104 4667 2602 4762 moguntinus,
2643 4667 2976 4740 Henricus
3009 4664 3366 4737 Colonien-
