4500 5956
1551 601 1803 660 INDEX
1854 599 2547 662 DOCUMENTORUM.
3331 598 3450 659 975

1467 929 1602 989 illos
1628 938 1830 991 monet
1855 938 1926 991 ut
1949 930 2028 991 ad
2053 934 2278 989 curiam
2306 930 2573 989 eamdem
2599 928 2874 1004 providos
2904 934 2964 987 et
2990 928 3266 989 honestos
3292 946 3448 989 nun-

1471 1028 1586 1086 tios
1612 1029 1844 1087 mittere
1872 1033 2206 1103 procurent.
3335 1034 3450 1085 945

669 1127 837 1202 julio.
1062 1121 1239 1197 Apud
1393 1153 1473 1165 —-
1510 1122 1883 1182 Abbatissam
1909 1128 1970 1181 et
1995 1128 2352 1182 conventum
2381 1122 2455 1180 de
2482 1121 2778 1181 Duaeeren
2804 1136 2941 1180 cum
2969 1121 3244 1181 omnibus
3274 1120 3446 1180 bonis

943 1220 1359 1280 Wormatiam.
1471 1234 1675 1278 earum
1703 1220 1814 1279 sub
1842 1222 2197 1296 protectione
2219 1236 2328 1279 sua
2355 1219 2593 1294 speciali
2619 1219 2857 1294 recipit,
2885 1218 3176 1278 mandans
3215 1235 3290 1277 ne
3325 1220 3448 1277 ali-

1470 1318 1605 1393 quis
1630 1332 1732 1377 eas
1750 1319 1813 1376 in
1842 1315 2040 1394 aliquo
2067 1317 2374 1375 molestare
2399 1320 2757 1391 praesumat.
3159 1323 3296 1387 728,
3328 1322 3360 1372 7
3369 1322 3442 1373 29

622 1421 893 1491 augusto.
972 1414 1041 1472 In
1071 1412 1317 1472 solemni
1389 1444 1472 1458 —
1511 1414 2000 1474 Constitutionem
2040 1412 2371 1490 generalem
2409 1413 2744 1489 promulgat
2775 1411 2886 1471 sub
2913 1412 3249 1487 quindecim
3284 1413 3445 1487 capi-

1061 1512 1226 1570 curla
1471 1513 1611 1571 tulis
1645 1512 2006 1582 distinctam,
2036 1510 2115 1569 ad
2146 1515 2371 1569 statum
2416 1511 2643 1585 imperii
2681 1512 2745 1568 in
2771 1509 3143 1568 observantia
3187 1509 3347 1583 pacis
3389 1513 3449 1566 et

966 1606 1324 1684 Maguntiae.
1472 1610 1815 1668 executione
1835 1608 2098 1684 justitiae
2130 1604 2585 1665 reformandum.
3332 1612 3364 1662 7
3373 1613 3448 1664 4ο

630 1707 893 1780 augusto.
1061 1705 1239 1781 Apud
1393 1736 1474 1747 —
1512 1704 1607 1764 Ad
1636 1720 1833 1780 preces
1870 1703 2123 1763 Walteri
2161 1701 2395 1762 abbatis
2421 1702 2623 1763 Sancti
2649 1701 2871 1761 Gisleni
2889 1743 2907 1774 ,
2947 1702 3150 1761 inserit
3188 1707 3247 1761 et
3273 1718 3447 1761 reno-

950 1805 1342 1881 Maguntiam.
1471 1801 1671 1860 vando
1711 1800 2021 1860 confirmat
2062 1801 2439 1877 privilegium
2476 1816 2514 1859 a
2555 1805 2721 1875 patre
2760 1815 2868 1859 suo
2902 1800 3157 1859 Henrico
3192 1801 3448 1876 impera-

1473 1902 1600 1957 tore
1626 1913 1783 1956 anno
1816 1906 1992 1968 1191,
2022 1906 2089 1956 17
2113 1899 2292 1974 junii,
2315 1896 2506 1957 eidem
2534 1898 2889 1957 monasterio
2913 1913 3278 1957 concessum.
3335 1907 3365 1957 7
3375 1906 3449 1957 49

621 2000 894 2072 augusto.
964 1997 1321 2074 Maguntiae.
1392 2026 1475 2041 -
1513 1993 1791 2056 Notiiicat
1824 1996 2173 2054 sententiam
2210 1994 2286 2052 in*
2309 2010 2416 2053 sua
2458 1994 2623 2053 curia
2664 1992 2920 2069 generali
2959 1993 3145 2053 latam
3188 2009 3310 2070 qua
3344 1997 3450 2070 ju-

1471 2091 1645 2151 betur
1673 2098 1743 2150 ut
1770 2092 2090 2153 Clementia
2110 2090 2236 2150 fllia
2272 2092 2500 2150 comitis
2522 2090 2802 2166 Stephani
2827 2090 2902 2150 de
2928 2091 3269 2168 Burgundia
3292 2107 3327 2152 a
3351 2107 3454 2151 co-

1471 2191 1614 2248 mite
1664 2188 1940 2265 Egenone
1984 2187 2058 2246 de
2104 2187 2305 2247 Urach
2343 2188 2612 2263 nequiter
2653 2187 2890 2246 detenta
2934 2185 3236 2264 liberetur,
3285 2188 3457 2263 eique

1471 2291 1731 2345 castrum
1760 2284 2062 2362 Burgdorf
2089 2301 2226 2344 cum
2257 2284 2532 2344 omnibus
2563 2284 2738 2344 bonis
2762 2285 2953 2343 eidem
2978 2286 3042 2343 in
3070 2283 3268 2344 dotem
3313 2300 3454 2345 con-

1474 2384 1651 2442 cessis
1677 2383 2041 2441 restituatur.
3339 2391 3452 2442 753

622 2481 894 2552 augusto.
965 2477 1327 2557 Maguntiae.
1394 2510 1473 2525 —
1514 2480 1792 2538 Ottonem
1838 2478 1912 2537 de
1952 2478 2268 2556 Luneburg
2286 2524 2303 2551 ,
2342 2480 2846 2555 consanguineum
2882 2494 3086 2551 suum,
3130 2481 3235 2554 qui
3277 2479 3452 2540 flexis

1473 2591 1672 2635 coram
1709 2592 1773 2634 se
1809 2574 2059 2651 genibus
2093 2575 2207 2634 sibi
2244 2582 2506 2635 castrum
2544 2573 2864 2650 Luneburg
2901 2589 3039 2633 cum
3080 2575 3211 2635 aliis
3246 2577 3452 2636 castris

1471 2673 1537 2731 in
1571 2673 1985 2748 proprietatem
2026 2674 2379 2748 resignavit,
2409 2674 2733 2749 principem
2766 2673 2995 2746 imperii
3029 2678 3219 2745 creat,
3250 2672 3323 2731 de
3364 2675 3453 2732 ci-

1473 2770 1657 2828 vitate
1683 2768 2036 2828 Brunswick
2062 2775 2122 2827 et
2160 2775 2353 2829 castro
2384 2768 2704 2847 Luneburg
2730 2784 2866 2828 cum
2894 2784 3097 2829 eorum
3129 2770 3456 2831 attinentiis

1474 2867 1758 2927 ducatum
1785 2867 1840 2925 ei
1862 2868 2247 2926 constituens.
3341 2878 3457 2928 754

643 2966 717 3019 23
742 2973 877 3038 aug.
966 2958 1332 3037 Maguntiae.
1397 2994 1475 3009 —
1515 2963 1609 3023 Ad
1635 2963 2118 3040 supplicationem
2154 2964 2410 3026 Conradi
2436 2963 2935 3025 Hildeshemensis
2961 2965 3238 3042 episcopi,
3266 2972 3458 3026 ratam

1473 3059 1655 3121 habet
1717 3063 2075 3136 emptionem
2134 3061 2524 3137 quarumdam
2578 3061 3018 3135 advocatiarum
3063 3065 3230 3138 justo
3286 3064 3459 3123 titulo

1474 3155 1693 3217 tactam
1719 3173 1756 3216 a
1782 3158 2041 3232 capitulo
2074 3159 2313 3233 majoris
2341 3159 2619 3217 ecclesiae
2652 3157 3176 3218 Hildeshemensis.
3344 3169 3459 3219 758

622 3247 899 3331 [august.‚
961 3252 1024 3310 in
1052 3250 1342 3329 colloquio
1395 3286 1474 3298 —
1514 3255 1711 3330 Papae
1734 3257 1973 3314 nuntiat
1996 3270 2073 3314 ex
2100 3254 2419 3314 deliberato
2445 3271 2583 3315 cum
2608 3256 2970 3332 principibus
3003 3259 3234 3333 imperii
3267 3260 3459 3317 consi-

944 3348 1349 3427 Maguntino.]
1474 3351 1553 3411 lio
1590 3367 1653 3411 se
1693 3351 2110 3412 Lombardiam
2151 3356 2391 3413 ineunte
2429 3353 2630 3413 futuro
2653 3355 2822 3430 aprili
2848 3354 3137 3414 hostiliter
3161 3357 3456 3432 ingressu·

1476 3464 1645 3522 rum,
1677 3451 1792 3509 nisi
1827 3452 2129 3525 negotium
2174 3450 2563 3510 Lombardiae
2594 3451 2756 3526 quod
2781 3452 2892 3527 ipsi
2918 3467 3103 3528 papae
3129 3455 3452 3529 commisit,

1473 3548 1534 3605 in
1564 3545 1715 3606 festo
1740 3545 1967 3605 Natalis
1992 3544 2226 3604 Domini
2257 3549 2526 3622 proximo
2552 3548 2918 3606 terminetur.
3341 3556 3454 3607 759

622 3641 895 3713 augusto.
1058 3639 1236 3716 Apud
1395 3675 1475 3687 --
1514 3642 1737 3702 Notum
1763 3640 1905 3702 facit
1949 3642 2110 3718 quod
2154 3644 2214 3701 in
2261 3643 2518 3719 generali
2546 3645 2706 3702 curia
2732 3659 2841 3701 sua
2868 3643 3165 3703 Walterus
3193 3643 3267 3702 de
3293 3644 3456 3704 Lim-

964 3736 1326 3814 Hagenowe.
1473 3736 1627 3816 burg
1671 3741 1948 3813 pincerna
1993 3736 2324 3798 Gottifredo
2363 3737 2437 3796 de
2483 3737 2827 3797 Hobenlobe
2855 3740 3053 3797 comiti
3080 3740 3455 3799 Romaniolae

1474 3850 1582 3910 pro
1611 3836 2032 3893 restauratione
2058 3833 2410 3893 damnorum
2436 3850 2540 3909 per
2568 3850 2631 3893 se
2656 3836 2767 3909 ipsi
2791 3834 3085 3894 illatorum
3111 3836 3270 3896 mille
3298 3852 3455 3896 mar·

1474 3947 1574 3991 cas
1598 3933 1825 4008 argenti
1853 3930 2166 3990 solvendas
2209 3933 2507 4006 promisit,
2544 3937 2605 3991 et
2651 3948 2827 4009 super
2865 3933 3156 3993 solutione
3203 3940 3459 3995 castrum

1475 4045 1651 4089 suum
1678 4027 2161 4105 Schenckenberg
2185 4027 2487 4105 obligavit.
3342 4041 3456 4092 760

623 4125 897 4198 augusto.
1061 4120 1241 4198 Apud
1395 4158 1476 4170 -
1516 4128 1732 4188 Notum
1761 4125 1903 4185 facit
1926 4125 2086 4202 quod
2114 4127 2176 4184 in
2202 4125 2460 4203 generali
2484 4126 2647 4184 curia
2665 4142 2775 4185 sua
2793 4126 3145 4187 Lndewicus
3165 4128 3241 4188 de
3258 4129 3468 4206 Schipf

967 4219 1331 4298 Hagenowe.
1479 4223 1807 4284 Gottii'redo
1851 4222 1926 4282 de
1974 4223 2317 4285 Hohenlohe
2356 4225 2557 4283 comiti
2601 4225 2978 4284 Romaniolae
3020 4241 3126 4302 pro
3169 4233 3461 4288 restaura-

1478 4322 1638 4380 tione
1666 4318 2022 4379 damnorum
2050 4336 2154 4396 per
2189 4336 2254 4380 se
2292 4323 2403 4396 ipsi
2439 4320 2736 4380 illatorum
2773 4320 2934 4380 mille
2972 4338 3202 4382 marcas
3230 4327 3462 4401 argenti

1478 4416 1793 4476 solvendas
1819 4418 2117 4491 promisit,
2149 4424 2211 4477 et
2244 4433 2421 4493 super
2461 4418 2749 4477 solutione
2774 4424 3033 4478 castrum
3060 4435 3235 4480 suum
3261 4420 3471 4498 Schipt

1482 4510 1786 4587 obligavit.
3349 4527 3465 4580 762

658 4610 695 4662 9
722 4610 874 4680 sept.
972 4604 1332 4683 Hagenowe.
1401 4641 1484 4652 —
1523 4607 1617 4667 Ad
1643 4609 2130 4685 supplicationem
2173 4613 2486 4688 praepositi
2512 4619 2573 4671 et
2598 4612 2838 4689 capituli
2872 4611 3075 4674 Sancti
3117 4613 3365 4675 Servatii
3402 4620 3466 4676 in

1484 4705 1780 4781 Trajecto,
1795 4708 2145 4766 sententiam
2164 4707 2463 4784 quondam
2484 4724 2680 4768 coram
2698 4706 2820 4768 tilio
2839 4726 2949 4770 suo
2965 4709 3142 4771 latam
3161 4711 3469 4773 confirmat
