4500 5956
1022 550 1143 612 696
2061 542 2404 603 rinmunt
2456 543 2789 603 SEPTml
3470 546 3630 623 [Anu.
3667 546 3854 609 1234.-

670 1131 924 1236 namn,
1139 1117 1507 1199 Henricus
1520 1179 1544 1221 ‚
1606 1117 2125 1199 Romanorum
2182 1140 2368 1219 rex,
2429 1116 2717 1199 nuntiis
2772 1117 2930 1198 suis
3001 1119 3457 1226 supradictis
3510 1121 3847 1203 auctori-

632 1243 685 1283 ¹⁴
702 1240 965 1282 ¹¹⁰'⁸¹¹'¹’¹¹*
1030 1258 1264 1331 tatem
1320 1250 1662 1332 concedit
1712 1249 2087 1331 tractandi
2138 1249 2625 1332 concordiam
2649 1311 2673 1357 ‚
2732 1251 3168 1334 securitates
3221 1255 3455 1336 dandi
3510 1263 3587 1338 et
3636 1255 3842 1337 reci-

1028 1382 1312 1491 piendi⁷
1347 1382 1657 1491 jurandi
1697 1383 1925 1464 etiam
1962 1383 2039 1463 in
2079 1384 2337 1466 anima
2374 1410 2514 1467 sua
2550 1393 2625 1467 et
2650 1383 3086 1495 juramenta
3121 1386 3559 1494 recipiendi,
3590 1388 3846 1470 omnia

1032 1515 1363 1624 denique
1398 1514 1720 1597 faciendi
1758 1541 1956 1625 quae
2003 1515 2146 1599 sibi
2186 1516 2402 1600 utilia
2444 1518 2931 1627 videbuntur,
2972 1519 3159 1602 haec
3202 1519 3649 1627 promittens
3684 1531 3849 1602 rata

1030 1673 1111 1730 se
1144 1646 1615 1730 habiturum.

1198 1856 1438 1936 (Inedit.
1470 1876 1545 1920 ex
1574 1860 1773 1920 codice
1794 1859 2182 1923 bibliothecae
2208 1861 2664 1935 Ambrosianus,
2695 1864 3192 1941 supralaudato.)

1129 2047 1376 2118 Datum
1411 2045 1602 2141 apud
1633 2047 2070 2141 Ezzelingen‚
2109 2049 2327 2121 XVlll
2352 2048 2681 2123 kalendas
2707 2049 3128 2142 decembris,
3169 2051 3544 2125 indictione
3574 2063 3844 2125 octava.

749 2681 810 2733 Α
814 2680 873 2723 a
1147 2646 1513 2730 Henricus
1535 2707 1559 2749 ,
1630 2645 2149 2727 Romanorum
2232 2670 2392 2726 rex
2379 2707 2403 2753 ,
2464 2653 2801 2727 montem
2873 2644 3163 2726 dictum
3226 2645 3743 2757 Weltersberg
3810 2675 3859 2730 a

630 2735 995 2884 ῗξέῗέἓὲζξί
1045 2780 1394 2862 Conrado
1440 2778 1794 2861 Schuelin
1851 2777 1947 2860 de
1997 2777 2358 2887 Biringen
2414 2776 2778 2860 fratribus
2831 2777 2928 2859 de
2981 2777 3284 2862 Alnvelt
3334 2780 3853 2889 resignatum,

1042 2912 1337 3022 sibique
1373 2910 1527 2994 ab
1507 2912 1692 3020 ipsis
1747 2909 2111 2994 fratribus
2147 2909 2758 3018 contraditum,
2738 2934 2820 2990 111
2858 2908 2989 3020 jus
3037 2919 3113 2993 et
3145 2911 3678 3020 proprietatem
3714 2939 3856 2997 ec-

1043 3045 1313 3128 clesiae
1348 3046 1444 3128 de
1481 3043 1894 3126 Schonthal
1929 3043 2165 3126 libere
2199 3052 2275 3126 et
2312 3042 2657 3126 absolute
2691 3041 3009 3126 confert.

1210 3260 1460 3339 (Inedit.
1510 3276 1586 3319 ex
1612 3259 1882 3337 originali
1923 3260 1987 3318 in
2026 3258 2269 3318 archivo
2313 3259 2768 3337 stuttgartensi,
2794 3261 2958 3339 qnod
2994 3260 3167 3322 nobis
3196 3263 3273 3323 cl.
3305 3280 3367 3323 v.
3398 3262 3648 3322 Kausler
3686 3276 3860 3322 com-

1281 3367 1625 3428 municavit.
1675 3364 1946 3443 Sigillum
1981 3364 2252 3425 illaesum
2291 3380 2457 3426 cerae
2496 3366 2777 3427 subrutae
2825 3369 3173 3443 impressum
3188 3412 3207 3442 ,
3238 3384 3315 3428 ex
3346 3366 3465 3428 filis
3491 3370 3690 3429 sericis
3714 3367 3860 3427 ssavi

1284 3471 1564 3548 rubrique
1588 3470 1800 3530 coloris
1825 3468 2110 3546 pendens,
2141 3468 2320 3529 habet
2348 3470 2652 3548 legendam
2681 3473 2914 3532 solitam
2936 3489 3076 3532 cum
3101 3473 3403 3534 additione
3426 3490 3504 3534 ex
3527 3480 3861 3535 transverso

1283 3579 1361 3639 ad
1388 3585 1701 3653 utrumque
1723 3576 1924 3636 throni
1948 3576 2103 3635 latus
2129 3576 2230 3635 ET
2266 3576 2436 3639 DUX
2488 3576 2857 3651 S—VEVIE.)

1142 3770 1217 3840 In
1248 3765 1527 3838 nomine
1553 3773 1786 3835 sancte
1815 3771 1884 3834 et
1920 3758 2284 3832 individue
2316 3758 2690 3833 Trinitatis.
2743 3761 3100 3834 Heinricus
3132 3760 3377 3835 divina
3407 3765 3685 3836 favente
3719 3765 3858 3837 cle-

1046 3892 1299 3964 mentia
1321 3889 1653 3985 septimus
1676 3888 2136 3958 Romanorum
2171 3906 2301 3957 rex
2326 3894 2394 3957 et
2411 3905 2681 3980 semper
2706 3894 3068 3979 augustus.
3105 3887 3294 3959 Licet
3324 3888 3676 3979 religiosas
3700 3909 3863 3982 per-

1044 4038 1246 4089 sonas
1260 4016 1760 4107 cujuscumque
1776 4009 2039 4083 ordinis
2064 4008 2438 4102 diligamus
2453 4010 2526 4079 in
2551 4011 2720 4099 Deo,
2745 4007 3265 4103 Cystertiensem
3298 4021 3526 4083 tamen
3547 4011 3861 4083 ordinem

1049 4136 1431 4234 specialiter
1458 4137 1936 4230 amplexamur
1958 4132 2260 4204 brachiis
2297 4132 2596 4204 caritatis
2608 4185 2631 4224 ‚
2687 4153 2772 4203 eo
2803 4133 2995 4226 quod
3042 4134 3209 4228 quia
3256 4133 3604 4207 sinceriori
3635 4134 3863 4208 devo-

1053 4263 1236 4333 tione
1267 4260 1469 4332 nobis
1504 4270 1572 4330 et
1600 4257 1887 4352 imperio
1920 4276 2044 4349 pre
2081 4255 2236 4327 aliis
2268 4252 2633 4327 ordinibus
2654 4262 2761 4325 est
2784 4256 3137 4343 astrictus,
3175 4256 3601 4350 propensiori
3628 4256 3861 4329 studio

1049 4407 1212 4457 eum
1247 4384 1320 4453 in
1350 4382 1712 4477 specialem
1745 4379 2063 4451 affectum
2083 4378 2403 4470 colligere
2436 4377 2847 4462 debeamus;
2889 4376 3157 4449 firmam
3186 4399 3381 4473 spem
3400 4377 3864 4473 fiduciamque

1049 4515 1356 4579 tenentes
1382 4505 1573 4599 quod
1600 4502 1934 4597 quicquid
1969 4502 2034 4572 ei
2066 4497 2286 4593 gratie
2317 4502 2678 4572 fecerimus
2713 4500 3024 4595 proficiat
3058 4502 3258 4573 nobis
3296 4511 3364 4573 et
3409 4502 3659 4574 nostris
3691 4523 3866 4598 pro-

1046 4630 1471 4727 genitoribus
1498 4627 1591 4700 ad
1615 4627 1930 4698 salutem.
1962 4623 2137 4696 Hinc
2163 4632 2271 4696 est
2302 4623 2494 4719 quod
2521 4625 2863 4699 universis
2887 4627 3323 4722 presentibus
3352 4635 3423 4699 et
3454 4627 3703 4698 futuris
3741 4646 3868 4698 vo·
