4500 5956
976 546 1129 608 1000
1881 551 2134 615 mnssx
2182 554 2880 619 DOCUMENTORUM.

995 750 1221 826 12:¹54

1815 890 1878 949 in
1904 889 2230 953 Jerusalem
2259 893 2335 953 ab
2371 895 2535 955 omni
2569 894 2819 972 pedagio
2852 901 2913 956 et
2950 895 3226 958 theloneo
3270 897 3336 958 in
3374 897 3595 958 finibus
3630 900 3797 976 regni

1815 988 1907 1046 sui
1936 987 2149 1049 liberos
2173 992 2499 1053 constituit.
3676 1003 3788 1056 677

1400 1085 1576 1162 Apud
1736 1113 1815 1128 —-
1855 1083 2164 1146 Fratribus
2189 1086 2401 1148 domus
2426 1087 2679 1148 Sanctae
2699 1088 2922 1148 Mariae
2947 1088 3447 1150 Tbeutonieorum
3473 1090 3634 1167 apud
3657 1091 3793 1152 Nu-

1296 1181 1678 1261 Nuremberg.
1813 1180 2102 1259 remberg‚
2127 1189 2362 1259 propter
2379 1183 2657 1261 obsequia
2676 1184 2786 1244 sibi
2809 1190 2868 1243 et
2889 1185 3135 1259 imperio
3150 1184 3436 1265 exhibita,
3456 1187 3791 1246 molendina

1814 1275 2107 1350 quaedam
2134 1277 2217 1337 ibi
2243 1278 2534 1355 descripta
2566 1285 2628 1339 et
2648 1296 2686 1339 a
2712 1280 2982 1340 Conrado
3009 1280 3325 1356 burgravio
3348 1282 3423 1342 de
3446 1282 3789 1361 Nurenberg

988 1079 1062 1131 30
1099 1086 1237 1148 aug.

1814 1371 1877 1428 ln
1904 1386 2118 1433 manus
2142 1389 2282 1433 suas
2309 1374 2598 1454 delegata,
2623 1375 2830 1435 donat.
3489 1386 3630 1449 677,
3670 1387 3784 1438 678

989 1468 1063 1520 80
1098 1474 1237 1536 aug.
1400 1470 1579 1547 Apud
1734 1496 1815 1508 —-
1852 1464 2051 1527 Uirico
2077 1472 2410 1546 praeposito
2443 1476 2505 1531 et
2538 1468 2816 1531 fratribus
2846 1472 3094 1532 Sanctae
3120 1471 3322 1534 Crucis
3355 1474 3512 1548 apud
3538 1475 3789 1550 Augus-

1301 1567 1356 1627 Ν
1359 1567 1676 1647 urimberg.
1815 1567 1937 1621 tam
1965 1572 2208 1624 renovat
2234 1566 2456 1626 litteras
2481 1572 2543 1627 et
2566 1570 2971 1629 concessiones
2991 1568 3248 1645 Philippi
3275 1571 3452 1646 regis,
3477 1586 3631 1646 quae
3662 1569 3788 1629 ibi-

1812 1657 1947 1718 dem
1976 1661 2336 1721 inseruntur.
3671 1673 3784 1726 679

993 1758 1027 1808 2
1062 1754 1211 1825 sept.
1399 1757 1580 1834 Apud
1733 1787 1815 1798 —
1853 1754 2124 1815 Conrado
2158 1760 2433 1834 episeopo
2473 1758 2939 1820 Hildeshemensi
2977 1760 3183 1821 scribit
3222 1760 3522 1838 quomodo
3564 1777 3789 1838 semper

1322 1852 1653 1932 Esslingen.
1812 1852 2103 1911 mandatis
2123 1856 2305 1929 patris
2322 1855 2413 1913 sui
2430 1853 2715 1914 obedierit
2729 1860 2789 1915 et
2805 1873 2912 1932 pro
2930 1857 3114 1932 ipsius
3131 1873 3202 1916 ac
3219 1858 3449 1933 imperii
3464 1856 3684 1917 bonore
3699 1858 3784 1918 la-

1811 1947 2140 2020 boraverit3
2170 1966 2333 2011 nunc
2356 1956 2557 2010 autem
2581 1967 2768 2027 quum
2794 1953 2921 2028 ipse
2945 1957 3108 2028 pater
3133 1968 3271 2030 erga
3298 1968 3361 2012 se
3383 1952 3593 2012 durius
3616 1959 3781 2030 agat,

1812 2044 1977 2105 illum
2002 2053 2170 2125 rogat
2188 2053 2258 2107 ut
2283 2064 2404 2107 una
2431 2064 2567 2107 cum
2589 2049 2832 2108 caeteris
2857 2050 3083 2126 imperii
3116 2048 3479 2124 principibus
3499 2048 3786 2124 supplieet

1809 2141 1998 2202 eidem
2035 2160 2108 2201 ne
2133 2144 2416 2204 honorem
2443 2161 2618 2204 suum
2645 2144 2936 2205 diminuat
2963 2145 3056 2205 vel
3082 2147 3374 2205 immutet.
3497 2154 3634 2218 681,
3667 2153 3779 2206 682

987 2240 1047 2291 ιι
1084 2236 1232 2307 sept.
1400 2236 1574 2313 Apud
1727 2273 1808 2285 -
1848 2242 2091 2301 Civibus
2136 2242 2603 2302 Errordiensibus
2649 2245 2869 2320 gratiae
2910 2259 3051 2304 suae
3096 2243 3424 2303 reformatis
3463 2248 3524 2303 et
3561 2259 3599 2303 a
3638 2260 3781 2319 pro-

1297 2331 1670 2408 Bopardiam.
1809 2340 2140 2415 scriptionis
2165 2343 2457 2400 sententia
2481 2341 2763 2400 absolutis
2779 2344 2944 2417 jura,
2961 2339 3256 2400 libertates
3279 2346 3339 2399 et
3360 2340 3612 2400 honores
3636 2341 3781 2416 qni-

1808 2435 1920 2497 bus
1947 2436 2233 2497 hactenus
2255 2443 2396 2497 sunt
2422 2440 2608 2514 gavisi
2628 2481 2646 2514 ,
2675 2440 2917 2496 innovat
2937 2443 2998 2496 et
3020 2435 3351 2497 confirmat.
3664 2444 3774 2497 687

985 2533 1046 2582 1¹
1083 2528 1231 2599 sept.
1389 2524 1568 2602 Apud
1726 2566 1807 2578 —-
1844 2533 2085 2596 Civibus
2111 2533 2188 2593 de
2215 2532 2577 2609 Oppenbeim
2604 2529 2903 2593 libertates
2933 2538 2992 2592 et
3016 2532 3265 2592 honores
3289 2548 3439 2609 quos
3471 2531 3649 2591 habet
3682 2535 3781 2592 ci-

1295 2620 1668 2699 Bopardiam.
1805 2632 1960 2690 vitas
1984 2629 2376 2691 Frankenfort
2400 2630 2612 2703 donat,
2644 2631 2970 2706 specialiter
2995 2629 3070 2690 de
3093 2629 3425 2689 conditione
3450 2644 3650 2687 eorum
3675 2628 3775 2704 qui

1804 2726 1901 2787 hic
1926 2733 1988 2787 et
2014 2727 2135 2786 iilic
2172 2734 2368 2787 sturas
2392 2726 2535 2786 dare
2559 2727 2652 2786 vel
2679 2729 2858 2787 sturis
2878 2728 3170 2788 immunes
3194 2741 3321 2786 esse
3346 2724 3576 2785 debent.
3664 2732 3776 2785 689

975 2823 1049 2874 20
1078 2820 1222 2891 sept.
1276 2814 1395 2893 Ap.
1419 2815 1671 2894 Spiram.
1722 2854 1805 2868 —
1844 2823 2118 2884 scultetis
2142 2830 2203 2884 et
2237 2822 2577 2883 hominibus
2604 2823 2843 2900 Leodii‚
2891 2824 3176 2902 Trajecti,
3222 2822 3424 2883 Sancti
3452 2822 3776 2895 Trudonis,

1802 2919 1982 3000 Hoyii
2000 2964 2020 3000 ,
2069 2922 2441 3000 Tungrorum
2491 2928 2553 2982 et
2596 2921 2858 2983 Dinantii
2897 2920 3142 2982 mandat
3180 2925 3248 2980 ut
3289 2935 3429 2980 cum
3473 2921 3780 2997 episeopus

1800 3018 2138 3079 Leodiensis
2172 3021 2523 3078 sententiam
2562 3020 2891 3094 principum
2931 3018 3110 3077 latam
3146 3016 3221 3076 de
3262 3017 3634 3076 immunitate
3669 3031 3780 3075 ec-

1801 3116 2013 3176 clesiae
2046 3115 2247 3175 Sancti
2274 3115 2525 3175 servatii
2560 3117 2622 3172 in
2649 3115 2919 3192 Trajecto
2956 3113 3273 3189 adimplere
3307 3128 3427 3172 non
3457 3113 3773 3185 curaverit,

1800 3213 1912 3287 ipsi
1941 3212 2005 3268 in
2032 3209 2127 3270 his
2152 3227 2306 3288 quae
2333 3210 2488 3271 idem
2529 3212 2832 3287 episeopus
2865 3215 3025 3272 tenet
3056 3210 3133 3270 ab
3170 3211 3438 3288 imperio,
3462 3208 3688 3268 nullam
3720 3210 3775 3268 ei

1803 3306 2025 3367 faciant
2050 3306 2464 3368 obedientiam.
3485 3313 3628 3376 689,
3659 3312 3773 3366 690

1010 3408 1043 3458 3
1071 3403 1182 3458 oct.
1382 3395 1558 3471 Apud
1721 3432 1802 3445 —
1841 3401 2128 3477 Episcopo
2153 3409 2212 3461 et
2239 3404 2513 3462 ecclesiae
2538 3402 2851 3464 Basiliensi
2872 3403 3142 3463 universa
3157 3405 3293 3479 jura
3318 3417 3422 3477 per
3446 3401 3771 3479 privilegia,

1292 3492 1657 3569 Hagenowe.
1800 3496 2255 3557 consuetudines
2284 3501 2409 3557 sive
2446 3501 2895 3559 constitutiones
2929 3499 3215 3577 legitimas
3251 3498 3610 3570 introducta,
3638 3499 3777 3574 qui-

1796 3591 1911 3653 bus
1936 3593 2224 3652 hactenus
2254 3597 2441 3671 gavisi
2467 3601 2626 3666 sunt,
2657 3593 2988 3655 confirmat.
3658 3599 3766 3652 691

1381 3686 1563 3763 Apud
1715 3722 1798 3736 —
1836 3689 1931 3749 Ad
1959 3691 2399 3765 requisitionem
2417 3689 2743 3749 abbatissae
2759 3689 3164 3761 Thurieensis,
3181 3688 3536 3749 sententiam
3557 3702 3592 3746 a
3608 3688 3772 3762 prin-

1290 3784 1649 3863 Hagenowe.
1795 3787 2023 3863 cipibus
2058 3786 2439 3863 approbatam
2466 3785 2830 3863 promulgat,
2862 3786 3084 3846 scilieet
3107 3784 3269 3862 quod
3294 3786 3345 3844 si
3372 3785 3506 3860 quis
3532 3781 3775 3842 feudum

1795 3900 1974 3945 suum
1999 3900 2037 3943 a
2063 3884 2301 3943 domino
2328 3882 2487 3942 feudi
2511 3884 2574 3941 ln
2603 3898 2826 3942 annum
2852 3887 2913 3941 et
2932 3882 3092 3942 diem
3118 3884 3413 3959 requirere
3426 3879 3769 3957 neglexerIt,

1001 3698 1036 3748 6
1064 3694 1174 3749 oct.

1796 3997 1871 4041 ex
1900 3986 2045 4040 tunc
2071 3979 2312 4040 feudum
2336 3979 2411 4039 ad
2437 3978 2745 4039 dominum
2770 3985 3119 4039 revertatur.
3654 3982 3768 4035 692

971 4088 1029 4138 κ’
1054 4094 1196 4137 nov.
1379 4073 1556 4150 Apud
1714 4107 1795 4119 —
1832 4075 2121 4135 Landolfo
2163 4075 2583 4136 Wormatiensi
2627 4074 2810 4134 electo
2851 4075 3101 4152 gratiam
3146 4072 3414 4133 concedit
3458 4075 3526 4130 ut
3567 4085 3772 4130 omnes

1296 4169 1627 4249 Esslingen.
1794 4173 1898 4248 qui
1925 4173 1990 4229 in
2026 4173 2266 4230 civitate
2300 4173 2428 4249 ejus
2462 4169 2862 4247 Laudenburg
2888 4170 3169 4248 elegerint
3195 4167 3478 4240 residere,
3516 4165 3593 4226 ab
3626 4180 3770 4225 om-

1793 4272 1959 4328 nium
1983 4268 2288 4328 hominum
2310 4266 2606 4344 obsequiis
2629 4269 2748 4325 sint
2773 4267 3055 4342 exempti.
3485 4270 3622 4337 692,
3652 4269 3764 4321 698

972 4372 1031 4423 1⁰
1054 4379 1195 4424 nov.
1378 4362 1555 4438 Apud
1715 4395 1793 4408 —
1833 4364 1906 4422 In
1954 4361 2216 4423 favorem
2254 4362 2521 4423 Landoifi
2556 4364 3009 4423 wormatiensis
3049 4360 3216 4421 electi
3262 4361 3579 4419 sententias
3619 4373 3768 4433 pro-

1160 4479 1168 4485 ·
1298 4459 1628 4539 Esslingen.
1789 4460 2055 4536 mulgat:
2077 4460 2348 4519 videlieet
2372 4460 2447 4519 de
2473 4459 2772 4518 diruendis
2793 4457 3076 4519 aedificiis
3098 4463 3160 4517 et
3181 4456 3258 4515 de
3272 4454 3463 4515 feudis
3487 4469 3768 4513 revocan-

1790 4556 1884 4615 dis
1914 4572 2069 4631 quae
2094 4571 2129 4616 a
2158 4555 2701 4632 praedecessoribus
2733 4554 2998 4632 ejusdem
3033 4553 3202 4614 electi
3234 4551 3475 4613 fuerunt
3509 4547 3770 4610 indebite

1789 4667 2088 4714 concessa.
3650 4651 3766 4705 694
