4500 5956
1084 598 1206 659 664
2119 590 2465 658 flammei
2516 597 2856 659 surum
3536 600 3698 681 [Anu.
3737 604 3912 664 1234.

1087 756 1227 806 non
1263 734 1413 804 sine
1437 732 1767 826 gravibus
1790 754 2021 804 rerum
2055 732 2436 828 dispendiis
2467 757 2643 829 pura
2674 733 2812 806 fide
2837 755 2920 806 ac
2950 732 3321 807 devotione
3341 736 3608 808 sincera
3645 759 3916 832 semper

1089 856 1433 929 adheserit
1448 856 1620 950 patri
1645 865 1876 929 nostro
1892 856 2235 928 Friderico
2259 857 2693 930 serenissimo
2702 858 3162 931 Romanorum
3180 859 3674 954 imperatoriae
3687 861 3909 946 nobiS‚

1090 978 1487 1052 exhibendo
1513 989 1701 1074 grata
1731 981 2013 1053 servitia
2041 980 2366 1076 imperi0,
2412 980 2700 1074 dignum
2727 1002 2878 1053 esse
2921 1002 3284 1054 censemus
3319 992 3398 1053 ut
3425 994 3738 1078 respectu
3771 1006 3916 1055 ser-

1084 1103 1408 1177 vitiorum
1429 1103 1732 1198 ipsorum
1749 1125 1831 1175 ac
1844 1105 2050 1176 etiam
2078 1112 2194 1175 tue
2221 1104 2611 1177 devotionis
2637 1104 2921 1195 intuitu,
2949 1105 3098 1200 ipse
3112 1103 3265 1199 (sic)
3286 1107 3574 1179 ecclesie
3585 1108 3917 1180 faciamus

1089 1228 1375 1320 gratiam
1412 1227 1803 1322 specialem.
1843 1227 2021 1299 Hinc
2048 1236 2154 1300 est
2190 1227 2382 1322 quod
2411 1250 2571 1299 cum
2598 1236 2674 1298 tu
2703 1227 2991 1300 liberam
3026 1228 3287 1301 habeas
3321 1229 3753 1303 advocatiam
3787 1232 3914 1303 bo-

1089 1371 1335 1421 norum
1390 1351 1459 1421 in
1529 1349 1888 1423 Guczstein
1941 1350 2168 1423 eidem
2222 1351 2513 1424 ecclesie
2569 1351 3058 1446 pertinentium
3079 1405 3100 1444 ,
3150 1373 3448 1446 quorum
3494 1361 3569 1424 tu
3606 1356 3915 1449 provisor

1090 1473 1366 1563 existis,
1420 1473 1545 1544 tibi
1593 1473 1681 1545 de
1725 1471 2195 1546 munificentie
2232 1468 2462 1547 nostre
2504 1475 2725 1569 gratia
2759 1474 3199 1568 indulgemus
3226 1485 3304 1547 ut
3338 1477 3622 1548 liberam
3656 1477 3914 1549 habeas

1090 1596 1479 1667 facultatem
1517 1596 1814 1689 eligendi
1848 1618 2057 1690 quem
2091 1597 2397 1668 volueris
2426 1597 2874 1687 advocatum,
2910 1618 2994 1668 ac
3029 1598 3234 1670 etiam
3259 1598 3662 1671 removendi
3692 1609 3761 1670 et
3787 1600 3915 1669 im-

1090 1719 1404 1790 mutandi
1432 1720 1783 1802 eumdem,
1812 1741 2320 1814 quemcumque
2348 1730 2418 1792 et
2450 1722 3023 1815 quotiescumque
3046 1733 3165 1793 tue
3190 1724 3524 1817 placuerit
3546 1725 3904 1795 voluntati.

1087 1841 1197 1912 Ad
1234 1842 1365 1914 hec
1401 1852 1480 1913 ut
1504 1844 1720 1936 gratia
1757 1844 2066 1938 gaudeas
2101 1844 2457 1938 ampliori,
2502 1846 2773 1936 regium
2808 1844 3116 1916 bannum
3144 1845 3269 1916 tibi
3300 1855 3369 1917 et
3399 1847 3687 1920 ecclesie
3719 1849 3912 1940 Mag·

1093 1965 1508 2061 deburgensi
1549 1968 1822 2061 tuisque
1856 1968 2367 2039 successoribus
2402 1966 2922 2041 concedendum
2960 1967 3324 2057 duximus,
3379 1969 3814 2064 indulgentes
3837 1981 3914 2042 ut

1084 2089 1145 2160 is
1167 2113 1372 2182 quem
1409 2112 1534 2186 pro
1563 2101 1865 2184 tempore
1890 2092 2176 2185 elegeris
2203 2092 2621 2164 advocatum
2657 2091 2771 2163 vel
2802 2102 2964 2164 tuus
2990 2112 3345 2163 successor
3370 2093 3653 2185 elegerit
3681 2104 3914 2166 aucto-

1086 2212 1284 2284 ritate
1313 2222 1431 2284 tua
1460 2223 1530 2284 et
1556 2215 1882 2302 ecclesie,
1924 2214 2232 2286 bannum
2258 2215 2512 2286 habeat
2547 2225 2616 2286 et
2646 2213 3109 2286 omnimodam
3132 2222 3529 2308 potestatem
3548 2216 3912 2306 judicandi

1088 2358 1330 2409 causas
1367 2346 1522 2409 tuas
1549 2350 1616 2410 et
1649 2338 2076 2432 proponendi
2119 2361 2200 2410 ac
2226 2339 2436 2410 etiam
2472 2337 2883 2409 terminandi
2916 2336 3231 2426 easdem,
3266 2347 3594 2432 tanquam
3631 2348 3811 2411 tutor
3846 2352 3917 2413 et

1087 2471 1275 2533 actor
1305 2472 1467 2533 tuus
1501 2471 1571 2534 et
1605 2462 1891 2533 ecclesie
1928 2471 2295 2554 vesterque
2331 2462 2679 2555 legitimus
2719 2460 3272 2552 mundiburdus;
3324 2462 3451 2535 sed
3488 2476 3557 2535 et
3613 2486 3770 2536 cum
3824 2466 3914 2538 ab

1088 2586 1449 2659 advocatia
1484 2594 1784 2657 remotus
1812 2585 2048 2677 fuerit,
2093 2586 2163 2656 in
2196 2586 2428 2659 banno
2462 2585 2671 2657 nichil
2701 2584 2878 2677 juris
2908 2586 3183 2681 penitus
3215 2587 3577 2678 retinebit,
3628 2589 3794 2682 quia
3824 2590 3916 2662 ad

1088 2709 1450 2781 ecclesiam
1489 2707 1907 2801 sepedictam
1952 2717 2021 2779 et
2052 2717 2119 2779 te
2160 2716 2456 2802 tuosque
2499 2729 2959 2797 successores,
3013 2708 3137 2803 qui
3167 2710 3553 2804 provisores
3606 2711 3910 2807 ipsorum

1085 2831 1424 2905 bonorum
1451 2852 1573 2926 pro
1600 2841 1903 2925 tempore
1933 2830 2183 2903 fuerint
2205 2886 2223 2920 ,
2259 2831 2489 2927 ipsum
2510 2831 2818 2904 bannum
2839 2842 3170 2926 perpetuo
3198 2835 3518 2905 volumus
3545 2836 3903 2929 pertinere.

1085 2955 1174 3027 Ut
1210 2955 1415 3048 igitur
1439 2956 1569 3028 hec
1598 2955 1873 3028 libertas
1899 2965 1968 3028 et
1996 2956 2215 3049 gratia
2238 2955 2525 3029 ecclesie
2567 2955 2701 3051 ipsi
2730 2956 2912 3027 facta
2939 2966 3347 3053 perpetuam
3368 2957 3673 3031 obtineat
3699 2956 3915 3030 firmi-

1089 3090 1295 3151 tatem
1314 3132 1334 3169 ,
1372 3080 1668 3173 presenti
1700 3080 2062 3174 privilegio
2094 3102 2246 3153 eam
2277 3079 2611 3152 duximus
2635 3078 3198 3153 confirmandam.

1187 3200 1437 3272 Actum
1469 3200 1657 3294 apud
1678 3202 2138 3296 Aldemburg,
2173 3224 2357 3275 anno
2386 3206 2607 3297 gratie
2631 3203 2992 3277 millesimo
3023 3203 3147 3276 CC.
3177 3204 3549 3298 XXXIIIP,
3584 3206 3672 3278 VI
3698 3227 3917 3280 nonas

1084 3324 1273 3417 julii,
1315 3324 1691 3397 indictione
1725 3325 2041 3420 septima.

1198 3895 1605 4004 HenricuS,
1684 3893 1873 3976 Rom
1882 3915 2205 3974 anorum
2272 3916 2406 3974 rex
2429 3953 2453 4000 ,
2521 3890 2809 3973 decano
2871 3898 2948 3971 et
3015 3886 3346 3998 capitulo
3419 3883 3917 3970 Goslariensis

981 4003 997 4028 ’
1092 4031 1451 4115 ecclesiae
1488 4054 1701 4111 areas
1738 4026 2058 4109 civitatis
2102 4035 2178 4109 et
2221 4051 2494 4109 census
2556 4023 2997 4106 earumdem
3043 4021 3484 4129 confirmat,
3514 4017 3794 4129 jubens
3829 4024 3917 4098 ut

1095 4166 1160 4246 si
1215 4165 1389 4273 quis
1452 4186 1765 4245 censum
1809 4159 2153 4243 debitum
2210 4159 2306 4241 de
2365 4158 2559 4240 areis
2613 4184 2769 4240 non
2823 4155 3316 4266 persolverit,
3375 4155 3456 4234 in
3524 4150 3916 4262 sexaginta

1098 4295 1380 4379 solidos
1418 4293 1517 4376 ab
1555 4295 1918 4377 advocato
1952 4293 2164 4402 regio
2201 4291 2825 4400 condempnetur.

1258 4508 1461 4588 (Edtd.
1491 4507 1874 4581 Lnucxrxm,
1904 4504 2197 4586 Antiquit.
2229 4500 2459 4577 Poeld„
2486 4503 2762 4581 append„
2792 4509 2840 4566 t.
2871 4503 2980 4580 IV,
3009 4520 3072 4581 p.
3105 4510 3248 4579 289,
3278 4502 3345 4562 n⁰
3370 4500 3590 4580 xvn.)

1187 4694 1580 4788 Heinricus,
1630 4691 1757 4764 Dei
1814 4690 2034 4786 gratia
2081 4692 2548 4765 Romanorum
2587 4713 2735 4764 ⁴rex
2774 4699 2845 4765 et
2890 4710 3164 4788 semper
3210 4696 3548 4784 augustus
3569 4743 3585 4775 ,
3643 4682 3913 4758 dilectis
