4500 5956
1570 639 1825 699 INDEX
1877 639 2584 701 DOCUMENTORUM.
3337 642 3492 703 1003

678 836 899 913 1255

1506 970 1637 1044 ejus
1660 983 1814 1044 qnae
1842 967 1920 1028 ab
1943 968 2190 1043 imperio
2214 972 2396 1041 tenet,
2426 968 2505 1028 ad
2533 983 2740 1029 omnes
2772 971 2901 1046 ejus
2927 966 3207 1029 haeredes
3232 973 3360 1030 tam
3389 967 3483 1030 ie·

1507 1065 1703 1125 minas
1726 1080 1909 1141 quam
1935 1064 2225 1125 masculos
2249 1067 2501 1125 transire
2524 1066 2771 1141 possint.
3368 1074 3483 1126 726

682 1439 902 1516 1232
1207 1380 1212 1391 ’
1465 1410 1837 1455 nocumu
1872 1412 2063 1454 vanu
2099 1413 2182 1453 m
2216 1412 2325 1455 ass
2360 1410 2630 1491 rrmcas
2657 1413 2732 1455 ιτ
2766 1413 3013 1457 smnus
3047 1412 3437 1458 srncrmu.

662 1576 730 1628 ia
769 1570 922 1628 man,
1047 1555 1309 1618 Paduae.
1427 1552 1833 1631 Heu-mannus,
1884 1554 2158 1630 usqistei·
2203 1550 2503 1633 hospitalis
2565 1552 3070 1631 neccaram-um,
3114 1556 3483 1631 imperatoris

1503 1654 1742 1712 nomine
1775 1668 1850 1712 ex
1885 1667 2007 1712 una
2044 1656 2209 1727 parte
2253 1657 2315 1712 et
2347 1657 2602 1711 rectores
2638 1658 2700 1712 et
2731 1652 3141 1712 ambaxatores
3173 1652 3481 1711 civitatum

1506 1750 1804 1809 societatis
1847 1747 2233 1809 Lombardiae
2277 1765 2352 1807 ex
2405 1748 2591 1808 altera
2634 1750 2698 1808 in
2739 1748 3025 1810 Jacobum
3068 1750 3481 1810 Penestrinum

1503 1847 1753 1907 electum
1777 1853 1840 1907 et
1863 1848 2141 1908 ottonem
2159 1848 2363 1907 Sancti
2388 1847 2614 1908 Nicolai
2639 1846 2950 1908 diaconum
2977 1848 3358 1919 cardinalem,
3374 1846 3480 1907 Se·

1501 1944 1595 2004 dis
1614 1942 1987 2020 Apostolicae
2024 1944 2265 2021 legatos,
2299 1948 2584 2018 tanquam
2610 1945 2673 2003 in
2698 1943 2952 2005 arbitros
2978 1945 3339 2004 conveniunt
3372 1960 3479 2004 su-

1500 2057 1606 2118 per
1633 2040 1896 2100 articulis
1923 2042 2084 2116 pacis
2109 2040 2421 2099 ineundae.
3363 2050 3477 2101 346

709 2147 872 2223 juno,
975 2177 1393 2200 .......
1422 2133 1754 2214 Landulfioe
1778 2134 1976 2216 judex
2007 2136 2083 2197 ab
2118 2139 2513 2197 instrumento
2551 2137 2812 2214 quodam
2847 2136 2964 2197 sibi
3004 2154 3042 2198 a
3071 2136 3481 2199 Bai-tholomeo

1501 2233 1794 2295 monacho
1821 2234 2086 2294 cavense
2110 2238 2483 2310 praesentato
2497 2276 2515 2307 ,
2540 2236 2566 2311 J
2573 2239 2721 2294 uxta
2747 2236 3224 2294 constitutionem
3251 2236 3482 2295 noviter

1501 2329 1739 2391 Melilae
1764 2331 2196 2408 promulgatam
2209 2373 2228 2403 ‚
2258 2345 2475 2390 nomen
2510 2337 2570 2390 et
2603 2336 2834 2407 tempus
2869 2331 3057 2391 hostis
3092 2336 3154 2391 et
3191 2332 3482 2392 invasoris

1500 2430 1667 2505 regni
1693 2435 1979 2500 removet,
2006 2429 2392 2504 appetituque
2417 2428 2783 2504 imperatoris
2808 2430 3043 2488 nomine
3076 2427 3223 2488 illud
3250 2431 3483 2488 instru-

1498 2531 1766 2585 mentum
1791 2525 2051 2585 declarat
2074 2531 2135 2585 et
2161 2530 2427 2585 renovat.
3127 2533 3229 2604 98,
3258 2530 3384 2586 not.
3420 2532 3479 2586 1.

676 2638 746 2690 12
766 2646 904 2709 aug,
977 2660 1390 2684 .......
1422 2620 1622 2701 Niqer,
1649 2621 1950 2681 Pmtensis
1982 2627 2043 2681 et
2080 2621 2489 2681 nonomen-a
2501 2663 2523 2694 ,
2552 2616 2929 2680 castaldiones
2964 2619 3159 2679 curiae
3206 2618 3277 2679 de
3324 2617 3484 2680 Valle

1505 2717 1682 2793 Ami,
1709 2734 1787 2778 ex
1810 2718 2092 2780 mandato
2115 2718 2306 2778 Jonae
2331 2716 2631 2778 castellani
2656 2716 2853 2778 Sancti
2883 2718 3146 2778 Miniatis
3168 2724 3230 2778 et
3255 2718 3480 2778 domini

1503 2814 1804 2875 Gebhardi
1831 2815 1908 2875 de
1931 2815 2241 2875 Amestein
2269 2817 2333 2874 in
2360 2814 2828 2887 Tusciavicaril,
2859 2813 3173 2891 plebanum
3201 2815 3278 2875 de
3305 2814 3482 2876 Altu-

1504 2913 1703 2990 pasclo
1728 2928 1835 2988 pro
1868 2910 2026 2972 dicto
2068 2911 2345 2988 hospitali
2382 2912 2448 2970 in
2481 2911 2899 2987 possessionem
2927 2910 3318 2988 quarumdam
3346 2915 3481 2970 ter-

1499 3026 1700 3070 rarum
1725 3011 1992 3070 mittunt.
3090 3017 3228 3080 366,
3254 3013 3382 3068 not.
3417 3017 3477 3070 1.

658 3113 922 3176 decemb.
1087 3110 1268 3188 Apud
1429 3103 1764 3166 Goeleon-&u
1786 3103 1857 3164 de
1881 3104 2161 3164 Amtee‘n
2188 3101 2507 3183 imperialis
2531 3104 2599 3164 in
2622 3100 2800 3165 Italia
2826 3100 3047 3184 loqutus
3082 3111 3140 3165 et
3168 3104 3381 3165 Petrm
3412 3101 3484 3165 de

1001 3194 1329 3270 Pressinam,
1511 3201 1691 3261 Vinea
1712 3197 2033 3280 imperialis
2058 3201 2256 3260 curiae
2266 3198 2492 3281 judex,
2522 3204 2585 3261 in
2615 3203 2942 3278 praesentia
2979 3202 3373 3278 imperatoris,
3401 3218 3482 3262 ex

1501 3300 1923 3373 conquestione
1966 3298 2199 3376 syndici
2250 3299 2653 3358 universitatis
2706 3296 2982 3357 Senensis
3031 3297 3479 3359 universitatem

1500 3393 1832 3454 Florentiae
1859 3393 2262 3454 condemnant
2296 3395 2362 3454 in
2407 3400 2647 3454 centum
2691 3393 2952 3454 millibus
2989 3396 3205 3455 marcis
3249 3396 3479 3473 argenti

1497 3490 1644 3550 ilsco
1668 3491 1955 3568 imperiali
1980 3490 2309 3564 solvendis,
2338 3508 2447 3568 pro
2472 3508 2543 3551 eo
2565 3489 2729 3569 quod
2773 3490 2849 3550 ab
2888 3493 3334 3570 impugnatione
3367 3490 3478 3552 Se-

684 3559 903 3635 1255
1501 3589 1774 3648 nensinm
1799 3604 1920 3648 non
1940 3588 2316 3661 destiterunt,
2346 3595 2461 3649 etc.
3354 3595 3473 3648 415

677 3695 743 3746 31
769 3691 898 3765 jan.
970 3688 1090 3765 Ap.
1129 3687 1392 3749 Mentem
1419 3681 1692 3746 Nimiam
1717 3682 1789 3743 de
1816 3685 2109 3757 Bisontio,
2137 3691 2489 3762 procurator
2528 3682 2925 3744 domninam
2959 3680 3332 3760 Basilicam,
3374 3700 3475 3744 re-

999 3784 1348 3848 Caveosum.
1496 3781 1661 3843 ducit
1695 3784 2116 3842 monasterium
2153 3781 2357 3843 Sancti
2397 3781 2701 3842 Michaelis
2744 3781 2819 3841 de
2859 3781 3064 3842 Monte
3109 3782 3369 3842 Caveoso
3408 3783 3472 3841 in

1496 3883 1920 3956 wsessionem
1947 3879 2284 3940 libertatum
2318 3877 2478 3956 apud
2503 3873 2773 3939 Mentem
2811 3877 3139 3939 caveosum
3175 3883 3236 3938 et
3260 3878 3474 3940 Poma-

1495 3979 1707 4048 ricum,
1737 3982 1851 4037 ete.
3355 3983 3472 4036 394

681 4081 716 4132 6
747 4072 895 4134 febr.
977 4072 1093 4151 Ap.
1119 4074 1360 4136 Barum.
1420 4072 1712 4134 Ber-ardus
1735 4072 2193 4133 Panormitam
2216 4069 2687 4151 archiepiscopum,
2715 4069 3016 4149 quondam
3044 4070 3319 4130 Barensis
3331 4112 3351 4144 ,
3381 4071 3471 4131 al-

1494 4178 1621 4232 tare
1647 4175 1844 4249 majus
1869 4173 1932 4230 in
1960 4172 2168 4245 majori
2193 4169 2441 4230 ecclesia
2465 4171 2705 4230 Barensi
2733 4174 3035 4229 consecrat
3057 4173 3120 4228 et
3144 4167 3311 4227 dotat
3336 4183 3471 4244 pos-

1494 4267 1850 4328 sessionibus
1874 4266 1985 4326 sub
2010 4266 2345 4326 conditione
2373 4267 2711 4326 missarum.
3348 4272 3462 4324 421

676 4371 711 4422 3
747 4362 892 4423 febr.
1012 4366 1325 4426 Avinione.
1416 4362 1710 4425 Galatiae
1743 4361 1815 4422 de
1849 4362 2116 4424 Gtwoano
2140 4365 2367 4424 litteras
2398 4362 2681 4422 Friderici
2716 4362 3085 4437 imperatoris
3128 4359 3207 4421 ad
3242 4359 3470 4422 nobiles

1493 4464 1658 4540 regni
1701 4461 2081 4540 Burgundiae
2126 4460 2377 4520 directas
2428 4462 2701 4537 episcopo
2745 4460 3132 4520 Avinionensi
3174 4458 3356 4519 tradit
3402 4464 3473 4519 ut

1493 4573 1594 4617 eas
1640 4563 1811 4617 notas
1858 4557 2037 4617 faciat
2076 4558 2366 4632 episcopis
2413 4556 2957 4633 carpentoratensi,
2999 4555 3429 4616 Cavaillonensi
3446 4595 3467 4629 ‚

1495 4654 1738 4731 Aptensi
1754 4697 1774 4732 ,
1801 4653 2143 4715 Vaisonensi
2157 4696 2179 4728 ‚
2209 4654 2418 4714 Trium
2446 4653 2827 4715 castellorum
2871 4659 2933 4714 et
2973 4653 3106 4714 aliis
3145 4651 3464 4713 nobilibus.

3079 4758 3221 4829 ⁴04,
3247 4755 3371 4811 not.
3411 4757 3436 4808 ι
3449 4789 3469 4810 .
