4500 5956
1000 553 1124 615 582
2044 548 2389 612 flamme!
2437 552 2772 617 SEPTun
3442 561 3602 647 [Anu.
3641 565 3820 630 1232.

1003 704 1244 757 norem
1271 688 1577 753 nostrum
1608 688 1678 752 et
1711 678 1930 775 ipsius
1955 679 2262 776 episcopi
2290 681 2383 755 de
2409 692 2592 757 statu
2625 686 2923 761 civitatis
2956 688 3282 764 ordinent
3312 700 3384 765 et
3420 691 3816 789 disponant.

1000 808 1089 883 Et
1121 807 1445 881 volumus
1485 813 1564 877 ut
1601 825 1730 878 vos
1764 804 2016 878 talibus
2048 807 2451 881 eorumdem
2479 808 3029 887 ordinationibus
3053 812 3206 888 sine
3230 833 3348 888 re„
3391 867 3410 887 .
3474 869 3496 888 .
3551 870 3572 889 .
3633 869 3654 891 .
3714 860 3734 890 .
3797 871 3817 891 .

1002 928 1271 1001 catione
1302 927 1717 1000 unanimiter
1742 925 2107 1000 obediatis.

1100 1053 1351 1125 Datum
1386 1048 1574 1146 apud
1603 1050 2076 1126 Frankenfurd
2096 1103 2118 1142 ,
2170 1050 2229 1123 11
2255 1073 2475 1126 nonas
2497 1056 2812 1149 augusti,
2850 1054 3227 1133 indictione
3248 1059 3518 1153 quinta.

600 1610 897 1716 ”m
838 1608 957 1665 ’Μ
1113 1607 1483 1692 Henricus
1498 1672 1523 1718 ,
1581 1609 2103 1695 Romanorum
2144 1634 2280 1694 rex
2293 1671 2317 1717 ,
2365 1633 2507 1757 pro
2551 1610 2790 1720 gratis
2850 1620 2928 1694 et
2985 1613 3393 1721 praeclaris
3443 1613 3828 1726 obsequiis

646 1717 748 1761 ²⁸⁸
719 1718 912 1771 ’Μ
1016 1742 1346 1825 Conradi
1400 1739 1701 1826 abbatis
1745 1740 2003 1825 Sancti
2048 1741 2293 1850 Galli,
2342 1741 2636 1825 curiam
2681 1766 2903 1825 suam
2945 1745 3153 1854 apud
3198 1744 3587 1830 Griessern
3648 1773 3828 1832 cum

1007 1872 1364 1957 omnibus
1400 1873 1853 1984 appenditiis
1887 1872 2131 1956 eidem
2165 1871 2485 1956 confert.

1172 2082 1383 2163 (Edid.
1419 2082 1743 2161 Nauem-r,
1775 2080 1918 2147 Cod.
1942 2079 2253 2146 Alcmana.
2278 2079 2606 2163 diplomat„
2636 2087 2684 2144 t.
2714 2081 2800 2159 11,
2826 2101 2888 2162 p.
2924 2085 3091 2166 166.)

1107 2267 1231 2354 Η.,
1262 2266 1389 2340 Dei
1422 2268 1643 2361 gratia
1671 2267 2134 2340 Romanorum
2168 2288 2298 2341 rex
2341 2277 2412 2342 et
2445 2288 2716 2365 semper
2751 2278 3123 2364 augustus,
3174 2270 3515 2344 universis
3559 2272 3829 2369 imperii

1022 2389 1346 2464 fidelibus
1382 2391 1640 2487 quibus
1668 2390 1801 2465 hee
1829 2391 2052 2465 littere
2085 2400 2356 2466 ostense
2387 2391 2641 2465 fuerint
2667 2392 2955 2486 gratiam
2982 2414 3181 2467 suam
3210 2402 3292 2477 et,
3305 2415 3512 2485 omne
3535 2395 3821 2468 bonum.

1012 2514 1605 2608 Recognoscentes
1655 2522 1849 2611 grata
1899 2524 1969 2588 et
2018 2515 2330 2612 preclara
2382 2515 2716 2610 obsequia
2753 2536 2892 2610 que
2934 2513 3224 2589 dilectus
3249 2516 3571 2613 princeps
3605 2525 3833 2591 noster

1014 2638 1089 2710 C.
1130 2639 1549 2715 venerabilis
1586 2639 1802 2715 abbas
1841 2639 2071 2713 Sancti
2110 2638 2285 2713 Galli
2326 2638 2583 2735 pluries
2622 2638 2824 2713 nobis
2847 2637 3165 2713 exhibuit
3194 2647 3266 2712 et
3294 2637 3579 2714 exhibet
3606 2639 3830 2715 ineos

1017 2772 1280 2855 santer,
1324 2762 1415 2839 de
1436 2763 1869 2860 plenitudine
1896 2762 2162 2836 consilii
2186 2762 2403 2837 nostri
2431 2762 2845 2836 contulimus
2880 2762 2949 2837 ei
2988 2762 3251 2837 curiam
3290 2771 3591 2837 nostram
3638 2762 3834 2861 apud

1014 2884 1449 2960 Criesserrun
1475 2887 1573 2984 (l)
1601 2908 1761 2960 cum
1789 2888 2113 2962 omnibus
2151 2884 2570 2985 appenditiis
2593 2887 2771 2981 suis,
2809 2885 3138 2962 videlicet
3169 2886 3565 2961 hominibus
3579 2940 3601 2981 ,
3643 2888 3832 2981 agris

1014 3008 1216 3081 cultis
1249 3018 1320 3082 et
1342 3009 1652 3105 incultiS,
1696 3012 1941 3106 pratiS,
1994 3012 2306 3108 pascuis,
2352 3011 2553 3107 aquis
2592 3033 3073 3108 aquarumque
3113 3011 3555 3105 decursibus,
3615 3012 3834 3087 libere

1010 3132 1384 3205 tenendam
1433 3142 1504 3206 et
1555 3145 1887 3230 perpetuo
1941 3133 2455 3232 possidendam.
2504 3133 2914 3209 Mandantes
2966 3143 3038 3208 et
3095 3135 3228 3209 sub
3284 3135 3833 3212 interminatione

1021 3255 1240 3347 gratie
1273 3266 1504 3331 nostre
1549 3254 1937 3331 firmissime
1975 3257 2435 3354 precipientes
2475 3266 2556 3330 ut
2592 3259 2826 3330 nullus
2866 3258 2958 3332 sit
2989 3258 3112 3353 qui
3144 3257 3409 3332 dictum
3443 3258 3829 3355 principem

1014 3388 1325 3454 nostrum
1356 3380 1425 3450 in
1456 3379 1794 3475 prelibata
1825 3381 2017 3455 curia
2051 3381 2392 3476 impedire
2430 3379 2689 3455 audeat
2720 3389 2845 3455 aut
2877 3381 3260 3478 dampnum
3293 3381 3361 3456 ei
3407 3383 3520 3455 vel
3569 3403 3830 3477 grava-

1011 3523 1173 3574 men
1216 3502 1502 3598 aliquod
1540 3503 1867 3597 irrogare.
1901 3504 2017 3578 Ad
2051 3505 2252 3597 cujus
2293 3505 2499 3580 etiam
2543 3505 2781 3601 scripti
2817 3505 3031 3579 nostri
3069 3504 3301 3579 ‚robur
3346 3505 3422 3577 in
3472 3514 3827 3601 posterum

1014 3629 1426 3723 valiturum,
1489 3639 1877 3725 presentem
1941 3629 2006 3702 ei
2060 3629 2354 3704 litteram
2415 3629 2754 3703 conscribi
2799 3639 2871 3705 et
2920 3629 3148 3724 sigillo
3203 3637 3437 3703 nostro
3489 3630 3830 3722 iussimus

1008 3772 1351 3845 ruslgnm.

1103 3875 1356 3948 Datum
1387 3877 1577 3974 apud
1596 3875 1949 3971 Thungen
1995 3876 2068 3949 in
2107 3876 2346 3950 castris
2389 3873 2493 3974 (2)
2511 3926 2535 3969 ,
2587 3874 2712 3950 XV
2763 3874 3096 3952 kalendas
3119 3873 3563 3972 septembris,
3605 3873 3829 3948 indic-

1011 3999 1197 4070 tione
1224 4000 1331 4070 V·.

1086 4277 1161 4352 (4)
1198 4279 1478 4338 Griessem
1511 4279 1769 4353 parochia
1806 4281 1877 4338 ad
1921 4279 2395 4338 sinistramltbeni
2428 4277 3398 4353 ripam,supralacumnodamicnm
3430 4275 3830 4335 invallelthe-

1017 4389 1175 4431 nana.
1205 4375 1501 4447 Numenii
1525 4381 1673 4432 nota.
1697 4404 1772 4418 —
1794 4374 1973 4432 Curtis
2008 4374 2305 4445 Cressaris,
2338 4373 2642 4443 Grioesom,
2680 4374 2749 4432 ad
2777 4373 2949 4432 Rheni
2971 4374 3119 4434 littus
3147 4391 3180 4433 e
3205 4375 3425 4449 regione
3449 4372 3632 4447 oppidi
3667 4372 3830 4431 Feld·

1016 4469 1169 4529 kirch
1203 4471 1337 4542 sita,
1363 4471 1547 4545 plures
1570 4471 2022 4544 complectebatur
2044 4471 2480 4543 communitates,
2518 4470 2766 4530 videlicet
2796 4471 3122 4546 Montlingen
3138 4514 3153 4545 ,
3185 4470 3447 4530 Oberried
3461 4512 3477 4543 ,
3507 4469 3827 4529 Kobelwald

1010 4575 1067 4625 et
1091 4573 1328 4627 montem
1356 4569 1554 4626 Kamor
1570 4573 1628 4625 et
1660 4568 1775 4626 loca
1799 4575 1948 4625 trans
1973 4565 2236 4624 Rhenum.
2261 4568 2465 4623 Pertzii
2488 4572 2640 4624 nota.

1084 4666 1158 4739 (Ξ)
1194 4664 1403 4722 Scilicet
1427 4664 1702 4738 Titienym
1726 4664 1781 4721 in
1807 4664 2080 4740 provincia
2098 4663 2240 4721 dicta
2268 4662 2751 4739 Schwanenboeg,
2772 4664 2928 4740 juxta
2950 4661 3241 4726 Waldshut
3260 4664 3332 4723 ad
3355 4663 3631 4723 dexteram
3654 4661 3828 4720 Rheni
