4500 5956
695 600 886 661 labier.
925 595 1009 679 8.]
1588 595 1980 657 HISTORIA
2032 596 2623 661 DIPLOMATICA.
3402 592 3520 653 753

781 787 797 804 .
858 786 878 805 .
937 751 1170 805 eomes
1188 731 1546 818 Senensis,
1606 781 1626 802 .
1688 782 1708 801 .
1768 783 1788 802 .
1844 751 2075 805 comes
2101 732 2452 822 BarensiS,
2514 785 2533 803 .
2596 783 2615 801 .
2678 781 2698 802 .
2751 750 2981 803 comes
3007 728 3388 818 Clevensis,
3446 736 3516 799 et

693 856 802 927 alii
836 855 1310 949 quamplures.

785 981 1081 1072 Signum
1108 976 1373 1051 domini
1400 975 1728 1048 Friderici
1758 977 2087 1063 secundi,
2139 977 2266 1050 Dei
2312 978 2532 1074 gratia
2573 977 3007 1051 invictissimi
3047 978 3510 1049 Romanorum

695 1101 1119 1198 imperatoris
1156 1122 1430 1195 semper
1464 1099 1781 1193 augusti,
1834 1101 2209 1173 Jerusalem
2244 1111 2316 1174 et
2348 1101 2579 1174 Sicilie
2611 1102 2822 1194 regis.
2859 1099 3442 1197 (meqramma.)

786 1224 936 1318 Ego
967 1222 1266 1296 Sifridus
1287 1223 1809 1318 Ratisponensis
1839 1225 2205 1319 episcopus
2240 1225 2621 1321 imperialis
2654 1226 2812 1298 aule
2845 1223 3320 1312 cancellariae,
3359 1223 3516 1295 vice

699 1348 956 1421 domini
983 1349 1056 1419 S.
1095 1347 1484 1441 Maguntini
1517 1346 2018 1442 archiepiscopi
2044 1345 2408 1423 Germanie
2431 1348 3034 1439 archicancellarii,
3065 1345 3464 1441 recognovi.

788 1471 959 1543 Acta
995 1479 1160 1543 sunt
1192 1470 1324 1542 hec
1351 1489 1537 1542 anno
1562 1468 1907 1542 dominice
1940 1469 2426 1543 incarnationis
2451 1471 2906 1561 MCCXXXV,
2946 1491 3180 1542 mense
3208 1468 3515 1563 augusti,

700 1606 936 1668 octave
967 1593 1398 1682 indictionis,
1427 1594 1809 1689 imperante
1838 1593 2121 1667 domino
2150 1595 2513 1669 Frederico
2541 1596 2598 1666 11
2625 1596 3086 1667 Romanorum
3114 1594 3523 1689 imperatore

702 1740 967 1815 semper
987 1728 1313 1811 augusto,
1337 1719 1715 1791 Jerusalem
1734 1728 1804 1790 et
1823 1718 2053 1790 Sicilie
2077 1739 2265 1811 rege,
2301 1718 2570 1815 imperii
2600 1720 2753 1811 ejus
2776 1740 2960 1791 anno
2977 1717 3516 1812 quintodecimO,

699 1842 892 1934 regni
924 1842 1306 1915 Jerusalem
1335 1840 1643 1932 decimo,
1692 1842 1888 1936 regni
1944 1862 2114 1913 vero
2166 1841 2401 1914 Sicilie
2441 1842 2790 1915 tricoeimo
2820 1842 3153 1937 septimo,
3208 1839 3517 1913 feliciter.

698 1966 940 2039 Amen.

792 2090 1044 2162 Datum
1078 2087 1270 2186 apud
1298 2088 1726 2182 Maguntiam
1744 2140 1766 2178 ,
1809 2108 2029 2177 anno,
2071 2110 2309 2161 mense
2333 2098 2403 2161 et
2438 2088 2812 2162 indictione
2837 2087 3260 2186 prescriptis.

2269 2392 2372 2399 ---
2389 2392 2428 2399 ff·
2437 2389 3076 2400 —u———n-oo*

700 2657 775 2761 1⁵
801 2657 1232 2741 Fridericus
1252 2718 1277 2760 ,
1357 2655 1879 2740 Romanorum
1959 2657 2374 2766 imperator
2388 2718 2412 2763 ,
2482 2657 2822 2740 notificat
2910 2655 3362 2739 sententiam
3447 2658 3528 2739 in
3621 2680 3906 2791 {ufta-435.

705 2790 912 2873 curia
956 2816 1097 2873 sua
1143 2789 1479 2900 generali
1523 2789 1801 2896 latam,
1853 2815 2009 2899 qua
2046 2788 2364 2899 jubetur
2409 2803 2496 2871 ut
2542 2789 2959 2872 Clementia
3009 2788 3170 2871 filia
3229 2790 3530 2873 comitis

705 2924 1061 3034 Stephani
1108 2924 1204 3007 de
1247 2922 1698 3034 Burgundia
1734 2948 1781 3004 a
1822 2921 2099 3006 comite
2144 2922 2505 3032 Egenone
2549 2923 2645 3006 de
2688 2922 2932 3006 Urach
2982 2922 3330 3033 nequiter
3373 2923 3527 3007 de-

701 3066 904 3140 tenta
982 3057 1387 3164 liberetur,
1458 3057 1680 3166 eique
1772 3065 2108 3139 castrum
2173 3055 2568 3166 Burgdorf
2624 3082 2801 3139 cum
2869 3056 3227 3140 omnibus
3306 3056 3529 3141 bonis

705 3190 944 3273 eidem
980 3190 1059 3270 in
1097 3190 1355 3272 dotem
1389 3190 1768 3273 concessis
1803 3189 2272 3272 restituatur.

860 3402 1131 3483 (Edider.
1162 3404 1491 3477 Cnmm,
1516 3405 1715 3466 [κείνα
1736 3403 2009 3467 touchant
2035 3406 2301 3480 Beati-ix,
2328 3422 2562 3482 preuv..
2594 3423 2656 3483 p.
2686 3414 2788 3469 97.
2809 3440 2890 3452 -
2908 3409 3278 3488 Scuorrmv,
3306 3408 3528 3470 Hister.

938 3510 1187 3592 Zur-inq.
1215 3509 1391 3584 Bad„
1410 3518 1557 3572 tom.
1588 3512 1695 3586 lv,
1725 3530 1785 3590 p.
1815 3509 2414 3574 198.—Solotlmrn.
2450 3509 2865 3592 Woeloenblau,
2891 3531 3032 3576 ann.
3064 3523 3241 3589 1829,
3271 3533 3333 3592 p.
3365 3520 3529 3591 eso.)

796 3698 1223 3790 FridericuS,
1278 3701 1401 3771 Dei
1438 3700 1659 3793 gratia
1692 3700 2151 3772 Romanorum
2203 3701 2571 3796 imperator
2618 3723 2887 3797 semper
2917 3712 3287 3795 augustuS,
3330 3702 3528 3774 Jeru-

703 3821 911 3892 salem
948 3829 1017 3892 et
1055 3821 1285 3893 Sicilie
1320 3843 1472 3895 τοι.
1511 3823 1642 3894 Per
1672 3844 1956 3918 presens
1989 3824 2318 3917 scriptum
2351 3834 2590 3897 notum
2627 3823 2773 3896 fieri
2829 3824 3153 3896 volumus
3186 3823 3529 3896 universis

701 3944 968 4037 imperii
1008 3941 1329 4016 fidelibus
1357 3954 1495 4017 tam
1552 3946 1989 4040 presentibus
2033 3969 2245 4040 quam
2283 3948 2532 4018 futuris
2577 3946 2769 4041 quod
2823 3946 3285 4018 assidentibus
3329 3947 3528 4019 nobis

703 4062 967 4136 dilectis
994 4065 1430 4160 principibus
1450 4068 1701 4141 nostris
1725 4069 1794 4140 in
1817 4068 2009 4140 curia
2030 4069 2387 4163 Maguntie
2409 4070 2738 4163 generali,
2765 4066 2855 4141 de
2881 4069 3184 4162 ipsorum
3209 4069 3520 4156 consilio,

699 4188 787 4260 ad
818 4190 1380 4284 conquestionem
1414 4193 1683 4263 comitis
1718 4192 2050 4288 Stephani
2080 4191 2171 4265 de
2201 4192 2607 4286 Burgundia
2638 4190 2865 4265 fidelis
2887 4192 3103 4264 nostri
3127 4215 3337 4286 quam
3364 4216 3522 4289 pro·

701 4313 929 4407 posuit
963 4334 1193 4385 coram
1222 4315 1445 4404 nobis,
1485 4337 1613 4411 pro
1638 4326 1829 4412 parte
1874 4316 2014 4389 filie
2048 4340 2173 4390 sue
2209 4318 2581 4392 Clementie
2609 4339 2820 4412 quam
2849 4317 3140 4391 asseruit
3173 4319 3518 4414 captivam

699 4437 1034 4509 violenter
1069 4447 1139 4509 et
1174 4440 1490 4533 nequiter
1525 4440 1814 4514 detineri
1849 4463 1887 4513 a
1921 4442 2170 4514 comite
2201 4442 2281 4512 E.
2329 4441 2418 4515 de
2452 4441 2758 4533 Hurach,
2799 4454 2870 4515 et
2893 4443 2985 4515 ab
3022 4442 3268 4515 eodem
3297 4454 3519 4517 castro

701 4557 1040 4631 Burcdorf
1068 4581 1151 4631 ac
1181 4561 1338 4633 aliis
1368 4562 1570 4635 bonis
1597 4585 1735 4656 que
1769 4563 1950 4637 bone
1983 4564 2311 4638 memorie
2354 4566 2435 4636 Β.
2479 4564 2632 4638 dux
2671 4565 2990 4660 Zaringie
3024 4566 3097 4637 in
3129 4565 3517 4639 dotalitium

703 4683 987 4755 contulit
1021 4681 1123 4771 ei,
1169 4694 1405 4759 contra
1430 4686 1766 4779 justitiam
1797 4687 2116 4783 exposuit
2142 4687 2543 4785 spoliatam,
2586 4688 2721 4765 lata
2761 4700 2865 4764 est
2911 4690 3248 4764 sententia
3288 4711 3517 4764 coram

854 4806 964 4869 IV.
1008 4817 1124 4868 rm
1149 4825 1193 4867 a.
3125 4820 3199 4873 95
