4500 5956
1109 596 1233 657 654
2143 593 2498 655 numum
2542 593 2874 655 SEPTnu
3553 598 3715 675 [Ami.
3751 599 3920 662 1234*

1273 729 1616 809 (Memorat.
1646 747 1744 805 ap.
1774 730 2088 804 Bonum,
2107 729 2335 811 Reque.
2358 728 2589 809 ὕφει,
2618 746 2682 806 p.
2714 738 2854 805 248,
2875 739 2942 790 n⁰
2972 736 3111 803 829,
3134 746 3212 790 ex
3233 732 3403 807 copia
3428 747 3615 809 qnam
3638 734 3751 810 ipsi
3780 732 3924 795 Vol-

1351 852 1525 916 gerus
1549 838 2034 909 communicavit,
2061 853 2241 917 super
2269 837 2539 915 originali
2564 837 2725 914 apud
2753 835 3082 899 Goslarim
3107 835 3470 917 desumpta.)

1207 1027 1455 1097 Datum
1484 1025 1868 1119 Wimpine,
1905 1026 1965 1098 V
1999 1024 2158 1097 idus
2193 1024 2397 1113 maii,
2434 1023 2815 1098 indictione
2845 1025 3157 1120 septima.

1605 1332 1961 1342 ο--ἣ-ού-ῘᾸ
1972 1333 2062 1339 *0*—
2075 1332 2398 1340 —fflmQ—

746 1612 1019 1710 Qffl·
1218 1598 1584 1687 Henrieus
1598 1667 1621 1711 ,
1682 1604 2200 1687 Romanorum
2245 1627 2418 1710 rex,
2459 1603 2555 1685 de
2588 1601 3055 1711 plenitudine
3096 1603 3391 1687 consilii
3437 1606 3556 1688 sui
3597 1626 3929 1729 praepo-

1131 1737 1275 1820 sito
1309 1749 1385 1818 et
1419 1736 1820 1820 conventui
1855 1737 1951 1819 de
2000 1734 2384 1847 Adelberg
2417 1759 2776 1819 mansum
2815 1761 3059 1818 unum
3095 1738 3300 1845 apud
3334 1737 3794 1845 Heilbronn,
3834 1720 3929 1820 de

1121 1895 1275 1978 quo
1311 1869 1705 1952 annuatim
1741 1894 2082 1951 marcam
2118 1893 2356 1950 unam
2394 1867 2538 1951 sibi
2573 1868 2888 1951 reddere
2924 1867 3299 1976 solebant,
3340 1870 3655 1953 confert.

1275 2083 1515 2165 (Inedit.
1555 2102 1633 2145 ex
1658 2085 1928 2163 originali
1964 2088 2027 2145 in
2052 2086 2294 2147 archivo
2322 2084 2762 2162 stuttgartensi,
2791 2086 2964 2161 cnjus
2997 2083 3169 2146 nobis
3193 2084 3512 2146 liberaliter
3535 2087 3632 2145 vir
3657 2087 3926 2164 egregius

1350 2192 1602 2252 Kausler
1642 2193 1873 2269 copiam
1912 2190 2073 2252 feeit.
2121 2191 2395 2269 Sigillum
2437 2206 2605 2251 cerae
2649 2189 2854 2252 fuscae
2894 2193 3243 2267 impressum
3260 2234 3281 2270 ,
3327 2189 3445 2251 illis
3488 2193 3689 2252 sericis
3734 2191 3929 2252 rubris

1350 2298 1639 2374 flavusque
1664 2301 1725 2356 et
1750 2296 2039 2358 viridibus
2060 2297 2458 2375 appendet—
2472 2296 2778 2359 Memorat.
2813 2313 2913 2375 ap.
2943 2298 3010 2359 C.
3039 2298 3256 2374 hen,
3280 2296 3600 2359 Gescldcltte
3625 2295 3730 2358 der
3751 2296 3929 2360 Stude

1349 2400 1705 2477 Heilbrovm,
1736 2409 1783 2464 t.
1811 2401 1864 2463 I.
1868 2401 1893 2482 )

1204 2591 1288 2662 H.
1314 2591 1497 2683 ,Dei
1529 2590 1751 2684 gratia
1779 2591 2242 2662 Romanorum
2286 2610 2415 2662 rex
2447 2599 2514 2662 et
2544 2611 2816 2686 semper
2860 2599 3231 2684 augustus,
3271 2591 3616 2663 universis
3659 2591 3929 2687 imperii

1110 2715 1435 2789 fidelibus
1468 2710 1725 2809 quibus
1754 2715 1887 2787 hee
1916 2710 2135 2786 littere
2159 2723 2430 2786 ostense
2459 2713 2713 2786 fuerint
2744 2708 3035 2808 gratiam
3067 2738 3264 2788 snam
3301 2724 3370 2786 et
3399 2736 3605 2788 omne
3632 2716 3922 2787 bonum.

1109 2840 1452 2913 Noveritis
1482 2861 1609 2912 nos
1640 2836 1907 2911 dilectis
1954 2838 2205 2909 nostris
2235 2837 2582 2951 preposito
2638 2846 2709 2909 et
2751 2838 3122 2910 conventui
3169 2838 3240 2909 in
3285 2837 3629 2911 Adelberc
3661 2838 3750 2911 de
3780 2838 3929 2931 ple-

1113 2963 1429 3036 nitudine
1461 2963 1724 3036 consilii
1752 2961 1996 3053 nostri,
2036 2961 2276 3035 divine
2308 2948 2886 3035 remunerationis
2909 2940 3197 3054 ἰηῑυίιιί,
3233 2958 3553 3034 mansum
3593 2981 3814 3034 unum
3855 2962 3926 3076 in

1111 3088 1721 3182 Hoeilicbrunnen‚
1767 3087 1860 3160 de
1908 3107 2048 3179 quo
2086 3085 2289 3158 nobis
2346 3086 2702 3157 annuatim
2744 3108 3043 3158 marcam
3090 3107 3305 3157 unam
3345 3086 3626 3158 nomine
3681 3104 3929 3158 census

1109 3212 1308 3283 nobis
1347 3211 1662 3283 solebant
1701 3210 2027 3299 reddere‚
2076 3210 2470 3283 contulisse.
2515 3212 2616 3283 Ne
2655 3219 2886 3283 antem
2930 3209 3002 3281 in
3048 3201 3397 3304 posterum
3429 3203 3626 3282 'dicto
3666 3187 3929 3306 prepo-

1115 3335 1247 3406 sito
1292 3342 1361 3406 et
1402 3355 1530 3406 suo
1586 3334 1957 3406 conventui
2024 3334 2095 3404 in
2147 3332 2509 3407 collatione
2559 3343 2792 3407 nostra
2842 3342 3218 3436 memorata
3261 3334 3493 3429 aliqua
3544 3334 3766 3429 possit
3813 3356 3927 3407 ca-

1112 3457 1426 3553 lumpnia
1469 3456 1797 3546 suboriri,
1843 3479 2126 3553 presens
2165 3458 2498 3553 scriptum
2546 3459 2682 3530 sub
2723 3458 2934 3552 sigilli
2986 3459 3200 3532 nostri
3260 3458 3643 3531 munimine
3693 3457 3927 3531 indul-

1107 3583 1325 3655 simus
1354 3580 1642 3654 eisdem.
2983 3655 2988 3658 .
3831 3639 3836 3644 .

1209 3708 1430 3798 Hujus
1486 3705 1652 3777 facti
1712 3704 1923 3777 nostri
1987 3714 2193 3778 testes
2248 3715 2412 3777 sunt
2447 3732 2467 3778 ε
2504 3709 2577 3779 S.
2631 3707 3081 3799 Maguniinus
3121 3703 3779 3802 [archi]episcopus‚
3835 3707 3923 3782 H.

1104 3830 1357 3902 nobilis
1391 3828 1480 3901 de
1509 3828 1708 3900 Nifen
1741 3837 1811 3899 et
1841 3826 1964 3899 filii
1996 3828 2215 3923 ipsius
2255 3830 2341 3899 H.
2380 3837 2454 3900 et
2479 3828 2558 3900 G.
2583 3882 2602 3917 ‚
2639 3829 2725 3899 E.
2764 3828 3033 3923 dapifer
3062 3828 3153 3901 de
3183 3829 3514 3924 Walpnrc
3551 3838 3628 3901 et
3656 3828 3730 3900 C.
3770 3828 3927 3923 pin-

1115 3975 1319 4026 cerna
1353 3953 1440 4025 de
1477 3950 2032 4043 Wintderstetin,
2069 3952 2156 4022 H.
2196 3952 2616 4024 camerarius
2657 3959 2726 4023 et
2763 3951 2839 4022 F.
2889 3951 3098 4023 frater
3135 3953 3285 4046 ejus
3328 3951 3416 4024 de
3446 3950 3921 4047 Ravenspurc,

1111 4077 1184 4146 C.
1224 4086 1292 4148 et
1324 4076 1405 4148 A.
1455 4077 1545 4150 de
1586 4077 1878 4168 Stoifen,
1915 4073 2028 4148 W.
2076 4075 2166 4148 de
2203 4071 2573 4173 Wimphen
2613 4085 2683 4148 et
2715 4076 2827 4148 W.
2868 4075 2961 4148 de
3005 4076 3585 4150 Hoeilicbrunnen
3638 4076 3928 4152 ministri

1118 4199 1322 4289 regis,
1360 4199 1444 4270 H.
1486 4197 1667 4271 filius
1696 4200 1888 4272 Berle
1923 4199 2013 4272 de
2041 4199 2235 4272 Halle
2265 4211 2336 4271 et
2365 4200 2677 4272 minister
2708 4198 2996 4292 ibidem,
3036 4209 3107 4273 et
3136 4201 3253 4272 alii
3283 4202 3756 4297 quamplnroe.
3833 4261 3838 4265 .

1207 4320 1378 4390 Acta
1408 4328 1571 4391 sunt
1604 4321 1735 4394 hec
1774 4344 1957 4395 anno
1990 4323 2263 4395 Domini
2295 4324 2386 4394 M·
2408 4322 2531 4394 CC‘
2548 4324 2955 4416 xxx⁶1111⁶,
2993 4323 3370 4398 indictione
3401 4326 3546 4398 VII.

1204 4443 1451 4513 Datum
1480 4442 1855 4538 Wimpine,
1891 4446 2011 4555 Vil
2043 4445 2374 4518 kalendas
2397 4446 2606 4537 junii.
