4500 5956
1074 602 1198 666 958
2045 603 2548 668 nocuussNTA
2601 606 2908 669 SPURIA.

1083 746 1291 832 atque
1315 735 1728 808 mandamns
1748 744 1826 808 nt
1847 736 1969 809 tibi
1992 734 2179 811 dicto
2197 750 2429 813 nostro
2451 741 2646 814 militi
2674 741 3058 835 Guglielmo
3074 742 3398 837 habeant,
3417 752 3719 834 teneant,
3738 743 3896 817 obe-

1081 860 1279 934 diant
1308 866 1375 930 et
1407 858 1743 930 honorent
1775 867 2009 954 utpote
2046 870 2349 934 nostram
2388 864 2747 959 ipsamque
2777 886 3173 960 personam,
3211 876 3539 961 tanquam
3584 876 3893 941 nostrum

1079 983 1581 1076 vicegerentem
1610 991 1681 1055 et
1708 982 2044 1055 vicarium
2063 1038 2084 1076 ‚
2117 994 2185 1058 et
2214 986 2350 1057 hoc
2376 986 2509 1058 sub
2534 1009 2716 1081 pena
2744 997 3014 1061 nostrae
3046 985 3540 1083 indignationis
3572 999 3641 1062 et
3686 992 3892 1085 puni-

1080 1108 1284 1181 tionis
1321 1107 1453 1203 ipsi
1487 1108 1867 1201 Guglielmo
1895 1119 2128 1181 nostro
2177 1110 2441 1183 vicario
2477 1111 2833 1184 benevisa.
2880 1113 2954 1184 In
2999 1115 3201 1205 cujus
3235 1114 3664 1187 certitudinis
3693 1115 3889 1187 veri-

1078 1239 1288 1303 tatem
1339 1241 1720 1325 presentem
1756 1233 2199 1327 diplomatem
2247 1231 2396 1306 fieri
2440 1233 2775 1325 jussimus
2824 1244 3059 1308 nostro
3100 1238 3431 1331 imperiali
3477 1238 3705 1332 sigillo
3757 1238 3885 1309 im·

1073 1354 1401 1452 pendenti
1436 1355 1803 1429 munitum.

1172 1482 1419 1552 Datum
1466 1480 1536 1551 in
1602 1488 1832 1553 nostra
1894 1480 2171 1553 civitate
2230 1481 2553 1576 Neapolis
2575 1534 2596 1573 ,
2670 1480 2785 1555 die
2847 1484 3183 1576 vigesimo
3253 1493 3498 1577 quarto
3562 1484 3880 1577 augusti,

1080 1605 1267 1680 ⁴232
1300 1602 1431 1701 (l).

1172 1728 1271 1798 De
1302 1724 1623 1797 mandato
1652 1725 2122 1817 augustissimi
2146 1726 2328 1820 regis
2364 1727 2685 1801 Friderici
2722 1727 2901 1801 vidit
2935 1729 3024 1802 de
3054 1728 3314 1802 Caraffa
3341 1729 3675 1802 Riualdus
3700 1731 3883 1801 Bona

1072 1849 1694 1923 vicecancellarius.

2705 2178 3390 2191 ————-—-

718 2515 786 2559 v
780 2462 940 2559 23:2²„
1180 2437 1605 2523 Fridericus
1620 2497 1645 2544 ,
1710 2436 2231 2521 Romanorum
2288 2437 2726 2545 imperator,
2799 2437 3155 2547 Ugutioni
3229 2448 3307 2521 et
3378 2437 3726 2523 Zuffredo
3796 2438 3891 2521 de

681 2529 1415 2655 ⁴·1²¹¹¹¹⁸¹²³⁶·Trissin0
1466 2569 1819 2654 fidelibus
1875 2569 2034 2653 suis
2086 2571 2504 2683 privilegia
2535 2599 2584 2656 a
2642 2571 3350 2683 praedecessoribus
3405 2574 3565 2655 suis
3624 2597 3891 2656 eorum

1073 2703 1495 2813 majoribus
1546 2703 1846 2786 indulta
1895 2702 2299 2786 confirmat
2319 2729 2771 2814 ,novasque
2816 2704 3337 2787 concessiones
3373 2703 3658 2813 adjicit,
3700 2703 3894 2786 inter

1077 2862 1272 2947 quas
1300 2835 1430 2944 jus
1466 2836 1791 2918 ornandi
1837 2844 2137 2919 scutum
2192 2862 2586 2919 armorum
2630 2836 3046 2944 imperialis
3076 2837 3377 2945 aquilae
3410 2836 3682 2946 effigie.

1232 3059 1497 3135 (Edider.
1526 3059 1839 3135 Uenmr,
1870 3055 2001 3120 Ital.
2027 3074 2202 3138 sacr„
2230 3065 2281 3121 t.
2316 3059 2394 3132 V,
2434 3076 2497 3136 p.
2532 3068 2709 3134 ¹051,
2738 3075 2817 3121 ex
2852 3059 3022 3121 Pauli
3049 3060 3216 3121 Benll
3240 3060 3506 3121 Trisslna
3530 3060 3893 3121 historia.—

1312 3165 1549 3237 Lunm,
1582 3161 1723 3225 Cod.
1754 3160 1894 3224 Ital.
1923 3161 2252 3244 diplomat,
2280 3170 2329 3226 t.
2363 3165 2459 3244 11,
2484 3182 2548 3242 p.
2580 3174 2718 3226 655.
2745 3165 2876 3226 Hoc
2913 3166 3290 3245 privilegium
3316 3167 3434 3226 nisi
3467 3167 3707 3226 omnino
3745 3181 3890 3243 spu-

1145 3453 1219 3527 (4)
1257 3451 1415 3508 Aliud
1446 3466 1659 3524 quoque
1686 3450 2002 3523 gentilitium
2032 3450 2367 3524 privilegium
2401 3451 2619 3508 omnino
2648 3451 2842 3510 falsum
2881 3457 2938 3511 et
2974 3452 3218 3525 spurium
3256 3453 3528 3511 invenisse
3554 3454 3894 3512 meminimus

1073 3567 1165 3624 ap.
1194 3549 1557 3618 Scaimmo,
1598 3545 1800 3603 Amal.
1841 3546 2020 3604 eccles.
2049 3545 2187 3604 della
2212 3547 2473 3619 Liquria,
2511 3548 2661 3606 MSS.
2688 3548 2745 3604 in
2772 3547 2905 3606 bibl.
2934 3549 3074 3606 Berii
3100 3548 3245 3622 apud
3272 3550 3527 3622 lanuam,
3568 3566 3602 3608 a
3629 3550 3895 3609 Friderioo

1074 3653 1258 3706 nostro
1286 3662 1412 3719 rege
1436 3645 1795 3702 Romanorum
1833 3649 1888 3701 et
1912 3643 2119 3702 Siciliae
2141 3660 2284 3702 anno
2313 3646 2474 3716 ⁴2⁴4,
2504 3650 2566 3701 ut
2603 3645 2812 3716 dicunt,
2843 3645 3024 3703 Ottoni
3049 3645 3336 3716 Belmosto,
3365 3646 3595 3705 Rubaldi
3633 3647 3742 3706 filio
3756 3692 3771 3719 ,
3803 3649 3897 3704 Ja-

1070 3744 1262 3804 nuensi
1300 3759 1634 3802 concessum.
1665 3742 1831 3817 Cujus
1866 3741 2165 3815 fragmenta
2198 3741 2455 3800 exhibere
2474 3758 2617 3800 nunc
2644 3742 2776 3800 satis
2801 3743 2932 3814 erit,
2960 3748 3022 3800 ut
3052 3742 3223 3800 fusius
3248 3743 3578 3818 explicemus
3600 3759 3712 3818 qua
3746 3752 3891 3815 arte,

1070 3859 1178 3918 quo
1205 3841 1329 3900 dolo
1359 3842 1428 3899 ad
1454 3857 1610 3899 suam
1636 3847 1852 3914 gentem
1878 3841 2242 3899 exornandam
2265 3841 2484 3914 quidam
2510 3841 2721 3898 nobiles
2748 3847 3061 3898 uterentur:
3087 3860 3164 3897 α.
3173 3839 3647 3899 ..Considerantes
3668 3857 3895 3915 preser-

1068 3940 1165 3997 tim
1192 3939 1248 3995 in
1271 3937 1510 4012 presenti
1532 3937 1674 3994 bello
1700 3954 1808 4010 quo
1830 3943 1988 4012 pacto
2011 3943 2064 3994 te
2087 3937 2319 4010 gesseris
2343 3937 2435 3994 hic
2460 3943 2518 3996 et
2541 3952 2666 3994 cum
2687 3936 2823 3994 diu
2806 3953 2863 3993 ιιι
2884 3953 2946 3994 re
2967 3935 3183 3995 militari
3210 3936 3456 4011 peritiam
3483 3935 3675 4012 [mam]
3694 3938 3894 4012 optime

1067 4035 1472 4109 conspeximus,
1509 4033 1629 4108 jure
1666 4035 1829 4091 etiam
1865 4034 1984 4108 ipso
2032 4033 2235 4091 incitati
2279 4039 2442 4108 atque
2474 4034 2684 4092 advecti
2717 4049 2905 4092 sumus
2935 4040 2997 4092 ut
3030 4035 3263 4109 teipsum
3293 4049 3641 4109 effugiasque
3669 4033 3894 4092 virmtes

1067 4140 1189 4191 tuas
1223 4133 1517 4191 honoribus
1552 4147 1873 4190 exornemus
1894 4136 1953 4189 et
1991 4131 2157 4189 titulis
2180 4131 2530 4190 illustremus.
2559 4132 2878 4206 Quanquam
2919 4136 3100 4189 autem
3132 4130 3430 4206 ampliora
3415 4130 3810 4205 insignior-aque
3838 4131 3892 4188 in

1067 4230 1299 4305 teipsum
1315 4229 1641 4288 conferenda
1661 4229 1907 4288 voluntas
1922 4234 2107 4286 nostra
2130 4229 2371 4286 intendat
2387 4229 2683 4303 meritaque
2703 4235 2797 4286 tua
2818 4228 3176 4302 postulent,...
3203 4227 3274 4287 de
3293 4233 3443 4287 certa
3463 4234 3648 4288 nostra
3669 4229 3890 4286 scientia

1066 4327 1375 4402 propriique
1409 4327 1573 4383 animi
1595 4332 1764 4398 motu,
1794 4325 2000 4384 meritis
2022 4326 2239 4398 quidem
2267 4325 2374 4384 tuis
2392 4325 2496 4384 boc
2522 4325 2954 4401 exposcentibus,
2985 4326 3041 4383 in
3067 4325 3380 4385 familiarem
3406 4331 3462 4385 et
3483 4325 3740 4384 familiam
3762 4341 3887 4383 nos-

1068 4428 1211 4480 tram
1237 4421 1336 4496 [te]
1354 4422 1642 4491 adscimus,
1671 4422 2028 4480 adscribimus
2054 4429 2110 4480 et
2134 4438 2553 4482 annumeramus
2574 4424 2630 4480 in
2653 4423 2869 4482 civitate
2899 4429 3082 4482 nostra
3107 4423 3380 4498 Neapolis,
3402 4439 3469 4482 ac
3493 4423 3732 4481 volentes
3747 4422 3891 4496 quod

1066 4534 1165 4594 pro
1203 4534 1345 4575 nunc
1369 4519 1441 4576 ob
1465 4519 1826 4576 testimonium
1849 4524 1906 4577 et
1932 4520 2246 4577 memoriam
2267 4519 2408 4578 bone
2434 4521 2721 4580 voluntatis
2744 4528 2923 4580 nostre
2949 4521 3248 4596 insignibus
3274 4523 3382 4579 tuis
3404 4521 3629 4594 effigiem
3653 4527 3890 4580 nostram

1069 4615 1245 4672 cincto
1263 4620 1425 4688 atque
1442 4622 1696 4673 coronato
1715 4616 1891 4689 capite
1912 4615 2193 4690 figuratam
2214 4617 2400 4684 valeas
2425 4617 2772 4694 [adJungere],
2798 4620 3190 4678 eto—Datum
3210 4620 3268 4677 in
3284 4625 3460 4678 castro
3479 4618 3736 4692 Capuano
3764 4619 3888 4692 (ll),

1066 4712 1155 4770 die
1174 4711 1302 4770 xm
1327 4711 1528 4771 mensis
1553 4712 1781 4785 augusti.
1805 4731 1834 4766 ι
