4500 5956
1147 599 1267 660 922
2148 602 2569 666 Rulnssnlcl
2619 605 2966 667 summm
3583 605 3742 686 [Anu.
3780 606 3946 667 1236.

1150 732 1342 828 plum
1378 731 1498 827 qui
1535 731 1908 806 absorbens
1936 734 2229 809 fluvium
2256 758 2393 809 non
2423 740 2711 813 miratur
2738 749 2808 812 et
2837 759 3121 833 sperans
3147 738 3340 831 quod
3364 739 3680 812 Iordanis
3713 739 3952 811 influat

1151 854 1224 925 in
1261 875 1340 926 os
1383 854 1566 945 ejus,
1620 875 1748 928 suo
1790 865 1896 927 est
1941 867 2100 929 voto
2149 858 2546 951 fraudatus,
2598 883 2862 935 necnon
2911 872 2981 935 et
3021 860 3387 955 imperium
3428 882 3593 934 cure
3626 871 3953 955 perpetuo

1153 975 1471 1063 tradidit,
1509 989 1577 1049 et
1621 978 1957 1049 nefarium
2009 990 2337 1075 reputans
2382 993 2463 1055 ut
2513 984 2634 1057 ubi
2681 993 2889 1078 ceput
2938 982 3146 1056 totius
3196 983 3563 1055 christiane
3611 983 3953 1075 religionis

1150 1097 1241 1170 ab
1299 1099 1706 1194 imperatore
1766 1102 1998 1174 celesti
2060 1101 2453 1198 disponitur
2478 1162 2496 1192 ,
2557 1105 2815 1179 ibidem
2858 1116 3168 1180 terrenus
3214 1107 3583 1201 imperator
3629 1114 3953 1198 potestate

1154 1220 1389 1311 aliqua
1422 1222 1842 1314 fungeretur,
1883 1224 2141 1296 ltaliam
2178 1223 2568 1321 Apostolice
2603 1227 3034 1323 dispositioni
3071 1228 3500 1321 relinquens,
3542 1227 3672 1299 sibi
3706 1248 3950 1300 novam

1155 1342 1228 1413 in
1262 1341 1501 1414 Grecia
1541 1344 1963 1416 mansionem
1999 1347 2248 1438 elegit;
2301 1347 2391 1421 de
2424 1371 2561 1442 qua
2598 1349 3032 1443 postmodum
3077 1349 3149 1421 in
3189 1371 3479 1444 persona
3533 1349 3775 1443 prefati
3804 1371 3954 1421 ma-

1155 1462 1383 1557 gnifici
1421 1466 1639 1538 Caroli
1674 1468 1796 1560 qui
1827 1468 2078 1557 jugum
2113 1490 2156 1541 a
2188 1470 2493 1543 Romana
2524 1472 2826 1545 Ecclesia
2860 1472 2987 1545 vix
3024 1473 3382 1545 ferendum
3421 1472 3815 1565 impositum
3847 1471 3952 1565 pia

1155 1585 1408 1659 debere
1461 1587 1697 1659 docuit
1741 1588 2103 1661 devotione
2158 1593 2452 1684 portari,
2502 1594 2716 1667 Sedes
2759 1593 3151 1688 Apostolica
3200 1595 3612 1665 transferens
3661 1593 3735 1664 in
3780 1591 3910 1665 Ger
3926 1633 3958 1645 -

1154 1730 1418 1799 manOS,
1448 1710 2044 1804 predecessoribus
2068 1713 2208 1784 tuis
2234 1715 2415 1785 sicut
2446 1725 2516 1787 et
2549 1715 2620 1786 in
2663 1726 2779 1788 tua
2814 1736 3101 1809 persona
3138 1714 3380 1787 recolis
3411 1735 3564 1786 esse
3598 1716 3852 1785 factum
3889 1714 3958 1784 in

1157 1831 1683 1903 consecrationis
1724 1842 1795 1904 et
1844 1834 2263 1907 inunctionis
2298 1858 2618 1928 munere,
2658 1837 2826 1909 nihil
2871 1838 2961 1912 de
3017 1837 3395 1911 substantia
3452 1858 3578 1910 sue
3624 1836 3958 1928 jurisdic-

1156 1951 1359 2025 tionis
1398 1952 1836 2046 imminuens,
1879 1957 2143 2051 imperii
2180 1958 2475 2032 tribunal
2506 1960 2870 2055 supposuit
2893 1969 2967 2033 et
2993 1960 3208 2054 gladii
3239 1969 3647 2055 potestatem
3679 1959 3751 2031 in
3787 1960 3958 2030 sub-

1154 2086 1391 2149 secuta
1434 2079 1868 2150 coronatione
1903 2081 2278 2173 concessit,
2317 2103 2411 2153 ex
2444 2104 2585 2176 quo
2612 2084 2753 2175 juri
2790 2083 3178 2177 Apostolice
3212 2081 3412 2155 Sedis
3453 2093 3522 2154 et
3562 2103 3699 2155 non
3734 2083 3962 2153 minus

1155 2198 1320 2273 fidei
1364 2222 1448 2273 ac
1481 2200 1723 2273 bonori
1759 2213 1879 2275 tuo
1927 2204 2261 2297 derogare
2309 2207 2771 2295 convinceris,
2824 2207 2991 2279 dum
3047 2209 3370 2279 factorem
3422 2206 3770 2299 proprium
3823 2226 3960 2275 non

1158 2324 1500 2416 agnoscis.
1553 2325 1659 2395 Ex
1695 2346 1778 2396 eo
1825 2335 2056 2397 autem
2097 2348 2234 2400 non
2271 2328 2610 2401 modicam
2647 2340 2880 2403 notam
2925 2328 3389 2402 indevotionis
3439 2328 3731 2400 incurris
3775 2325 3964 2420 quod

1160 2447 1360 2521 nobis
1394 2457 1464 2519 et
1511 2447 1829 2519 fratribus
1867 2450 2111 2521 nostris
2153 2451 2490 2544 sacrilegii
2535 2452 2873 2525 maculam
2901 2453 3170 2525 conaris
3196 2451 3610 2546 impingere,
3646 2449 3814 2542 quia
3848 2470 3964 2520 eos

1161 2568 1418 2663 quibus
1462 2591 1505 2642 a
1553 2584 1619 2643 te
1674 2573 1958 2643 ecclesie
2016 2594 2098 2643 ac
2150 2573 2608 2646 ecclesiastica
2668 2572 3005 2647 beneficia
3063 2574 3511 2646 conferuntur
3574 2579 3966 2666 reputantes

1163 2692 1507 2786 indignos,
1549 2693 1639 2767 de
1683 2706 1802 2768 tuo
1846 2693 2168 2767 videmur
2198 2696 2466 2787 judicio
2512 2696 2900 2791 disputare;
2933 2718 3072 2768 non
3107 2694 3470 2768 attendens
3503 2694 3692 2787 quod
3744 2713 3966 2765 sacer-

1167 2816 1361 2890 dotes
1410 2817 1652 2893 Christi
1709 2839 1949 2911 regum
1976 2826 2063 2905 ,et
2114 2819 2501 2914 principum
2554 2821 2861 2893 omnium
2911 2818 3219 2894 fidelium
3271 2829 3501 2914 patres
3546 2827 3614 2889 et
3664 2816 3967 2910 magistri

1165 2950 1552 3014 censentur.
1587 2940 1829 3013 Nonne
1858 2940 2267 3014 miserabilis
2297 2941 2563 3015 insanie
2608 2962 2760 3022 esse
2814 2943 3269 3038 cognoscitur,
3324 2941 3384 3013 si
3436 2939 3621 3013 filius
3668 2948 3962 3035 patrem,

1171 3060 1550 3156 discipulus
1584 3064 1981 3155 magistrum
2019 3073 2303 3135 conetur
2329 3086 2644 3158 arguere,
2678 3088 2721 3138 a
2755 3066 3011 3159 quibus
3045 3087 3184 3138 non
3222 3065 3444 3136 solum
3479 3065 3551 3135 in
3588 3064 3810 3152 terris,
3845 3059 3970 3134 sed

1170 3185 1242 3255 in
1278 3185 1441 3256 celis
1481 3205 1635 3257 sese
1679 3185 1869 3277 ligari
1903 3207 2103 3278 posse
2152 3187 2579 3262 institutione
2628 3190 2865 3263 divina
2915 3188 3244 3263 docetur?
3278 3189 3533 3260 Omnes
3580 3188 3802 3273 enim,
3842 3184 3972 3256 nisi

1170 3327 1464 3400 quorum
1498 3305 1742 3376 oculus
1771 3307 2002 3400 aliquo
2031 3310 2280 3381 erroris
2324 3313 2607 3404 pulvere
2653 3311 3032 3402 obturatur,
3065 3321 3448 3404 agnoscunt
3478 3308 3671 3402 quod
3699 3331 3857 3380 cum
3899 3316 3970 3377 tu

1174 3430 1322 3522 ipse
1359 3427 1745 3521 Apostolice
1788 3430 2326 3522 examinationi,
2357 3433 2546 3505 sicut,
2569 3443 2901 3507 testantur
2933 3435 3289 3529 premissa,
3320 3434 3678 3524 subjaceas
3702 3484 3721 3511 ,
3765 3431 3971 3502 multo

1176 3551 1415 3640 isonius
1465 3551 1556 3623 de
1601 3551 1875 3624 illorum
1940 3573 2308 3647 possumus
2356 3553 2767 3649 indignitate
2832 3577 3243 3651 cognoscere
3283 3558 3407 3651 qui
3461 3556 3551 3628 de
3594 3575 3804 3628 manu
3857 3561 3970 3623 tua

1175 3684 1554 3762 noscuntur
1588 3675 1987 3769 dignitatem
2019 3677 2322 3771 aliquam
2358 3680 2767 3775 suscepisse,
2802 3701 2888 3752 eo
2917 3678 3113 3773 quod
3147 3675 3494 3772 quidquid
3524 3674 3776 3768 speciei
3810 3673 3970 3746 sub·

1169 3799 1428 3890 jicitur,
1471 3800 1559 3872 de
1591 3800 1704 3871 illo
1738 3821 1959 3893 genus
1994 3800 2379 3874 necessario
2414 3802 2830 3896 predicatur.
2873 3804 3018 3876 Hoc
3047 3803 3119 3874 in
3155 3800 3469 3896 personis
3505 3793 3974 3871 ecclesiasticis

1182 3923 1418 4014 negari
1454 3944 1588 3994 non
1632 3933 1853 4017 potest
1896 3925 2153 4019 quibus
2200 3946 2329 3997 nos
2360 3947 2456 3997 ex
2490 3927 2975 3998 constitutione
3014 3925 3251 4000 divina
3288 3921 3714 4019 preficimur3
3762 3920 3977 4011 impe-

1179 4046 1368 4118 rialis
1395 4067 1560 4117 vero
1605 4048 1905 4141 potentia
1934 4068 2028 4120 ex
2062 4050 2208 4121 sola
2252 4049 2797 4143 usurpatione‘in
2827 4046 3222 4141 hujusmodi
3261 4048 3335 4118 in
3389 4044 3710 4138 injuriam
3763 4039 3974 4114 divini

1185 4171 1482 4252 nominis
1516 4170 1878 4263 aliquoties
1924 4170 2343 4263 dominatur,
2396 4173 2465 4243 in
2504 4194 2587 4245 eo
2629 4173 2965 4247 rhetorico
3013 4173 3241 4245 fucata
3279 4171 3502 4244 colore
3548 4165 3740 4261 quod
3796 4159 3980 4257 apud

1183 4313 1379 4384 reges
1429 4300 1763 4363 terrarum
1790 4301 1877 4364 ¹et
1915 4293 2256 4388 principes
2299 4295 2390 4367 de
2428 4295 2728 4367 Ecclesia
2769 4315 2906 4388 que
2952 4314 3174 4386 usque
3211 4293 3419 4365 modo
3456 4310 3596 4361 non
3632 4286 3979 4359 modicum

1188 4412 1523 4506 imperiali
1559 4414 1861 4508 pepercit
1896 4414 2162 4506 honori,
2204 4425 2272 4487 te
2307 4416 2780 4509 depositurum
2826 4415 3169 4510 querelaS,
3199 4411 3613 4507 quibusdam
3646 4406 3832 4502 apud
3865 4424 3981 4475 eos

1181 4537 1323 4626 jam
1358 4534 1712 4628 depositis,
1742 4537 2198 4611 comminaris,
2218 4540 2555 4612 Premissa
2582 4562 2859 4635 quoque
2883 4549 3517 4635 quantumcumque
3547 4534 3685 4606 sint
3715 4528 3975 4627 gravia,

1186 4665 1822 4752 quantumcumque
1875 4681 1919 4733 a
1964 4662 2142 4752 juris
2193 4663 2463 4734 tramite
2511 4663 2650 4735 sint
2700 4675 2999 4756 remota,
3054 4662 3318 4734 minora
3369 4668 3595 4732 tamen
3648 4656 3721 4727 in
3770 4651 3988 4728 oculis
