4500 5956
662 624 854 682 lumcr.
885 616 975 700 8.]
1549 615 1945 678 HISTORIA
1999 618 2589 683 ntrboumlca.
3361 624 3481 685 ⁷63

663 754 995 845 obligavit
1043 761 1115 824 et
1158 751 1541 844 assignavit
1587 751 1652 824 ei
1696 761 1995 824 castrum
2038 753 2290 849 Sciphe
2332 764 2402 829 et
2438 755 2705 830 reditus
2749 764 3025 828 centum
3061 756 3466 828 talentorum

664 876 1170 972 Herbipolensis
1208 885 1515 966 monete,
1571 874 1994 970 ubicumque
2027 876 2215 950 idem
2247 878 2655 952 Godefridus
2708 880 2780 950 in
2828 880 3027 952 bonis
3061 879 3280 974 ipsius
3332 881 3467 951 Lu-

663 1001 912 1076 dewici
968 1002 1120 1073 sive
1161 999 1234 1070 in
1280 998 1694 1094 proprietate
1740 1000 1891 1073 sive
1941 1001 2012 1071 in
2074 1002 2297 1074 feodis
2353 1003 2664 1095 ejusdem
2723 1002 2891 1075 velit
2954 1004 3303 1097 accipere;
3377 1004 3470 1074 ita

661 1124 846 1219 quod
881 1122 1365 1219 proprietatem
1403 1122 1853 1195 incontinenti
1886 1144 2011 1217 per
2044 1124 2306 1196 curiam
2340 1135 2641 1198 nostram
2674 1124 2808 1196 sibi
2842 1124 3127 1197 tradidit
3169 1136 3238 1197 et
3268 1125 3470 1198 feoda

661 1247 958 1319 stabilire
1025 1246 1361 1341 promisit.
1434 1245 1724 1340 Insuper
1784 1266 2023 1318 omnes
2090 1247 2402 1320 homines
2459 1269 2621 1319 suos
2681 1247 2994 1319 militaris
3058 1248 3471 1321 conditionis

662 1372 1019 1462 utriusque
1062 1391 1277 1441 sexus
1320 1368 1547 1441 eidem
1598 1369 1883 1441 contulit
1916 1371 2363 1462 assignando,
2416 1371 2819 1465 subscriptis
2863 1369 3372 1443 conditionibus
3403 1381 3473 1443 et

662 1494 881 1588 pactis
914 1492 986 1563 in
1031 1492 1276 1565 eadem
1319 1491 1687 1564 traditione
1730 1501 1799 1563 et
1832 1492 2291 1587 assignatione
2336 1495 2557 1566 taliter
2594 1494 3240 1585 intervenientibus,
3280 1495 3469 1588 quod

660 1615 747 1686 ab
788 1614 955 1686 hinc
993 1635 1218 1706 usque
1255 1613 1347 1685 ad
1391 1615 1639 1685 festum
1692 1616 1907 1686 sancti
1963 1615 2235 1687 Martini
2291 1616 2611 1710 proximo
2646 1625 3016 1687 venturum
3065 1624 3137 1688 et
3168 1635 3262 1686 ex
3311 1625 3473 1687 tunc

661 1757 881 1830 usque
925 1736 1021 1809 ad
1051 1758 1312 1808 annum
1353 1759 1575 1808 unum
1612 1739 2025 1832 completum
2075 1738 2147 1808 in
2188 1722 2435 1810 eodem
2484 1739 2653 1809 festo
2691 1738 2915 1810 dictus
2954 1736 3369 1811 Godefridus
3408 1751 3476 1810 et

659 1858 949 1932 hemdes
1005 1860 1115 1931 sui
1156 1861 1394 1933 omnia
1431 1848 1741 1956 predicta
1790 1860 1975 1933 bona
2012 1882 2172 1933 cum
2210 1860 2641 1955 pertinentiis
2694 1859 2839 1932 suis
2882 1861 3085 1954 pleno
3111 1861 3271 1952 jure
3319 1884 3477 1933 cum

661 1980 1054 2056 hominibus
1089 1983 1162 2054 in
1201 1984 1414 2057 libera
1438 1994 1509 2056 et
1551 1985 1786 2078 quieta
1828 1983 2264 2078 possessione
2297 1982 2659 2072 tenebunt;
2705 1982 2801 2053 ita
2827 1982 3018 2075 quod
3056 1982 3115 2053 si
3148 1986 3483 2079 completo

665 2127 845 2178 anno
876 2106 949 2176 in
979 2106 1297 2200 sequenti
1332 2107 1501 2178 festo
1522 2106 1706 2178 beati
1738 2106 2009 2180 Martini
2034 2107 2338 2201 prefatus
2363 2102 2787 2176 Ludewicus
2815 2104 3005 2176 mille
3031 2126 3296 2177 marcas
3323 2108 3480 2201 puri

665 2229 928 2321 argenti
961 2230 1243 2301 solverit
1280 2229 1504 2302 eidem
1544 2228 1919 2302 Godefrido
1944 2239 2014 2302 et
2048 2227 2423 2300 heredibus
2461 2227 2641 2317 suiS,
2689 2226 2877 2299 idem
2912 2225 3328 2300 Godefridus
3368 2233 3478 2301 vel

665 2350 952 2424 heredes
986 2352 1094 2423 sui
1138 2362 1276 2424 tam
1316 2353 1700 2447 predictum
1744 2360 2042 2424 castrum
2075 2372 2287 2445 quam
2330 2350 2501 2422 alios
2545 2348 2810 2420 reditus
2872 2370 3031 2420 cum
3082 2349 3479 2424 hominibus

665 2474 862 2546 dictis
910 2474 1267 2547 restituere
1317 2484 1701 2547 teneantur.
1745 2474 1815 2547 Si
1863 2496 2029 2546 vero
2089 2474 2376 2546 termino
2417 2481 2775 2568 pretaxato
2825 2471 3008 2542 idem
3064 2473 3480 2545 Ludewicus

663 2618 795 2668 non
833 2598 1114 2669 solverit
1149 2598 1524 2691 predictam
1567 2597 1861 2693 pecunie
1896 2597 2388 2691 quantitatem,
2433 2593 2781 2689 predictus
2823 2593 3239 2666 Godefridus
3261 2606 3328 2667 et
3356 2596 3476 2670 he-

667 2719 865 2793 redes
905 2721 1015 2792 sui
1058 2720 1440 2814 predictum
1496 2731 1796 2794 castrum
1849 2721 2104 2816 Scipbe
2146 2741 2309 2792 cum
2357 2718 2780 2813 pertinentiis
2832 2718 2978 2789 suis
3018 2729 3088 2789 et
3139 2719 3479 2792 reditibus

665 2851 934 2914 centum
976 2844 1386 2915 talentorum
1424 2851 1494 2915 et
1527 2843 1929 2916 hominibus
1954 2845 2111 2936 jure
2142 2854 2476 2937 perpetuo
2510 2851 2649 2913 tam
2689 2840 3121 2934 proprietatis
3169 2842 3366 2914 titulo
3405 2844 3474 2914 in

666 2966 794 3038 hiis
821 2989 962 3061 que
998 2967 1272 3061 propria
1315 2976 1477 3039 sunt
1518 2989 1732 3062 quam
1775 2970 1934 3061 jure
1978 2967 2229 3041 feodali
2283 2967 2358 3038 in
2413 2962 2797 3038 feodalibus
2840 2965 3264 3059 retinebunt,
3330 2968 3481 3040 sine

666 3089 1205 3163 contradictione
1251 3091 1364 3162 vel
1411 3092 1721 3164 molestia
1790 3091 2085 3182 alicujus
2135 3090 2371 3185 quiete
2420 3111 2503 3161 ac
2562 3087 2849 3184 pacifice
2901 3089 3345 3184 possidenda.
3393 3091 3480 3164 Ut

659 3224 884 3287 autem
948 3214 1256 3309 predicta
1320 3216 1686 3287 conventio
1731 3224 1801 3286 et
1847 3215 2220 3288 satisfactio
2269 3214 2339 3285 in
2405 3234 2533 3287 suo
2594 3213 2840 3286 robore
2890 3224 3322 3307 perseveret,
3386 3216 3480 3289 ad

660 3337 970 3429 ejusdem
1003 3339 1104 3410 rei
1144 3338 1544 3410 memoriam
1586 3349 1971 3432 presentem
2019 3338 2482 3410 memorialem
2520 3338 2848 3433 paginam
2883 3336 3029 3409 fieri
3074 3339 3363 3412 fecimus
3412 3348 3480 3411 et

657 3461 879 3555 sigillo
910 3471 1144 3535 nostro
1162 3462 1496 3554 jussimus
1539 3461 1975 3533 communiri.

747 3589 983 3659 Testes
1032 3595 1261 3659 autem
1301 3585 1422 3679 qui
1466 3586 1923 3657 interfuerunt
1969 3594 2133 3656 sunt
2188 3610 2204 3654 z
2265 3585 2651 3657 Ekebertus
2688 3586 3280 3681 Babenbergensis
3317 3586 3479 3681 epi·-

658 3732 951 3806 scopus,
1006 3710 1301 3783 Sifridus
1357 3708 1874 3804 Ratisponensis
1927 3709 2293 3804 episcopus
2340 3708 2718 3801 imperialis
2774 3711 2931 3781 aule
2993 3709 3471 3797 cancellarius,

659 3833 1017 3906 Heinricus
1079 3833 1506 3926 lantgravius
1560 3832 1971 3925 Thuringie,
2026 3834 2106 3903 Β.
2183 3831 2337 3905 dux
2398 3830 2786 3921 Karinthie,
2844 3883 2863 3901 .
2899 3885 2917 3901 .
2955 3883 2973 3901 .
3031 3829 3337 3902 marchio
3387 3830 3479 3903 de

659 3956 924 4043 Baden,
977 3957 1180 4028 frater
1215 3956 1651 4027 Hermannus
1692 3955 2017 4048 magister
2054 3954 2306 4027 domus
2344 3950 2923 4024 Theutonicorum
2959 3953 3032 4022 in
3067 3952 3471 4042 Jerusalem,

664 4077 1013 4152 Conradus
1059 4079 1520 4171 burggravius
1575 4078 1665 4151 de
1716 4076 2183 4150 Nuremberch
2202 4129 2221 4165 ‚
2284 4073 2606 4146 Albertus
2660 4073 2749 4145 de
2802 4074 3202 4165 Rotenvels,
3270 4076 3477 4148 Wol-

661 4202 895 4274 fradus
949 4200 1039 4272 de
1095 4200 1480 4290 Crutbeim,
1537 4199 2017 4294 Engelbardus
2072 4197 2162 4270 de
2220 4198 2549 4288 osterna,
2598 4193 2955 4268 Conradus
3011 4194 3340 4289 pincerna
3385 4197 3478 4271 de

661 4323 1198 4414 Winterstetten,
1228 4322 1581 4395 Conradus
1617 4323 1945 4418 pincerna
1979 4321 2068 4393 de
2094 4317 2618 4413 Clingenborch‚
2658 4315 3045 4389 Fridericus
3077 4317 3168 4390 de
3196 4319 3475 4394 Kezzel-

660 4443 852 4535 berc,
896 4444 1255 4517 Conradus
1289 4444 1380 4518 de
1415 4445 1821 4518 Smidelve'lt
1841 4499 1861 4533 ,
1910 4443 2325 4517 Godefridus
2359 4441 2450 4515 de
2484 4439 2881 4531 Solzberch,
2923 4440 3353 4516 Hermannus
3386 4445 3475 4517 de

659 4566 939 4662 Lapide,
976 4567 1336 4641 Otnandus
1370 4567 1460 4641 de
1500 4569 1916 4652 Eshenowe,
1963 4570 2164 4662 Hugo
2200 4567 2291 4638 de
2320 4566 2547 4656 Sulze,
2582 4563 3044 4659 Marquardus
3081 4564 3172 4636 de
3202 4567 3466 4657 Sneite,

660 4691 1066 4764 Godefridus
1110 4692 1306 4765 miles
1346 4692 1435 4764 de
1475 4692 1823 4783 Hohen10,
1863 4703 1935 4763 et
1966 4692 2081 4764 alii
2112 4692 2584 4786 quamplures.
