4500 5956
620 573 810 632 lsnlcr.
842 571 931 649 6.]
1512 570 1907 632 HISTORIA
1957 572 2541 636 DIPLOMATmA.
3313 580 3438 643 603

711 710 948 781 Testes
987 715 1222 779 autem
1270 704 1634 778 Cunradus
1687 706 2029 801 Spirensis
2060 708 2461 802 episcopus,
2520 710 2953 783 Hermannus
3003 713 3308 787 marchio
3342 714 3434 788 do

619 832 886 923 Baden,
927 829 1375 903 Eberhardus
1405 829 1497 903 de
1526 830 1886 904 Eberstein
1904 884 1926 923 ,
1987 832 2097 905 W.
2135 832 2401 927 dapifer
2422 832 2513 906 de
2540 834 2958 924 Bonlandia,
2998 836 3073 909 C.
3104 837 3432 932 pincerna

620 956 705 1030 de
739 954 1244 1049 Clingenburg,
1306 952 1382 1024 C.
1440 952 1531 1026 de
1566 953 2010 1047 Smidelvelt,
2051 955 2132 1027 E.
2178 954 2270 1028 de
2307 956 2869 1053 Hertingesberg,
2912 960 3303 1034 Hawardus
3345 961 3436 1035 de

619 1079 1023 1170 Holzwanc,
1064 1086 1132 1150 et
1165 1078 1284 1150 alii
1315 1079 1784 1174 quamplures.

708 1202 880 1275 Acta
902 1201 1094 1298 apud
1113 1201 1570 1297 oppenheim,
1602 1224 1783 1276 anno
1797 1203 2069 1276 Domini
2096 1203 2572 1295 Mccxxan
2595 1205 2794 1279 tertio
2818 1205 3150 1282 kalendas
3176 1210 3428 1300 martii,

619 1324 988 1399 indictione
1013 1324 1133 1398 v1.

709 1567 1035 1661 Sequitur
1064 1567 1328 1642 ibidem
1358 1568 1578 1642 forma
1602 1567 2114 1662 compositionis
2140 1566 2456 1659 ejusdem
2488 1568 2621 1640 sub
2653 1567 2912 1642 eisdem
2949 1572 3216 1663 verbis,
3269 1597 3435 1647 mu·-

621 1691 771 1762 tatis
818 1689 1206 1781 mutandiS,
1258 1713 1299 1764 a
1350 1691 1625 1763 civibus
1674 1690 2291 1764 Wormatiensibus
2333 1690 2553 1781 edita,
2603 1714 2759 1765 cum
2809 1693 3098 1766 testibus
3132 1703 3201 1768 et
3256 1698 3435 1769 notis

626 1812 1121 1907 chronologicis
1153 1813 1454 1899 eisdem;
1489 1813 1608 1885 ubi
1647 1823 1876 1886 tamen
1903 1812 1995 1886 ad
2024 1812 2319 1887 caudam
2344 1813 2642 1905 legitur:
2691 1840 2727 1885 (ι
2768 1815 2855 1887 Ut
2884 1825 3116 1888 autem
3138 1817 3268 1890 hec
3290 1832 3437 1892 rata

620 1946 1058 2031 permaneant
1082 1946 1152 2010 et
1175 1937 1578 2011 inconvulsa
1602 1946 1672 2011 et
1699 1937 2182 2011 inviolabiliter
2204 1937 2689 2030 observentur,
2729 1939 3017 2012 sormam
3046 1941 3227 2014 hanc
3250 1963 3436 2015 com-

618 2061 1009 2155 positionis,
1068 2059 1329 2133 domini
1381 2061 1567 2155 regis
1611 2069 1680 2133 et
1732 2059 1993 2133 domini
2041 2061 2344 2155 episcopi
2396 2081 2479 2132 ac
2524 2061 2803 2152 majoris
2853 2063 3140 2138 ecclesie
3187 2066 3433 2161 sigillis

618 2184 995 2257 roboratam
1020 2237 1039 2273 ,
1078 2184 1374 2256 civitatis
1408 2183 1613 2255 etiam
1646 2183 1870 2278 sigillo
1907 2183 2193 2257 fecimus
2216 2184 2651 2256 communiri.
2697 2209 2733 2253 n

711 2413 966 2487 Extant
1021 2424 1254 2487 autem
1310 2412 1455 2487 duo
1512 2413 1644 2486 alia
1698 2411 2216 2507 compositionis
2276 2412 2587 2504 ejusdem
2642 2415 3064 2510 exemplaria
3114 2443 3133 2487 ε
3179 2418 3440 2491 scilicet

613 2537 888 2611 Henrici
918 2537 1228 2633 episcopi
1254 2535 1442 2632 apud
1471 2537 1767 2627 Momm,
1818 2535 2406 2629 Abhandlunqvon
2437 2539 2726 2629 worms,
2788 2560 2859 2632 p.
2909 2533 3078 2627 ⁴67,
3135 2547 3204 2612 et
3246 2541 3436 2612 Lan-

604 2661 776 2734 dolfi
807 2662 1058 2736 decani
1076 2662 1499 2757 capitulique
1514 2660 2050 2734 Wormaciensis
2070 2658 2263 2755 apud
2291 2660 2643 2751 Boanum,
2677 2663 2943 2748 Fontes,
2967 2671 3018 2734 t.
3041 2662 3127 2750 11,
3157 2685 3227 2757 p.
3250 2664 3379 2739 22⁴
3409 2691 3430 2753 3

597 2788 827 2860 multo
860 2785 1235 2880 integriora
1259 2806 1471 2879 quam
1499 2784 1691 2879 apud
1722 2785 2097 2874 Senum,
2139 2782 2311 2856 dum
2345 2791 2499 2877 post
2532 2783 2742 2855 verba
2785 2806 2821 2851 (ι
2862 2784 3226 2879 episcopus
3249 2786 3434 2859 alte-

588 2928 761 2984 rum
796 2910 1022 2983 civem
1056 2908 1431 2981 substituet
1467 2932 1544 2999 »,
1587 2907 1685 2978 ita
1720 2915 2060 3003 pergant:

712 3058 749 3101 α
789 3032 861 3106 Si
891 3052 1061 3105 vero
1083 3030 1373 3126 predicti
1393 3029 1794 3124 quindecim
1826 3051 2036 3126 super
2061 3029 2297 3125 aliquo
2332 3028 2617 3103 consilio
2642 3028 2819 3102 inter
2851 3049 2929 3103 se
2954 3029 3425 3124 dissenserint,

570 3153 1122 3229 assentiendum
1153 3163 1261 3227 est
1296 3153 1542 3247 majori
1574 3153 1777 3248 parti.
1825 3154 1993 3226 Item
2031 3151 2357 3226 dominus
2386 3173 2515 3226 rex
2543 3174 2637 3225 ex
2677 3174 2928 3227 novem
2970 3153 3429 3248 burgensibus

570 3277 1017 3353 consiliariis
1039 3277 1248 3372 eliget
1267 3298 1489 3349 unum
1516 3277 1590 3348 in
1618 3276 2023 3371 magistrum
2048 3275 2372 3367 civitatis,
2400 3275 2734 3350 mutando
2757 3277 2984 3371 ipsum
3011 3277 3071 3349 si
3100 3277 3429 3371 placuerit

556 3400 695 3477 de
728 3422 916 3475 anno
952 3402 1027 3474 in
1059 3423 1357 3489 annum,
1400 3401 1512 3474 vel
1545 3401 1948 3473 immutatus
1977 3399 2070 3473 ab
2103 3399 2292 3473 eoin
2327 3397 2574 3473 eodem
2606 3399 2831 3473 officio
2865 3421 2990 3494 pro
3014 3421 3142 3474 sue
3168 3401 3427 3474 volun-

550 3526 764 3598 tatis
788 3524 1072 3597 arbitrio
1098 3523 1552 3619 permanebit.
1594 3521 1734 3596 Sed
1778 3522 2102 3596 dominus
2139 3522 2502 3619 episcopus
2545 3522 2637 3596 de
2678 3545 2807 3597 sex
2842 3524 3174 3596 militibus
3204 3546 3424 3597 unum

546 3647 812 3741 eliget
839 3648 910 3720 in
938 3648 1111 3721 sesto
1128 3648 1431 3737 Martini,
1462 3657 1533 3720 et
1561 3647 1790 3742 ipsum
1810 3645 1902 3719 de
1925 3647 2190 3719 annoin
2214 3668 2477 3720 annum
2499 3646 2968 3719 commutabit.
2997 3648 3166 3719 ltem
3182 3667 3421 3720 omnes

544 3769 1061 3846 fraternitates
1082 3773 1445 3864 Husgenoz
1473 3779 1545 3843 et
1568 3769 2047 3844 Wiltwerkere
2078 3770 2211 3842 illis
2239 3770 2552 3865 exceptis
2584 3768 2908 3843 ammodo
2946 3770 3224 3864 penitus
3267 3790 3417 3841 ces·

557 3896 884 3968 sabunt.
918 3896 1153 3968 Preter
1171 3894 1303 3967 hec
1330 3894 1562 3967 omnia
1587 3915 1726 3988 que
1760 3893 2157 3990 supradicta
2189 3901 2383 3983 sunt,
2432 3891 2756 3965 dominus
2786 3892 3152 3986 episcopus
3184 3892 3414 3968 omnia

551 4016 795 4107 iura,
831 4017 1067 4092 omnia
1101 4017 1496 4113 privilegia,
1538 4018 1757 4090 bonas
1785 4015 2322 4090 consuetudines
2356 4013 2652 4087 civitatis
2684 4013 2912 4087 salvas
2937 4014 3407 4108 conservabit,

561 4141 1032 4215 confirmabit
1059 4150 1131 4213 et
1150 4140 1556 4214 meliorabit.
1589 4141 1678 4213 Ut
1700 4148 1929 4214 autem
1957 4140 2085 4212 hec
2112 4146 2289 4226 rata,
2318 4145 2447 4209 etc.
2483 4138 2543 4231 (l
2561 4136 2613 4232 ).
2658 4160 2696 4206 ι)
2737 4134 3012 4210 Adsunt
3033 4139 3414 4234 peculiares

579 4271 845 4356 testes,
885 4263 1016 4337 sed
1045 4263 1333 4337 eaedem
1363 4263 1884 4356 chronologicae
1911 4273 2138 4336 notae.

1610 4463 2073 4473 m—*a

686 4571 763 4644 (t)
794 4574 872 4632 Cr.
900 4590 1044 4649 quae
1070 4589 1235 4649 supra
1267 4574 1575 4632 notavimus
1615 4591 1671 4648 p.
1716 4576 1813 4631 58⁴
1836 4615 1850 4643 ,
1897 4578 2009 4630 not.
2052 4577 2105 4629 t.
2147 4573 2433 4631 Dissidium
2475 4579 2652 4633 tamen
2689 4589 2854 4648 super
2888 4573 3146 4647 remmine
3176 4574 3407 4633 civitatis

622 4672 842 4727 exortum
877 4686 943 4728 ex
969 4670 1065 4727 tali
1091 4669 1478 4746 compositione
1500 4685 1609 4729 non
1636 4669 1809 4728 adhuc
1836 4668 1995 4743 plane
2020 4668 2303 4727 deferbuit.
