4500 5956
1059 696 1181 758 636
2102 689 2449 751 numum
2499 686 2833 748 56111111
3515 690 3675 768 [Am.
3713 692 3881 754 1234.

1064 825 1362 937 guerris
1415 824 1723 934 privatis
1774 822 2168 907 movendis
2186 884 2210 925 ,
2264 822 2360 903 de
2413 819 2818 903 violatione
2862 828 3308 928 treugarum
3334 881 3357 925 ,
3416 822 3512 905 de
3566 839 3885 908 senten-

1061 961 1186 1041 tiis
1246 956 1818 1067 proscriptionis
1840 1018 1865 1063 ,
1921 957 2018 1038 de
2070 954 2395 1038 monetis
2453 952 2668 1034 falsis
2720 961 2797 1034 et
2858 949 3159 1061 injustis
3209 952 3579 1037 theloneis
3651 983 3883 1039 amo-

1057 1092 1323 1177 vendis
1341 1153 1366 1196 ,
1428 1092 1525 1172 (16
1578 1090 1883 1171 damnis
1943 1114 2097 1170 non
2161 1086 2309 1168 nisi
2365 1094 2540 1195 post
2604 1094 2759 1168 tres
2831 1084 2993 1168 dies
3056 1083 3508 1192 inferendis,
3563 1088 3660 1170 de
3714 1092 3887 1199 jure

1054 1225 1467 1335 praebendi
1502 1224 1924 1305 conductus
1940 1284 1963 1328 ,
2002 1224 2100 1305 (16
2126 1219 2784 1329 jurisdictionibus
2818 1218 3343 1327 episcoporum
3361 1279 3384 1325 ,
3425 1220 3521 1302 (16
3563 1221 3882 1328 privile-

1055 1359 1200 1469 giis
1244 1356 1767 1440 observandis

1211 1555 1392 1635 (Edit.
1410 1571 1502 1630 ap.
1527 1554 1755 1614 Annua.
1774 1554 2161 1613 Tammonr.
2191 1550 2406 1614 Chi-on.
2429 1569 2527 1628 ap.
2557 1552 2873 1629 annrrz,
2903 1550 3116 1611 Accm.
3147 1549 3440 1624 histor.,t.
3465 1552 3625 1629 II,p.
3659 1562 3884 1616 548.—

1292 1663 1700 1732 Hurrzmmr,
1743 1655 1995 1731 Coma„
2037 1666 2085 1719 t.
2115 1660 2237 1733 III,
2274 1677 2334 1736 p.
2371 1668 2512 1720 350.
2543 1692 2623 1702 —
2647 1660 2874 1731 Purrz,
2904 1657 3165 1717 Manum.
3218 1655 3402 1717 Germ.
3443 1656 3595 1718 Hist.
3619 1703 3638 1733 ,
3682 1667 3724 1722 t.
3769 1660 3877 1733 IV,

1294 1785 1356 1845 p.
1392 1777 1530 1840 301,
1559 1784 1638 1827 ex
1665 1766 1977 1827 collatinus
2001 1767 2270 1828 codicum
2297 1766 2483 1826 Paris.
2502 1808 2521 1840 ,
2551 1766 2888 1827 Hannover.
2907 1807 2928 1842 ‚
2958 1770 3018 1824 et
3043 1764 3298 1825 Berolln.
3327 1764 3533 1843 facta.)

1149 1940 1350 2013 Anno
1371 1937 1854 2025 MCCXXXIV,
1890 1937 2261 2010 tertioidus
2280 1937 2631 2027 februarii,
2660 1936 3176 2009 constitutiones
3191 1936 3376 2028 regis
3393 1946 3462 2009 et
3489 1937 3878 2032 principum

1050 2065 1455 2139 Alemannis
1495 2061 1684 2157 apud
1724 2061 2215 2134 Frankenvort.
2271 2061 2610 2156 Imprimis
2655 2060 2980 2133 omnibus
3027 2060 3293 2154 imperii
3326 2058 3650 2133 fidelibus
3691 2084 3780 2134 ne
3807 2062 3879 2132 in

1048 2212 1253 2287 reysa
1281 2187 1559 2283 publica
1583 2185 1959 2280 procedant
1985 2185 2310 2257 omnibus
2339 2183 2567 2257 modis
2591 2184 3012 2256 inhibemus.
3044 2182 3151 2255 Ad
3170 2183 3302 2256 hec
3329 2184 3673 2256 universis
3687 2184 3879 2277 judi-

1050 2314 1329 2386 ciariam
1372 2318 1775 2404 potestatem
1824 2308 2240 2381 habentibus
2289 2308 2690 2381 auctoritate
2736 2309 2920 2400 regia
2969 2308 3384 2402 precipimus
3422 2308 3751 2401 quatinus
3786 2308 3877 2381 ad

1048 2433 1559 2534 reprimendam
1588 2432 2046 2505 hereticorum
2080 2430 2438 2526 perfidiam
2463 2441 2603 2504 toto
2635 2432 2793 2502 nisu
2816 2430 3095 2503 solerter
3120 2430 3481 2505 intendant
3507 2431 3678 2503 acin
3708 2432 3878 2524 justi

1047 2556 1529 2656 prosecutione
1545 2555 1796 2647 judicii
1821 2557 2167 2649 preferant
2192 2556 2593 2651 equitatem.
2632 2556 2720 2626 Et
2745 2563 2823 2625 ut
2851 2554 3326 2645 injudicando
3353 2553 3712 2648 diligentie
3742 2557 3877 2628 for·

1044 2705 1230 2756 mam
1259 2680 1582 2755 omnibus
1606 2680 2063 2775 preferamus,
2104 2700 2265 2751 6666
2296 2681 2365 2750 16
2401 2700 2647 2750 manus
2685 2678 3074 2771 principum
3100 2678 3540 2772 promisimus
3571 2677 3764 2770 quod
3800 2677 3876 2749 in

1043 2805 1352 2901 quolibet
1388 2825 1649 2895 meuse,
1690 2803 2117 2896 ubicumque
2141 2802 2518 2896 inimperio
2544 2800 2907 2892 fuerimuS‚
2933 2809 3235 2893 quatuor
3253 2800 3500 2873 diebus
3529 2799 3620 2873 ad
3646 2800 3877 2871 minus

1041 2931 1486 3030 personaliter
1508 2931 1839 3003 volumus
1853 2926 2122 3021 judicio
2148 2928 2428 3024 publice
2453 2925 2827 3022 presidere.
2867 2924 3072 3011 Quod
3114 2926 3318 2998 etiam
3351 2948 3391 2997 a
3427 2925 3737 3020 quolibet
3753 2927 3876 3018 ju-

1038 3057 1194 3129 dice
1228 3055 1371 3127 fieri
1405 3055 1733 3126 volumus
1769 3052 2195 3147 temporibus
2221 3050 2313 3124 ad
2344 3052 2477 3123 1166
2510 3051 2897 3124 secundum
2934 3049 3451 3144 provinciarum
3503 3060 3873 3123 consuetu-

1041 3180 1275 3252 dinem
1306 3177 1719 3250 constitutis.
1749 3174 1955 3260 Quod
1986 3176 2044 3247 si
2082 3175 2407 3269 princeps
2435 3177 2660 3247 facere
2698 3173 3091 3267 neglexerit
3126 3181 3194 3246 et
3231 3173 3322 3246 de
3350 3172 3481 3246 hoc
3518 3175 3872 3247 convictus

1042 3301 1292 3393 fuerit,
1350 3309 1428 3371 ut
1475 3301 1693 3391 exigit
1721 3299 1901 3393 juris
1946 3298 2152 3389 ordo,
2209 3296 2492 3371 domino
2527 3298 2673 3391 regi
2723 3307 3000 3370 centum
3028 3296 3236 3370 libras
3270 3297 3422 3370 61111
3459 3298 3529 3369 16
3564 3296 3874 3392 pondere

1039 3425 1270 3499 Karoli
1306 3425 1671 3520 persolvet.
1717 3422 1960 3495 Comes
1988 3443 2158 3494 vero
2192 3423 2310 3494 vel
2340 3423 2518 3494 alius
2564 3422 2819 3494 nobilis
2860 3421 3205 3514 judicium
3263 3421 3558 3506 habens,
3632 3422 3692 3493 si
3729 3441 3868 3492 non

1034 3548 1453 3642 judicaverit
1470 3547 1854 3620 secundum
1877 3546 2389 3641 provinciarum
2412 3545 3011 3637 consuetudinem,
3041 3543 3325 3618 domino
3343 3545 3490 3638 regi
3517 3545 3692 3616 sicut
3710 3564 3871 3638 pre-

1040 3672 1305 3745 dictum
1342 3681 1448 3744 est
1484 3679 1760 3744 centum
1797 3691 2065 3742 marcas
2108 3669 2378 3762 argenti
2429 3678 2814 3764 componet.
2859 3669 3024 3741 Item
3084 3668 3143 3741 si
3182 3668 3341 3762 quis
3390 3668 3604 3739 alium
3639 3668 3868 3741 leserit

1038 3799 1153 3870 vel
1181 3818 1502 3891 guerram
1529 3796 1594 3868 ei
1633 3794 1927 3868 moverit
1961 3795 2229 3889 absque
2263 3794 2674 3889 precedente
2708 3793 3176 3887 querimonia,
3233 3792 3292 3862 si
3323 3791 3646 3886 princeps
3672 3792 3868 3863 exti-

1040 3922 1225 4012 terit,
1263 3931 1540 3994 centum
1562 3941 1829 3993 marcas
1859 3921 2009 3991 auri
2035 3919 2226 4013 regie
2246 3940 2515 3991 camere
2547 3916 3006 4012 presentabit3
3049 3916 3107 3986 si
3131 3937 3297 3988 vero
3330 3936 3560 3986 comes
3599 3915 3709 3988 vel
3739 3936 3865 3987 no-

1036 4046 1199 4116 bilis
1233 4047 1346 4119 vel
1390 4046 1526 4119 alia
1567 4066 1863 4140 persona
1909 4044 2249 4134 extiterit,
2301 4050 2580 4115 centum
2634 4061 2902 4113 marcas
2946 4038 3211 4132 argenti
3255 4046 3645 4132 componet.
3696 4038 3864 4110 Item

1037 4167 1404 4242 statuimus
1464 4167 1663 4261 quod
1722 4168 1784 4239 si
1819 4168 1975 4261 quis
2027 4176 2303 4259 treugas
2350 4166 2546 4239 datas
2601 4163 3000 4255 violaverit,
3053 4163 3111 4234 si
3150 4183 3309 4234 cum
3345 4162 3497 4256 ipso
3553 4161 3627 4231 in
3664 4162 3864 4252 cujus

1041 4311 1328 4361 manum
1360 4298 1600 4383 treuge
1632 4291 1905 4362 fuerant
1939 4288 2430 4384 compromisse
2463 4294 2711 4359 etcum
2746 4285 3021 4359 duobus
3047 4285 3203 4357 aliis
3239 4281 3692 4379 synodalibus
3736 4282 3863 4355 ho·

1041 4411 1349 4485 minibus
1371 4419 1643 4505 treugas
1669 4413 1961 4484 violatas
1974 4432 2125 4484 esse
2148 4409 2556 4482 convincere
2575 4412 2872 4504 potuerit
2892 4419 2960 4482 et
2978 4405 3234 4500 testari,
3260 4406 3552 4480 violator
3579 4427 3862 4477 manum

1040 4534 1311 4632 perdat.
1350 4535 1519 4606 Item
1566 4534 1623 4605 si
1662 4535 1820 4627 quis
1867 4531 2008 4605 fide
2043 4531 2206 4605 data
2239 4533 2629 4626 promiserit
2663 4531 2928 4628 aliquid
2961 4542 3031 4603 et
3065 4531 3430 4604 convictus
3460 4528 3669 4600 fuerit
3701 4549 3860 4598 cum

1040 4660 1261 4731 tribus
1298 4657 1745 4755 synodalibus
1777 4655 2174 4728 hominibus
2221 4653 2432 4728 fidem
2466 4678 2607 4728 non
2642 4678 2984 4748 servasse,
3044 4655 3369 4727 continuo
3398 4651 3862 4749 proscribatur

1037 4806 1170 4857 666
1198 4808 1238 4856 6
1268 4781 1768 4881 proscriptione
1803 4779 2049 4878 poterit
2081 4780 2345 4853 absolvi
2390 4780 2522 4853 nisi
2575 4777 2942 4878 dupliciter
2986 4780 3330 4876 persolvat
3378 4776 3571 4871 quod
3607 4775 3860 4871 promi·
