4500 5956
991 585 1115 649 862
1988 587 2416 649 tammum
2464 587 2811 649 summm
3435 590 3595 668 [Anu.
3633 590 3805 653 1236.

1100 724 1343 793 Datum
1379 719 1569 817 apud
1608 721 1947 794 Franszen
1997 720 2126 816 (l),
2168 742 2352 795 anno
2402 720 2748 796 dominice
2792 721 3282 796 incarnationis
3326 722 3806 816 MCCXXXVI,

1001 866 1237 920 mense
1277 845 1479 937 maio,
1517 866 1697 919 nona
1735 843 2133 919 indictione.

622 1443 925 1554 wiffam,
1108 1429 1533 1513 Fridericus
1548 1491 1571 1536 ,
1612 1428 2131 1512 Romanorum
2176 1428 2613 1536 imperator,
2655 1453 2797 1537 pro
2833 1428 3071 1539 gratis
3106 1438 3181 1512 et
3214 1429 3504 1512 devotis
3537 1427 3813 1512 civium

711 1554 846 1598 ”⁸¹⁰⁶
1003 1560 1689 1646 Wormaciensium
1728 1558 2086 1665 servitiis,
2125 1559 2608 1670 privilegium
2650 1561 2937 1643 eisdem
2982 1587 3029 1643 a
3074 1586 3156 1644 se
3208 1572 3545 1670 tempore
3598 1559 3814 1668 regni
3877 1585 3882 1588 ·

1005 1694 1123 1778 sui
1158 1694 1543 1778 indultum
1586 1691 1849 1775 inserit
1882 1701 1958 1775 et
1988 1693 2426 1776 renovando
2459 1692 2886 1776 confirmat.

1165 1906 1437 1987 (Edlder.
1469 1906 1732 1978 Momz,
1751 1902 2143 1987 abhandlunq
2166 1922 2280 1967 von
2309 1904 2554 1982 Woms,
2581 1907 2864 1984 append„
2892 1915 2960 1967 ιι·
2983 1906 3148 1982 XIV,
3179 1924 3242 1985 p.
3270 1915 3496 1970 169.—
3512 1907 3817 1968 mussa.-

1242 2029 1451 2086 nnn,
1481 2009 1916 2093 Diplomatiscla.
1942 2011 2184 2074 Baucis:
2207 2009 2307 2073 des
2329 2010 2497 2074 hans.
2527 2010 2882 2086 Holoenloloe,
2911 2018 3058 2075 tom.
3087 2013 3169 2087 11,
3199 2029 3261 2090 p.
3297 2021 3440 2092 278,
3466 2012 3530 2072 n·
3558 2009 3814 2090 CCXII.)

1106 2205 1182 2276 ln
1213 2203 1491 2276 nomine
1534 2211 1769 2275 sancte
1808 2211 1879 2274 et
1914 2199 2284 2275 individue
2311 2202 2681 2276 Trinitatis,
2718 2201 3106 2276 Fridericus
3140 2200 3530 2291 secundus,
3576 2200 3819 2275 divina

1007 2330 1282 2402 favente
1310 2327 1672 2400 clementia
1701 2327 2162 2398 Romanorum
2211 2328 2581 2421 imperator
2621 2348 2892 2422 semper
2931 2335 3306 2422 augustus,
3342 2326 3715 2399 Jerusalem
3752 2335 3821 2397 et

1009 2452 1238 2524 Sicilie
1284 2472 1436 2522 rex.
1487 2450 1861 2545 Imperialis
1902 2449 2265 2522 clementia
2315 2471 2554 2522 eorum
2594 2451 2777 2543 juste
2814 2451 3084 2524 devotis
3127 2450 3569 2545 petitionibus
3620 2471 3820 2523 aures

1005 2599 1131 2649 sue
1162 2576 1437 2670 pietatis
1463 2573 1933 2647 accommodat
1959 2595 2259 2669 quorum
2291 2574 2624 2669 obsequia
2673 2576 2884 2666 digne
2919 2576 3196 2670 prestita
3242 2583 3430 2647 tanto
3475 2574 3823 2646 liberalius

1009 2699 1394 2774 desiderata
1445 2707 1791 2771 merentur
1854 2698 2191 2794 accipere,
2245 2708 2505 2793 quanto
2553 2699 2701 2793 ipsa
2748 2699 3029 2772 servitia
3083 2700 3403 2791 majestas
3450 2697 3824 2792 imperialis

1009 2824 1306 2919 gratiora
1352 2844 1428 2896 se
1461 2823 1694 2895 recolit
1741 2823 2104 2918 recepisse.
2149 2823 2340 2893 Tunc
2376 2823 2560 2894 enim
2595 2822 2902 2915 jocunda
2947 2822 3382 2895 subditorum
3428 2820 3708 2894 devotio
3750 2821 3824 2891 in

1009 2947 1205 3021 solita
1245 2947 1540 3042 persistit
1597 2956 1667 3020 et
1713 2947 1806 3020 ad
1854 2945 2298 3020 serviendum
2345 2946 2635 3042 imperio
2698 2946 3076 3020 ferventius
3121 2945 3487 3020 animatur.
3526 2945 3670 3018 Hac
3714 2943 3826 3017 si-

1010 3072 1293 3167 quidem
1349 3073 1609 3144 ratione
1654 3072 1879 3162 ducti,
1923 3082 2158 3144 notum
2200 3092 2355 3143 esse
2400 3073 2722 3144 volumus
2769 3081 2907 3143 tam
2964 3071 3400 3165 presentibus
3449 3092 3662 3164 quam
3715 3072 3826 3141 fu·

1016 3196 1188 3268 turis
1239 3194 1431 3289 quod
1473 3195 1820 3266 constituti
1852 3217 2081 3267 coram
2129 3196 2335 3268 nobis
2378 3195 2568 3268 cives
2622 3195 3161 3269 wormatienses
3208 3194 3443 3267 devoti
3480 3202 3549 3266 et
3591 3191 3827 3265 fideles

1014 3317 1229 3390 nostri
1265 3318 1736 3390 exhibuerunt
1789 3317 2179 3391 celsitudini
2215 3329 2446 3390 nostre
2495 3319 2854 3412 quoddam
2901 3319 3339 3415 privilegium
3393 3319 3560 3413 ipsis
3597 3339 3642 3391 a
3681 3339 3826 3391 ma·

1004 3444 1250 3536 jestate
1302 3451 1532 3514 nostra
1577 3442 2030 3514 contraditum
2077 3452 2383 3536 tempore
2433 3444 2629 3536 regni
2687 3443 2934 3530 nostri,
2994 3443 3459 3538 supplicantes
3500 3440 3676 3515 illud
3720 3445 3827 3513 in-

1016 3565 1254 3639 novari
1301 3566 1556 3661 pariter
1609 3574 1680 3636 et
1728 3564 1816 3638 de
1865 3565 2295 3660 plenitudine
2343 3575 2571 3639 nostre
2625 3568 2848 3659 gratie
2903 3566 3327 3658 confirmari;
3381 3567 3583 3660 cujus
3635 3576 3830 3641 tenor

1014 3690 1169 3762 talis
1203 3698 1349 3763 erat
1379 3716 1397 3759 ε

1115 3811 1473 3911 [Sequitur
1503 3811 1595 3885 de
1635 3812 1851 3886 verbo
1893 3813 1983 3885 ad
2023 3814 2316 3886 verbum
2360 3815 2797 3909 privilegium
2846 3815 3082 3888 datum
3121 3815 3308 3910 apud
3346 3814 3822 3904 Frankenfort,

1017 3959 1201 4012 anno
1229 3938 1558 4027 MCCXX‚
1601 3936 1723 4009 XII
1753 3936 2073 4011 calendas
2108 3939 2301 4043 maii,
2345 3938 2581 4011 indict.
2624 3949 2902 4031 octava3
2933 3938 3125 4034 quod
3161 3960 3371 4035 supra
3408 3937 3823 4027 videndum,

1014 4071 1065 4133 t.
1105 4063 1158 4150 Ι,
1199 4085 1273 4156 p.
1312 4058 1514 4157 9254

1112 4185 1250 4255 Nos
1308 4184 1542 4276 itaque
1595 4183 2025 4258 attendentes
2077 4185 2443 4279 puritatem
2512 4185 2675 4261 fidei
2731 4208 2814 4259 ac
2862 4186 3246 4260 devotionis
3297 4205 3440 4279 qua
3495 4188 3829 4282 prenotati

1019 4306 1208 4378 cives
1258 4307 1787 4381 Wormatienses
1837 4309 2393 4404 progenitoribus
2439 4310 2688 4384 nostris
2734 4311 2919 4383 divis
2962 4310 3274 4401 augustis
3329 4320 3713 4383 constanter
3764 4320 3832 4382 et

1130 4500 1203 4507 -0
1218 4500 1443 4509 -—-·—-·-‚00-
1456 4501 1653 4509 --———-—
1664 4503 1923 4510 4—-m———

2679 4506 2772 4513 -.ο
2787 4505 3022 4514 a—-w—

1092 4608 1163 4681 (t)
1203 4609 1294 4665 Sic
1316 4624 1404 4683 ap.
1435 4610 1606 4683 Hugo,
1629 4625 1697 4667 ex
1720 4612 1874 4686 copia
1896 4613 2258 4671 verisimiliter
2283 4615 2558 4687 mendosa,
2582 4630 2706 4671 cum
2728 4614 2890 4672 luerit
2913 4615 2968 4672 in
2995 4615 3300 4672 authentico
3332 4613 3726 4691 Franckenford
3749 4614 3833 4671 vel

1021 4706 1346 4779 hujusmodi.
1384 4708 1556 4766 Locus
1579 4709 1720 4765 enim
1743 4709 1944 4784 optime
1967 4710 2236 4769 itinerario
2258 4728 2320 4771 se
2346 4712 2729 4771 accommodat.
