4500 5956
626 590 826 649 iamet.
858 583 944 668 6.]
1541 581 1943 644 HISTORIA
1992 579 2583 641 DIPLOMATICA.
3354 582 3475 645 599

626 719 1037 795 mandatum
1083 725 1429 813 angeatur
1477 724 1549 790 et
1580 737 1710 789 nos
1741 738 1955 814 super
1988 716 2128 789 hiis
2172 716 2523 811 possimus
2559 722 2747 788 tuam
2796 714 3225 807 diligentiam
3271 738 3471 791 com-

631 840 993 921 mendare.

723 973 981 1044 Datum
1013 964 1208 1064 apud
1233 962 1667 1040 Geilinhusin
1683 1016 1707 1057 ,
1744 964 1836 1038 111
1870 965 2037 1039 idus
2052 963 2354 1059 januarii
2371 1017 2391 1054 ‚
2429 962 2806 1037 indictione
2836 963 2973 1036 V1·.

739 1555 1113 1638 Henricus
1126 1614 1152 1661 ,
1198 1551 1725 1637 Romanorum
1769 1579 1903 1636 rex
1928 1612 1954 1659 ,
1997 1550 2365 1635 fratribus
2418 1551 2698 1651 domus
2750 1552 3337 1638 Teutonieorum
3388 1557 3470 1638 in

638 1685 1089 1797 Nurenberg
1123 1685 1536 1769 emtionem
1571 1684 2061 1795 praediorum
2097 1684 2179 1767 in
2216 1684 2674 1794 Kapfesdorf
2701 1695 2777 1768 et
2810 1685 3056 1769 Urach
3079 1746 3105 1793 ,
3164 1713 3224 1801 a¹
3247 1713 3471 1772 socru

643 1818 1021 1903 Craftonis
1067 1819 1166 1901 de
1211 1816 1404 1919 Lare
1456 1817 1571 1900 illi
1615 1817 2100 1902 venditorum
2116 1880 2141 1925 ‚
2194 1817 2278 1900 in
2331 1818 2757 1927 praesentia
2806 1845 2947 1903 sua
3008 1818 3291 1903 factam
3306 1883 3331 1928 ‚
3381 1848 3473 1906 ex

640 1952 1107 2061 plenitudine
1140 1951 1376 2037 totius
1398 1949 1708 2036 consilii
1745 1950 1864 2034 sui
1899 1949 2331 2035 confirmat.

798 2179 995 2262 (Edit.
1023 2182 1087 2242 in
1115 2179 1374 2242 Momm-
1404 2176 1561 2240 Boio.
1582 2220 1605 2257 ,
1639 2186 1789 2242 tom.
1818 2180 2014 2251 XXX,
2043 2196 2184 2258 pars
2208 2181 2284 2259 1⁸,
2316 2196 2378 2257 p.
2409 2186 2549 2251 ²06,
2579 2178 2647 2240 n·
2677 2187 2826 2254 716,
2854 2196 2931 2240 ex
2956 2180 3267 2258 originali,
3312 2182 3474 2244 unde

874 2286 1134 2365 sigillum
1160 2285 1284 2348 fere
1307 2288 1603 2367 integrum
1628 2290 1692 2349 et
1719 2284 1871 2348 bene
1895 2301 2239 2365 expressum
2268 2285 2563 2365 appendet
2595 2302 2672 2346 ex
2694 2284 2814 2347 filis
2846 2287 3049 2347 aerleis
3086 2286 3253 2348 rubri
3281 2293 3341 2349 et
3378 2291 3475 2350 vi-

879 2392 1028 2452 ridis
1054 2389 1320 2472 coloris.)

735 2590 1101 2664 Heinricus
1118 2590 1481 2686 septimae,
1516 2566 1771 2665 divina·
1790 2590 2066 2663 favente
2093 2588 2452 2663 clementia
2468 2591 2932 2664 Romanorum
2962 2611 3087 2663 rex
3108 2599 3178 2664 et
3204 2604 3477 2690 semper

650 2724 1018 2808 augustus,
1069 2713 1415 2787 universis
1464 2713 1536 2785 in
1590 2724 2028 2811 perpetuum.
2070 2714 2344 2799 Quanto
2389 2714 2628 2786 fratres
2665 2714 2915 2786 domus
2947 2716 3475 2789 Teutonicorum

649 2837 931 2912 devotos
963 2848 1234 2913 nostros
1268 2839 1340 2910 in
1382 2838 1690 2935 ipsorum
1736 2838 2214 2935 empcionibus
2248 2837 2660 2929 solidamuS‚
2722 2847 2909 2911 tanto
2944 2840 3373 2935 propensiori
3409 2852 3478 2914 et

652 2961 947 3036 uberiori
978 2962 1212 3038 studio
1235 2963 1421 3060 ipsos
1461 2961 1554 3037 ad
1582 2972 1891 3036 nostrum
1923 2973 1991 3035 et
2025 2961 2300 3059 imperii
2338 2961 2750 3058 obsequium
2778 2962 3179 3036 invitamus.
3224 2964 3480 3038 Memi-

644 3088 871 3160 nerint
902 3087 1113 3182 igitur
1160 3097 1513 3183 presentes
1559 3094 1632 3159 et
1689 3086 1902 3159 futuri
1947 3085 2141 3181 quod
2176 3107 2416 3159 socrus
2447 3085 2781 3159 Crastonis
2820 3085 2909 3159 de
2950 3087 3124 3159 Lare
3159 3087 3479 3161 vendidit

646 3232 807 3283 cum
857 3211 1047 3285 omni
1091 3213 1248 3304 jure
1290 3210 1622 3285 fratribus
1660 3209 1911 3284 domus
1961 3209 2493 3284 Teutonicorum
2536 3210 2609 3283 in
2659 3210 3104 3284 Nuorenberc
3159 3211 3300 3285 duo
3352 3236 3480 3288 sua

636 3333 920 3429 predia,
963 3357 1182 3407 unum
1221 3334 1429 3407 sitnm
1467 3334 1538 3405 in
1568 3333 1989 3430 Kapsesdors
2016 3345 2085 3407 et
2116 3335 2411 3407 alterum
2444 3334 2653 3406 situm
2685 3335 2757 3405 in
2789 3335 3053 3426 Urach,
3096 3346 3167 3408 et
3202 3336 3481 3432 nosipsi

632 3457 1043 3530 vendicioni
1088 3465 1157 3530 et
1186 3456 1517 3553 emptioni
1556 3455 2007 3528 adhibuimus
2049 3466 2119 3528 et
2159 3456 2571 3531 adhibemus
2609 3457 2889 3553 plenum
2924 3478 3282 3532 assensum
3316 3483 3478 3533 nos-

630 3590 860 3675 trum,
898 3604 1056 3654 cum
1085 3582 1159 3652 in
1187 3581 1532 3677 presentia
1560 3588 1789 3654 nostra
1810 3581 1988 3653 facta
2024 3580 2257 3670 fuerit,
2293 3591 2363 3654 et
2394 3604 2513 3676 per
2542 3604 2789 3654 manus
2817 3592 3082 3655 nostras
3113 3593 3183 3655 et
3202 3606 3294 3657 ex
3327 3587 3480 3681 ple·-

624 3706 964 3780 nitudine
988 3706 1213 3779 tocius
1240 3704 1454 3777 nostri
1483 3702 1747 3777 consilii
1777 3705 1998 3800 ipsam
2018 3707 2434 3800 emptionem
2450 3706 2676 3778 eidem
2697 3704 2935 3778 domui
2964 3705 3477 3800 confirmamus,

618 3831 829 3903 utin
857 3840 1270 3927 perpetuum
1306 3829 1452 3924 ipsa
1491 3830 1677 3902 bona
1713 3829 2065 3924 possideat
2092 3853 2249 3901 cum
2283 3830 2604 3902 omnibus
2639 3827 3073 3924 adpendiciis
3099 3831 3245 3902 suis
3277 3832 3483 3927 pleno

604 3950 827 4040 jure.
865 3954 978 4028 Ad
1029 3955 1525 4029 removendam
1575 3951 1791 4044 igitur
1826 3975 2102 4026 omnem
2145 3952 2668 4046 ambiguitatem
2710 3973 2850 4045 que
2899 3952 3194 4025 suboriri
3240 3957 3485 4048 poterit

627 4088 928 4174 propter
958 4085 1345 4172 temporum
1377 4077 1749 4150 decursum
1804 4086 1874 4149 et
1906 4076 2179 4149 labilem
2228 4075 2586 4149 hominum
2621 4075 3054 4165 memoriam,
3100 4088 3483 4172 presentem

623 4195 945 4275 litteram
973 4211 1347 4275 memorate
1373 4201 1614 4275 domui
1641 4201 2061 4273 indulsimus
2084 4199 2292 4292 sigilli
2317 4199 2527 4272 nostri
2551 4199 2932 4272 munimine
2960 4206 3480 4277 communitam.

746 4327 983 4399 Testes
1014 4325 1292 4398 sunthii
1320 4353 1337 4396 ε
1365 4327 1573 4398 frater
1603 4324 1965 4398 Cunradus
2005 4324 2095 4397 de
2129 4323 2553 4407 Michelvelt,
2594 4321 2976 4394 Ruodolfus
3008 4323 3213 4397 frater
3246 4326 3490 4424 hospi-

635 4449 808 4522 talis
850 4449 1083 4521 Sancti
1130 4449 1495 4541 Iohannis,
1557 4447 1979 4521 Ludewicus
2041 4446 2132 4521 de
2182 4446 2577 4537 offenheim
2637 4448 2994 4543 Lupoldus
3031 4452 3361 4522 scultetus
3413 4452 3489 4523 in

642 4566 1087 4665 Rotenburc,
1145 4573 1417 4647 Schade
1456 4572 1547 4648 de
1576 4575 1782 4664 Lare,
1819 4572 2059 4648 Krasto
2087 4569 2177 4644 de
2200 4572 2405 4662 Lare,
2434 4570 2666 4645 Alwic
2689 4572 3047 4662 scultetus,
3078 4573 3495 4648 Eberwinus

662 4691 733 4767 in
766 4697 1194 4790 Rotenburc,
1250 4695 1621 4772 Cunradus
1653 4694 2096 4790 buttiglarius
2133 4694 2207 4766 in
2238 4694 2713 4788 Nuorenberc,
2769 4695 3135 4770 Cunradus
3169 4697 3494 4790 Bigenot,

3639 1568 3767 1625 Apud
