<?xml version="1.0" encoding="UTF-8"?>
<!DOCTYPE html PUBLIC "-//W3C//DTD XHTML 1.0 Transitional//EN"
    "http://www.w3.org/TR/xhtml1/DTD/xhtml1-transitional.dtd">
<html xmlns="http://www.w3.org/1999/xhtml" xml:lang="en" lang="en">
 <head>
  <title>
</title>
<meta http-equiv="Content-Type" content="text/html;charset=utf-8" />
  <meta name='ocr-system' content='tesseract 3.04.00' />
  <meta name='ocr-capabilities' content='ocr_page ocr_carea ocr_par ocr_line ocrx_word'/>
</head>
<body>
  <div class='ocr_page' id='page_1' title='image "./historiadiploma00empegoog_0027.png"; bbox 0 0 4500 5956; ppageno 0'>
   <div class='ocr_carea' id='block_1_1' title="bbox 623 600 3450 683">
    <p class='ocr_par' dir='ltr' id='par_1_1' title="bbox 623 600 3450 683">
     <span class='ocr_line' id='line_1_1' title="bbox 623 600 3450 683; baseline -0.001 -16"><span class='ocrx_word' id='word_1_1' title='bbox 623 606 818 667; x_wconf 76' lang='lat' dir='ltr'><strong>lxmcr.</strong></span> <span class='ocrx_word' id='word_1_2' title='bbox 849 605 938 683; x_wconf 84' lang='grc'><strong>5.]</strong></span> <span class='ocrx_word' id='word_1_3' title='bbox 1519 602 1913 665; x_wconf 79' lang='lat' dir='ltr'>HISTORIA</span> <span class='ocrx_word' id='word_1_4' title='bbox 1960 600 2544 664; x_wconf 76' lang='lat' dir='ltr'>DIPLOMATICA.</span> <span class='ocrx_word' id='word_1_5' title='bbox 3324 602 3450 664; x_wconf 81' lang='lat'><strong>569</strong></span> 
     </span>
    </p>
   </div>
   <div class='ocr_carea' id='block_1_2' title="bbox 622 732 3448 1696">
    <p class='ocr_par' dir='ltr' id='par_1_2' title="bbox 622 732 3448 1449">
     <span class='ocr_line' id='line_1_2' title="bbox 623 732 3448 831; baseline -0.002 -18"><span class='ocrx_word' id='word_1_6' title='bbox 623 738 1128 813; x_wconf 83' lang='lat' dir='ltr'><strong>ordinationem</strong></span> <span class='ocrx_word' id='word_1_7' title='bbox 1162 745 1233 810; x_wconf 90' lang='lat' dir='ltr'><strong>et</strong></span> <span class='ocrx_word' id='word_1_8' title='bbox 1266 735 1679 809; x_wconf 88' lang='lat' dir='ltr'><strong>divisionem</strong></span> <span class='ocrx_word' id='word_1_9' title='bbox 1709 738 2051 811; x_wconf 91' lang='lat' dir='ltr'><strong>bonorum</strong></span> <span class='ocrx_word' id='word_1_10' title='bbox 2094 736 2383 809; x_wconf 90' lang='lat' dir='ltr'><strong>ecclesie</strong></span> <span class='ocrx_word' id='word_1_11' title='bbox 2416 735 2749 831; x_wconf 91' lang='lat' dir='ltr'><strong>prelibate</strong></span> <span class='ocrx_word' id='word_1_12' title='bbox 2791 732 3165 828; x_wconf 81' lang='lat' dir='ltr'><strong>infringere</strong></span> <span class='ocrx_word' id='word_1_13' title='bbox 3194 733 3448 809; x_wconf 87' lang='lat' dir='ltr'><strong>audeat</strong></span> 
     </span>
     <span class='ocr_line' id='line_1_3' title="bbox 625 856 3442 956; baseline -0.002 -22"><span class='ocrx_word' id='word_1_14' title='bbox 625 871 743 934; x_wconf 90' lang='lat' dir='ltr'><strong>aut</strong></span> <span class='ocrx_word' id='word_1_15' title='bbox 761 862 1178 955; x_wconf 88' lang='lat' dir='ltr'><strong>cujusquam</strong></span> <span class='ocrx_word' id='word_1_16' title='bbox 1206 859 1467 953; x_wconf 90' lang='lat' dir='ltr'><strong>ingenii</strong></span> <span class='ocrx_word' id='word_1_17' title='bbox 1488 860 1816 954; x_wconf 90' lang='lat' dir='ltr'><strong>scrupulo</strong></span> <span class='ocrx_word' id='word_1_18' title='bbox 1844 868 2261 956; x_wconf 82' lang='lat' dir='ltr'><strong>permutare.</strong></span> <span class='ocrx_word' id='word_1_19' title='bbox 2285 858 2488 943; x_wconf 88' lang='lat' dir='ltr'><strong>Quod</strong></span> <span class='ocrx_word' id='word_1_20' title='bbox 2508 858 2631 953; x_wconf 92' lang='lat' dir='ltr'><strong>qui</strong></span> <span class='ocrx_word' id='word_1_21' title='bbox 2667 858 2891 931; x_wconf 82' lang='lat' dir='ltr'><strong>facere</strong></span> <span class='ocrx_word' id='word_1_22' title='bbox 2913 856 3442 952; x_wconf 83' lang='lat' dir='ltr'><strong>presumpserit,</strong></span> 
     </span>
     <span class='ocr_line' id='line_1_4' title="bbox 625 980 3447 1078; baseline -0.002 -21"><span class='ocrx_word' id='word_1_23' title='bbox 625 984 1175 1078; x_wconf 76' lang='lat' dir='ltr'><strong>indignationem</strong></span> <span class='ocrx_word' id='word_1_24' title='bbox 1206 982 1334 1055; x_wconf 91' lang='lat' dir='ltr'><strong>Dei</strong></span> <span class='ocrx_word' id='word_1_25' title='bbox 1380 983 1866 1077; x_wconf 88' lang='lat' dir='ltr'><strong>omnipotentis</strong></span> <span class='ocrx_word' id='word_1_26' title='bbox 1915 991 2287 1075; x_wconf 76' lang='lat' dir='ltr'><strong>nostreque</strong></span> <span class='ocrx_word' id='word_1_27' title='bbox 2335 980 2760 1054; x_wconf 82' lang='lat' dir='ltr'><strong>celsitudinis</strong></span> <span class='ocrx_word' id='word_1_28' title='bbox 2804 980 3283 1075; x_wconf 86' lang='lat' dir='ltr'><strong>gravissimam</strong></span> <span class='ocrx_word' id='word_1_29' title='bbox 3326 981 3447 1053; x_wconf 85' lang='lat' dir='ltr'><strong>of-</strong></span> 
     </span>
     <span class='ocr_line' id='line_1_5' title="bbox 624 1103 3444 1199; baseline -0.001 -20"><span class='ocrx_word' id='word_1_30' title='bbox 624 1109 887 1182; x_wconf 86' lang='lat' dir='ltr'><strong>fensam</strong></span> <span class='ocrx_word' id='word_1_31' title='bbox 922 1129 1002 1181; x_wconf 89' lang='lat' dir='ltr'><strong>se</strong></span> <span class='ocrx_word' id='word_1_32' title='bbox 1032 1104 1305 1180; x_wconf 84' lang='lat' dir='ltr'><strong>noverit</strong></span> <span class='ocrx_word' id='word_1_33' title='bbox 1338 1106 1805 1177; x_wconf 91' lang='lat' dir='ltr'><strong>incursurum.</strong></span> <span class='ocrx_word' id='word_1_34' title='bbox 1847 1105 1961 1179; x_wconf 90' lang='lat' dir='ltr'><strong>Ad</strong></span> <span class='ocrx_word' id='word_1_35' title='bbox 1992 1106 2202 1196; x_wconf 88' lang='lat' dir='ltr'><strong>hujus</strong></span> <span class='ocrx_word' id='word_1_36' title='bbox 2225 1104 2460 1199; x_wconf 90' lang='lat' dir='ltr'><strong>itaque</strong></span> <span class='ocrx_word' id='word_1_37' title='bbox 2487 1104 2648 1176; x_wconf 85' lang='lat' dir='ltr'><strong>facti</strong></span> <span class='ocrx_word' id='word_1_38' title='bbox 2669 1103 2882 1176; x_wconf 90' lang='lat' dir='ltr'><strong>nostri</strong></span> <span class='ocrx_word' id='word_1_39' title='bbox 2904 1124 3272 1199; x_wconf 91' lang='lat' dir='ltr'><strong>perennem</strong></span> <span class='ocrx_word' id='word_1_40' title='bbox 3297 1122 3444 1175; x_wconf 89' lang='lat' dir='ltr'><strong>me·</strong></span> 
     </span>
     <span class='ocr_line' id='line_1_6' title="bbox 622 1226 3446 1324; baseline -0.002 -20"><span class='ocrx_word' id='word_1_41' title='bbox 622 1232 912 1305; x_wconf 87' lang='lat' dir='ltr'><strong>moriam</strong></span> <span class='ocrx_word' id='word_1_42' title='bbox 950 1240 1020 1306; x_wconf 92' lang='lat' dir='ltr'><strong>et</strong></span> <span class='ocrx_word' id='word_1_43' title='bbox 1065 1231 1381 1304; x_wconf 89' lang='lat' dir='ltr'><strong>stabilem</strong></span> <span class='ocrx_word' id='word_1_44' title='bbox 1416 1228 1806 1302; x_wconf 86' lang='lat' dir='ltr'><strong>firmitatem</strong></span> <span class='ocrx_word' id='word_1_45' title='bbox 1832 1284 1850 1317; x_wconf 91' lang='lat'>,</span> <span class='ocrx_word' id='word_1_46' title='bbox 1909 1249 2190 1324; x_wconf 89' lang='lat' dir='ltr'><strong>presens</strong></span> <span class='ocrx_word' id='word_1_47' title='bbox 2230 1226 2490 1300; x_wconf 83' lang='lat' dir='ltr'><strong>exinde</strong></span> <span class='ocrx_word' id='word_1_48' title='bbox 2522 1226 2857 1300; x_wconf 82' lang='lat' dir='ltr'><strong>conscribi</strong></span> <span class='ocrx_word' id='word_1_49' title='bbox 2893 1226 3336 1322; x_wconf 85' lang='lat' dir='ltr'><strong>privilegium</strong></span> <span class='ocrx_word' id='word_1_50' title='bbox 3376 1234 3446 1298; x_wconf 92' lang='lat' dir='ltr'><strong>et</strong></span> 
     </span>
     <span class='ocr_line' id='line_1_7' title="bbox 623 1352 1840 1449; baseline -0.003 -22"><span class='ocrx_word' id='word_1_51' title='bbox 623 1354 845 1449; x_wconf 90' lang='lat' dir='ltr'><strong>sigillo</strong></span> <span class='ocrx_word' id='word_1_52' title='bbox 880 1365 1120 1427; x_wconf 92' lang='lat' dir='ltr'><strong>nostro</strong></span> <span class='ocrx_word' id='word_1_53' title='bbox 1144 1352 1480 1445; x_wconf 89' lang='lat' dir='ltr'><strong>jussimus</strong></span> <span class='ocrx_word' id='word_1_54' title='bbox 1501 1352 1840 1446; x_wconf 89' lang='lat' dir='ltr'><strong>insigniri.</strong></span> 
     </span>
    </p>

    <p class='ocr_par' dir='ltr' id='par_1_3' title="bbox 625 1471 3438 1696">
     <span class='ocr_line' id='line_1_8' title="bbox 678 1471 3438 1574; baseline -0.002 -24"><span class='ocrx_word' id='word_1_55' title='bbox 678 1476 968 1552; x_wconf 57' lang='lat' dir='ltr'><strong>»Actum</strong></span> <span class='ocrx_word' id='word_1_56' title='bbox 1014 1476 1205 1574; x_wconf 90' lang='lat' dir='ltr'><strong>apud</strong></span> <span class='ocrx_word' id='word_1_57' title='bbox 1259 1476 1643 1570; x_wconf 86' lang='lat' dir='ltr'><strong>Angustam</strong></span> <span class='ocrx_word' id='word_1_58' title='bbox 1669 1528 1690 1567; x_wconf 89' lang='lat'><strong>,</strong></span> <span class='ocrx_word' id='word_1_59' title='bbox 1744 1495 1930 1548; x_wconf 91' lang='lat' dir='ltr'><strong>anno</strong></span> <span class='ocrx_word' id='word_1_60' title='bbox 1994 1473 2340 1548; x_wconf 92' lang='lat' dir='ltr'><strong>dominice</strong></span> <span class='ocrx_word' id='word_1_61' title='bbox 2406 1472 2895 1545; x_wconf 87' lang='lat' dir='ltr'><strong>incarnationis</strong></span> <span class='ocrx_word' id='word_1_62' title='bbox 2957 1471 3396 1545; x_wconf 86' lang='lat' dir='ltr'>MCCXXXII</span> <span class='ocrx_word' id='word_1_63' title='bbox 3415 1525 3438 1565; x_wconf 89' lang='lat'><strong>,</strong></span> 
     </span>
     <span class='ocr_line' id='line_1_9' title="bbox 625 1598 1872 1696; baseline -0.004 -22"><span class='ocrx_word' id='word_1_64' title='bbox 625 1602 747 1676; x_wconf 88' lang='lat' dir='ltr'><strong>XV</strong></span> <span class='ocrx_word' id='word_1_65' title='bbox 776 1600 1110 1675; x_wconf 87' lang='lat' dir='ltr'><strong>kalendas</strong></span> <span class='ocrx_word' id='word_1_66' title='bbox 1127 1600 1308 1696; x_wconf 87' lang='lat' dir='ltr'><strong>junii</strong></span> <span class='ocrx_word' id='word_1_67' title='bbox 1325 1654 1348 1688; x_wconf 83' lang='lat'>,</span> <span class='ocrx_word' id='word_1_68' title='bbox 1385 1598 1761 1673; x_wconf 88' lang='lat' dir='ltr'><strong>indictione</strong></span> <span class='ocrx_word' id='word_1_69' title='bbox 1786 1598 1872 1670; x_wconf 87' lang='lat' dir='ltr'><strong>V.</strong></span> 
     </span>
    </p>
   </div>
   <div class='ocr_carea' id='block_1_3' title="bbox 633 2150 3455 2794">
    <p class='ocr_par' dir='ltr' id='par_1_4' title="bbox 633 2150 3455 2794">
     <span class='ocr_line' id='line_1_10' title="bbox 732 2150 3448 2264; baseline -0.002 -22"><span class='ocrx_word' id='word_1_70' title='bbox 732 2156 1144 2264; x_wconf 80' lang='lat' dir='ltr'><strong>HenricuS,</strong></span> <span class='ocrx_word' id='word_1_71' title='bbox 1186 2156 1706 2239; x_wconf 90' lang='lat' dir='ltr'><strong>Romanorum</strong></span> <span class='ocrx_word' id='word_1_72' title='bbox 1741 2180 1904 2262; x_wconf 84' lang='lat' dir='ltr'><strong>rex,</strong></span> <span class='ocrx_word' id='word_1_73' title='bbox 1962 2150 2220 2235; x_wconf 86' lang='lat' dir='ltr'><strong>abbati</strong></span> <span class='ocrx_word' id='word_1_74' title='bbox 2258 2162 2333 2236; x_wconf 90' lang='lat' dir='ltr'><strong>et</strong></span> <span class='ocrx_word' id='word_1_75' title='bbox 2366 2151 2764 2236; x_wconf 82' lang='lat' dir='ltr'><strong>conventui</strong></span> <span class='ocrx_word' id='word_1_76' title='bbox 2827 2151 3146 2235; x_wconf 83' lang='lat' dir='ltr'><strong>Sanctae</strong></span> <span class='ocrx_word' id='word_1_77' title='bbox 3185 2153 3448 2236; x_wconf 88' lang='lat' dir='ltr'><strong>Crucis</strong></span> 
     </span>
     <span class='ocr_line' id='line_1_11' title="bbox 634 2282 3450 2399; baseline 0 -29"><span class='ocrx_word' id='word_1_78' title='bbox 634 2290 835 2399; x_wconf 92' lang='lat' dir='ltr'><strong>apud</strong></span> <span class='ocrx_word' id='word_1_79' title='bbox 887 2288 1401 2373; x_wconf 87' lang='lat' dir='ltr'><strong>Donauwerth</strong></span> <span class='ocrx_word' id='word_1_80' title='bbox 1444 2286 1789 2369; x_wconf 87' lang='lat' dir='ltr'><strong>concedit</strong></span> <span class='ocrx_word' id='word_1_81' title='bbox 1831 2296 1920 2367; x_wconf 87' lang='lat' dir='ltr'><strong>ut</strong></span> <span class='ocrx_word' id='word_1_82' title='bbox 1975 2285 2322 2368; x_wconf 85' lang='lat' dir='ltr'><strong>minister</strong></span> <span class='ocrx_word' id='word_1_83' title='bbox 2382 2284 2529 2368; x_wconf 88' lang='lat' dir='ltr'><strong>loci</strong></span> <span class='ocrx_word' id='word_1_84' title='bbox 2580 2282 2922 2393; x_wconf 86' lang='lat' dir='ltr'><strong>ejusdem</strong></span> <span class='ocrx_word' id='word_1_85' title='bbox 2968 2284 3143 2393; x_wconf 84' lang='lat' dir='ltr'><strong>jure</strong></span> <span class='ocrx_word' id='word_1_86' title='bbox 3195 2285 3450 2370; x_wconf 85' lang='lat' dir='ltr'><strong>debito</strong></span> 
     </span>
     <span class='ocr_line' id='line_1_12' title="bbox 636 2416 3453 2532; baseline -0.002 -27"><span class='ocrx_word' id='word_1_87' title='bbox 636 2422 842 2532; x_wconf 89' lang='lat' dir='ltr'><strong>quod</strong></span> <span class='ocrx_word' id='word_1_88' title='bbox 902 2421 1179 2505; x_wconf 89' lang='lat' dir='ltr'><strong>dicitur</strong></span> <span class='ocrx_word' id='word_1_89' title='bbox 1237 2426 1680 2529; x_wconf 79' lang='lat' dir='ltr'><strong>Voqetmuete</strong></span> <span class='ocrx_word' id='word_1_90' title='bbox 1725 2416 2012 2517; x_wconf 59' lang='lat' dir='ltr'><strong>‚debeat</strong></span> <span class='ocrx_word' id='word_1_91' title='bbox 2071 2443 2236 2500; x_wconf 90' lang='lat' dir='ltr'><strong>esse</strong></span> <span class='ocrx_word' id='word_1_92' title='bbox 2297 2426 2696 2500; x_wconf 87' lang='lat' dir='ltr'><strong>contentus</strong></span> <span class='ocrx_word' id='word_1_93' title='bbox 2756 2427 2831 2498; x_wconf 89' lang='lat' dir='ltr'><strong>et</strong></span> <span class='ocrx_word' id='word_1_94' title='bbox 2891 2443 3453 2527; x_wconf 90' lang='lat' dir='ltr'><strong>quemcumque</strong></span> 
     </span>
     <span class='ocr_line' id='line_1_13' title="bbox 637 2548 3455 2660; baseline -0.001 -25"><span class='ocrx_word' id='word_1_95' title='bbox 637 2579 728 2635; x_wconf 86' lang='lat' dir='ltr'><strong>ex</strong></span> <span class='ocrx_word' id='word_1_96' title='bbox 762 2552 1106 2636; x_wconf 88' lang='lat' dir='ltr'><strong>officiatis</strong></span> <span class='ocrx_word' id='word_1_97' title='bbox 1158 2551 1456 2660; x_wconf 90' lang='lat' dir='ltr'><strong>imperii</strong></span> <span class='ocrx_word' id='word_1_98' title='bbox 1492 2550 1905 2654; x_wconf 82' lang='lat' dir='ltr'><strong>voluerint,</strong></span> <span class='ocrx_word' id='word_1_99' title='bbox 1969 2549 2113 2632; x_wconf 90' lang='lat' dir='ltr'><strong>sibi</strong></span> <span class='ocrx_word' id='word_1_100' title='bbox 2150 2548 2435 2659; x_wconf 86' lang='lat' dir='ltr'><strong>eligant</strong></span> <span class='ocrx_word' id='word_1_101' title='bbox 2480 2548 2562 2630; x_wconf 92' lang='lat' dir='ltr'><strong>in</strong></span> <span class='ocrx_word' id='word_1_102' title='bbox 2599 2548 2816 2631; x_wconf 86' lang='lat' dir='ltr'><strong>defen</strong></span> <span class='ocrx_word' id='word_1_103' title='bbox 2824 2573 3114 2655; x_wconf 79' lang='lat' dir='ltr'><strong>sorem3</strong></span> <span class='ocrx_word' id='word_1_104' title='bbox 3153 2548 3455 2659; x_wconf 91' lang='lat' dir='ltr'><strong>aliaque</strong></span> 
     </span>
     <span class='ocr_line' id='line_1_14' title="bbox 633 2679 2958 2794; baseline -0.003 -26"><span class='ocrx_word' id='word_1_105' title='bbox 633 2684 807 2794; x_wconf 88' lang='lat' dir='ltr'><strong>jura</strong></span> <span class='ocrx_word' id='word_1_106' title='bbox 841 2712 889 2767; x_wconf 91' lang='lat' dir='ltr'><strong>a</strong></span> <span class='ocrx_word' id='word_1_107' title='bbox 923 2682 1629 2794; x_wconf 83' lang='lat' dir='ltr'><strong>praedecessoribus</strong></span> <span class='ocrx_word' id='word_1_108' title='bbox 1665 2682 1825 2765; x_wconf 90' lang='lat' dir='ltr'><strong>suis</strong></span> <span class='ocrx_word' id='word_1_109' title='bbox 1879 2682 2178 2764; x_wconf 87' lang='lat' dir='ltr'><strong>indulta</strong></span> <span class='ocrx_word' id='word_1_110' title='bbox 2211 2681 2496 2763; x_wconf 90' lang='lat' dir='ltr'><strong>eisdem</strong></span> <span class='ocrx_word' id='word_1_111' title='bbox 2533 2679 2958 2763; x_wconf 89' lang='lat' dir='ltr'><strong>confirmat.</strong></span> 
     </span>
    </p>
   </div>
   <div class='ocr_carea' id='block_1_4' title="bbox 797 2891 2879 2978">
    <p class='ocr_par' dir='ltr' id='par_1_5' title="bbox 797 2891 2879 2978">
     <span class='ocr_line' id='line_1_15' title="bbox 797 2891 2879 2978; baseline -0.002 -19"><span class='ocrx_word' id='word_1_112' title='bbox 797 2898 990 2978; x_wconf 80' lang='lat' dir='ltr'><strong>(Edit.</strong></span> <span class='ocrx_word' id='word_1_113' title='bbox 1019 2915 1119 2977; x_wconf 83' lang='lat' dir='ltr'><strong>ap.</strong></span> <span class='ocrx_word' id='word_1_114' title='bbox 1146 2897 1419 2959; x_wconf 72' lang='lat' dir='ltr'><strong>Monam.</strong></span> <span class='ocrx_word' id='word_1_115' title='bbox 1449 2896 1636 2973; x_wconf 62' lang='lat' dir='ltr'><strong>Boia,</strong></span> <span class='ocrx_word' id='word_1_116' title='bbox 1663 2902 1712 2959; x_wconf 90' lang='lat' dir='ltr'><strong>t.</strong></span> <span class='ocrx_word' id='word_1_117' title='bbox 1738 2895 1903 2971; x_wconf 78' lang='lat' dir='ltr'>XVI,</span> <span class='ocrx_word' id='word_1_118' title='bbox 1932 2912 1997 2973; x_wconf 83' lang='lat' dir='ltr'><strong>p.</strong></span> <span class='ocrx_word' id='word_1_119' title='bbox 2032 2904 2131 2970; x_wconf 77' lang='lat'><strong>35,</strong></span> <span class='ocrx_word' id='word_1_120' title='bbox 2159 2897 2224 2956; x_wconf 83' lang='lat' dir='ltr'><strong>ln</strong></span> <span class='ocrx_word' id='word_1_121' title='bbox 2247 2895 2506 2956; x_wconf 68' lang='lat' dir='ltr'><strong>Monam.</strong></span> <span class='ocrx_word' id='word_1_122' title='bbox 2556 2891 2879 2974; x_wconf 70' lang='lat' dir='ltr'><strong>Werdens.)</strong></span> 
     </span>
    </p>
   </div>
   <div class='ocr_carea' id='block_1_5' title="bbox 644 3081 3463 4410">
    <p class='ocr_par' dir='ltr' id='par_1_6' title="bbox 644 3081 3463 4410">
     <span class='ocr_line' id='line_1_16' title="bbox 732 3081 3452 3179; baseline -0.002 -23"><span class='ocrx_word' id='word_1_123' title='bbox 732 3084 1096 3157; x_wconf 87' lang='lat' dir='ltr'><strong>Heinricus</strong></span> <span class='ocrx_word' id='word_1_124' title='bbox 1144 3084 1482 3179; x_wconf 90' lang='lat' dir='ltr'><strong>septimus</strong></span> <span class='ocrx_word' id='word_1_125' title='bbox 1525 3082 1650 3155; x_wconf 91' lang='lat' dir='ltr'><strong>Dei</strong></span> <span class='ocrx_word' id='word_1_126' title='bbox 1684 3082 1918 3174; x_wconf 82' lang='lat' dir='ltr'><strong>gracia</strong></span> <span class='ocrx_word' id='word_1_127' title='bbox 1952 3081 2414 3154; x_wconf 90' lang='lat' dir='ltr'><strong>Romanorum</strong></span> <span class='ocrx_word' id='word_1_128' title='bbox 2456 3101 2589 3153; x_wconf 84' lang='lat' dir='ltr'><strong>rex</strong></span> <span class='ocrx_word' id='word_1_129' title='bbox 2622 3089 2692 3152; x_wconf 92' lang='lat' dir='ltr'><strong>et</strong></span> <span class='ocrx_word' id='word_1_130' title='bbox 2742 3099 3014 3174; x_wconf 89' lang='lat' dir='ltr'><strong>semper</strong></span> <span class='ocrx_word' id='word_1_131' title='bbox 3069 3089 3406 3175; x_wconf 87' lang='lat' dir='ltr'><strong>augustus</strong></span> <span class='ocrx_word' id='word_1_132' title='bbox 3429 3134 3452 3174; x_wconf 88' lang='lat'><strong>,</strong></span> 
     </span>
     <span class='ocr_line' id='line_1_17' title="bbox 644 3206 3462 3305; baseline -0.001 -25"><span class='ocrx_word' id='word_1_133' title='bbox 644 3208 984 3283; x_wconf 87' lang='lat' dir='ltr'><strong>universis</strong></span> <span class='ocrx_word' id='word_1_134' title='bbox 1019 3209 1293 3305; x_wconf 91' lang='lat' dir='ltr'><strong>imperii</strong></span> <span class='ocrx_word' id='word_1_135' title='bbox 1332 3208 1655 3282; x_wconf 88' lang='lat' dir='ltr'><strong>fidelibus</strong></span> <span class='ocrx_word' id='word_1_136' title='bbox 1686 3228 1975 3304; x_wconf 79' lang='lat' dir='ltr'><strong>presens</strong></span> <span class='ocrx_word' id='word_1_137' title='bbox 2008 3207 2341 3304; x_wconf 90' lang='lat' dir='ltr'><strong>scriptum</strong></span> <span class='ocrx_word' id='word_1_138' title='bbox 2387 3206 2797 3301; x_wconf 88' lang='lat' dir='ltr'><strong>inspecturis</strong></span> <span class='ocrx_word' id='word_1_139' title='bbox 2839 3207 3125 3300; x_wconf 81' lang='lat' dir='ltr'><strong>gratiam</strong></span> <span class='ocrx_word' id='word_1_140' title='bbox 3162 3228 3357 3279; x_wconf 89' lang='lat' dir='ltr'><strong>suam</strong></span> <span class='ocrx_word' id='word_1_141' title='bbox 3391 3216 3462 3279; x_wconf 91' lang='lat' dir='ltr'><strong>et</strong></span> 
     </span>
     <span class='ocr_line' id='line_1_18' title="bbox 644 3326 3461 3425; baseline -0.001 -21"><span class='ocrx_word' id='word_1_142' title='bbox 644 3352 840 3406; x_wconf 89' lang='lat' dir='ltr'><strong>omne</strong></span> <span class='ocrx_word' id='word_1_143' title='bbox 863 3333 1149 3405; x_wconf 90' lang='lat' dir='ltr'><strong>bonum.</strong></span> <span class='ocrx_word' id='word_1_144' title='bbox 1180 3332 1423 3405; x_wconf 72' lang='lat' dir='ltr'><strong>Voetre</strong></span> <span class='ocrx_word' id='word_1_145' title='bbox 1445 3332 1824 3404; x_wconf 90' lang='lat' dir='ltr'><strong>innotescat</strong></span> <span class='ocrx_word' id='word_1_146' title='bbox 1845 3330 2278 3404; x_wconf 83' lang='lat' dir='ltr'><strong>universitati</strong></span> <span class='ocrx_word' id='word_1_147' title='bbox 2303 3328 2494 3425; x_wconf 91' lang='lat' dir='ltr'><strong>quod</strong></span> <span class='ocrx_word' id='word_1_148' title='bbox 2524 3349 2565 3400; x_wconf 88' lang='lat' dir='ltr'><strong>a</strong></span> <span class='ocrx_word' id='word_1_149' title='bbox 2591 3326 3188 3423; x_wconf 89' lang='lat' dir='ltr'><strong>predecessoribus</strong></span> <span class='ocrx_word' id='word_1_150' title='bbox 3216 3329 3461 3402; x_wconf 90' lang='lat' dir='ltr'><strong>nostris</strong></span> 
     </span>
     <span class='ocr_line' id='line_1_19' title="bbox 646 3449 3460 3550; baseline -0.001 -23"><span class='ocrx_word' id='word_1_151' title='bbox 646 3453 1100 3528; x_wconf 89' lang='lat' dir='ltr'><strong>Romanorum</strong></span> <span class='ocrx_word' id='word_1_152' title='bbox 1136 3453 1660 3550; x_wconf 84' lang='lat' dir='ltr'><strong>imperatoribus</strong></span> <span class='ocrx_word' id='word_1_153' title='bbox 1683 3461 1755 3527; x_wconf 93' lang='lat' dir='ltr'><strong>et</strong></span> <span class='ocrx_word' id='word_1_154' title='bbox 1800 3453 2081 3544; x_wconf 89' lang='lat' dir='ltr'><strong>regibus</strong></span> <span class='ocrx_word' id='word_1_155' title='bbox 2108 3450 2518 3525; x_wconf 87' lang='lat' dir='ltr'><strong>monasterio</strong></span> <span class='ocrx_word' id='word_1_156' title='bbox 2548 3451 2794 3522; x_wconf 88' lang='lat' dir='ltr'><strong>Sancte</strong></span> <span class='ocrx_word' id='word_1_157' title='bbox 2824 3449 3059 3522; x_wconf 91' lang='lat' dir='ltr'><strong>Crucis</strong></span> <span class='ocrx_word' id='word_1_158' title='bbox 3095 3450 3168 3521; x_wconf 91' lang='lat' dir='ltr'><strong>in</strong></span> <span class='ocrx_word' id='word_1_159' title='bbox 3203 3451 3460 3524; x_wconf 91' lang='lat' dir='ltr'><strong>Werda</strong></span> 
     </span>
     <span class='ocr_line' id='line_1_20' title="bbox 650 3570 3462 3668; baseline -0.001 -18"><span class='ocrx_word' id='word_1_160' title='bbox 650 3588 714 3650; x_wconf 89' lang='lat' dir='ltr'><strong>et</strong></span> <span class='ocrx_word' id='word_1_161' title='bbox 737 3578 970 3651; x_wconf 87' lang='lat' dir='ltr'><strong>abbati</strong></span> <span class='ocrx_word' id='word_1_162' title='bbox 1002 3587 1072 3649; x_wconf 91' lang='lat' dir='ltr'><strong>et</strong></span> <span class='ocrx_word' id='word_1_163' title='bbox 1103 3577 1472 3649; x_wconf 84' lang='lat' dir='ltr'><strong>conventui</strong></span> <span class='ocrx_word' id='word_1_164' title='bbox 1506 3576 1638 3649; x_wconf 93' lang='lat' dir='ltr'><strong>loci</strong></span> <span class='ocrx_word' id='word_1_165' title='bbox 1661 3575 1975 3668; x_wconf 88' lang='lat' dir='ltr'><strong>ejusdem</strong></span> <span class='ocrx_word' id='word_1_166' title='bbox 2007 3575 2340 3648; x_wconf 78' lang='lat' dir='ltr'><strong>hactenus</strong></span> <span class='ocrx_word' id='word_1_167' title='bbox 2364 3582 2468 3647; x_wconf 90' lang='lat' dir='ltr'><strong>est</strong></span> <span class='ocrx_word' id='word_1_168' title='bbox 2497 3594 2894 3646; x_wconf 89' lang='lat' dir='ltr'><strong>concessum</strong></span> <span class='ocrx_word' id='word_1_169' title='bbox 2922 3570 3114 3666; x_wconf 91' lang='lat' dir='ltr'><strong>quod</strong></span> <span class='ocrx_word' id='word_1_170' title='bbox 3149 3573 3462 3647; x_wconf 92' lang='lat' dir='ltr'><strong>ministro</strong></span> 
     </span>
     <span class='ocr_line' id='line_1_21' title="bbox 647 3694 3459 3796; baseline -0 -24"><span class='ocrx_word' id='word_1_171' title='bbox 647 3699 774 3774; x_wconf 91' lang='lat' dir='ltr'><strong>loci</strong></span> <span class='ocrx_word' id='word_1_172' title='bbox 812 3700 1125 3794; x_wconf 88' lang='lat' dir='ltr'><strong>ejusdem</strong></span> <span class='ocrx_word' id='word_1_173' title='bbox 1155 3709 1225 3774; x_wconf 90' lang='lat' dir='ltr'><strong>et</strong></span> <span class='ocrx_word' id='word_1_174' title='bbox 1252 3700 1537 3796; x_wconf 91' lang='lat' dir='ltr'><strong>insuper</strong></span> <span class='ocrx_word' id='word_1_175' title='bbox 1561 3699 1735 3772; x_wconf 90' lang='lat' dir='ltr'><strong>nulli</strong></span> <span class='ocrx_word' id='word_1_176' title='bbox 1752 3699 2112 3773; x_wconf 90' lang='lat' dir='ltr'><strong>hominnm</strong></span> <span class='ocrx_word' id='word_1_177' title='bbox 2135 3699 2342 3772; x_wconf 89' lang='lat' dir='ltr'><strong>licere</strong></span> <span class='ocrx_word' id='word_1_178' title='bbox 2371 3694 2624 3771; x_wconf 90' lang='lat' dir='ltr'><strong>debeat</strong></span> <span class='ocrx_word' id='word_1_179' title='bbox 2653 3695 2844 3792; x_wconf 93' lang='lat' dir='ltr'><strong>qnod</strong></span> <span class='ocrx_word' id='word_1_180' title='bbox 2872 3718 2913 3768; x_wconf 90' lang='lat' dir='ltr'><strong>a</strong></span> <span class='ocrx_word' id='word_1_181' title='bbox 2936 3696 3196 3769; x_wconf 90' lang='lat' dir='ltr'><strong>colonis</strong></span> <span class='ocrx_word' id='word_1_182' title='bbox 3223 3719 3459 3771; x_wconf 89' lang='lat' dir='ltr'><strong>eornm</strong></span> 
     </span>
     <span class='ocr_line' id='line_1_22' title="bbox 648 3819 3463 3921; baseline -0.002 -25"><span class='ocrx_word' id='word_1_183' title='bbox 648 3823 877 3919; x_wconf 89' lang='lat' dir='ltr'><strong>aliqua</strong></span> <span class='ocrx_word' id='word_1_184' title='bbox 909 3823 1204 3921; x_wconf 89' lang='lat' dir='ltr'><strong>accipiat</strong></span> <span class='ocrx_word' id='word_1_185' title='bbox 1240 3823 1585 3920; x_wconf 87' lang='lat' dir='ltr'><strong>stipendia</strong></span> <span class='ocrx_word' id='word_1_186' title='bbox 1604 3877 1625 3916; x_wconf 90' lang='lat'>,</span> <span class='ocrx_word' id='word_1_187' title='bbox 1657 3831 1781 3896; x_wconf 90' lang='lat' dir='ltr'><strong>aut</strong></span> <span class='ocrx_word' id='word_1_188' title='bbox 1804 3823 1987 3895; x_wconf 90' lang='lat' dir='ltr'><strong>bona</strong></span> <span class='ocrx_word' id='word_1_189' title='bbox 2016 3820 2329 3913; x_wconf 90' lang='lat' dir='ltr'><strong>ejusdem</strong></span> <span class='ocrx_word' id='word_1_190' title='bbox 2362 3820 2757 3894; x_wconf 88' lang='lat' dir='ltr'><strong>monasterii</strong></span> <span class='ocrx_word' id='word_1_191' title='bbox 2791 3819 3160 3892; x_wconf 88' lang='lat' dir='ltr'><strong>destituere</strong></span> <span class='ocrx_word' id='word_1_192' title='bbox 3192 3820 3306 3891; x_wconf 85' lang='lat' dir='ltr'><strong>vel</strong></span> <span class='ocrx_word' id='word_1_193' title='bbox 3344 3820 3463 3891; x_wconf 90' lang='lat' dir='ltr'><strong>in·-</strong></span> 
     </span>
     <span class='ocr_line' id='line_1_23' title="bbox 651 3941 3456 4045; baseline -0.001 -27"><span class='ocrx_word' id='word_1_194' title='bbox 651 3948 923 4021; x_wconf 84' lang='lat' dir='ltr'><strong>stituere</strong></span> <span class='ocrx_word' id='word_1_195' title='bbox 947 3948 1300 4041; x_wconf 89' lang='lat' dir='ltr'><strong>aliquibus</strong></span> <span class='ocrx_word' id='word_1_196' title='bbox 1325 3947 1668 4045; x_wconf 90' lang='lat' dir='ltr'><strong>personis,</strong></span> <span class='ocrx_word' id='word_1_197' title='bbox 1705 3955 1829 4021; x_wconf 87' lang='lat' dir='ltr'><strong>aut</strong></span> <span class='ocrx_word' id='word_1_198' title='bbox 1862 3947 1935 4018; x_wconf 91' lang='lat' dir='ltr'><strong>in</strong></span> <span class='ocrx_word' id='word_1_199' title='bbox 1968 3967 2296 4042; x_wconf 89' lang='lat' dir='ltr'><strong>personas</strong></span> <span class='ocrx_word' id='word_1_200' title='bbox 2321 3943 2602 4017; x_wconf 90' lang='lat' dir='ltr'><strong>easdem</strong></span> <span class='ocrx_word' id='word_1_201' title='bbox 2637 3951 2758 4015; x_wconf 89' lang='lat' dir='ltr'><strong>aut</strong></span> <span class='ocrx_word' id='word_1_202' title='bbox 2789 3942 3024 4035; x_wconf 91' lang='lat' dir='ltr'><strong>aliqua</strong></span> <span class='ocrx_word' id='word_1_203' title='bbox 3048 3941 3233 4014; x_wconf 91' lang='lat' dir='ltr'><strong>bona</strong></span> <span class='ocrx_word' id='word_1_204' title='bbox 3269 3943 3332 4034; x_wconf 87' lang='lat' dir='ltr'><strong>ej</strong></span> <span class='ocrx_word' id='word_1_205' title='bbox 3342 3964 3456 4014; x_wconf 91' lang='lat' dir='ltr'><strong>us·</strong></span> 
     </span>
     <span class='ocr_line' id='line_1_24' title="bbox 655 4065 3460 4160; baseline 0 -20"><span class='ocrx_word' id='word_1_206' title='bbox 655 4066 803 4143; x_wconf 87' lang='lat' dir='ltr'><strong>dem</strong></span> <span class='ocrx_word' id='word_1_207' title='bbox 837 4071 1238 4145; x_wconf 89' lang='lat' dir='ltr'><strong>monasterii</strong></span> <span class='ocrx_word' id='word_1_208' title='bbox 1281 4091 1603 4145; x_wconf 84' lang='lat' dir='ltr'><strong>exercere</strong></span> <span class='ocrx_word' id='word_1_209' title='bbox 1642 4070 1989 4143; x_wconf 91' lang='lat' dir='ltr'><strong>indebitas</strong></span> <span class='ocrx_word' id='word_1_210' title='bbox 2043 4068 2439 4141; x_wconf 87' lang='lat' dir='ltr'><strong>exactiones</strong></span> <span class='ocrx_word' id='word_1_211' title='bbox 2464 4121 2485 4160; x_wconf 90' lang='lat'><strong>,</strong></span> <span class='ocrx_word' id='word_1_212' title='bbox 2545 4065 2671 4139; x_wconf 90' lang='lat' dir='ltr'><strong>sed</strong></span> <span class='ocrx_word' id='word_1_213' title='bbox 2716 4072 2981 4137; x_wconf 88' lang='lat' dir='ltr'><strong>tantum</strong></span> <span class='ocrx_word' id='word_1_214' title='bbox 3026 4066 3186 4158; x_wconf 86' lang='lat' dir='ltr'><strong>jure</strong></span> <span class='ocrx_word' id='word_1_215' title='bbox 3226 4065 3460 4141; x_wconf 91' lang='lat' dir='ltr'><strong>debito</strong></span> 
     </span>
     <span class='ocr_line' id='line_1_25' title="bbox 653 4189 3461 4290; baseline -0 -25"><span class='ocrx_word' id='word_1_216' title='bbox 653 4193 833 4287; x_wconf 89' lang='lat' dir='ltr'><strong>quod</strong></span> <span class='ocrx_word' id='word_1_217' title='bbox 863 4194 939 4266; x_wconf 91' lang='lat' dir='ltr'><strong>in</strong></span> <span class='ocrx_word' id='word_1_218' title='bbox 982 4194 1256 4290; x_wconf 86' lang='lat' dir='ltr'><strong>vulgari</strong></span> <span class='ocrx_word' id='word_1_219' title='bbox 1283 4194 1733 4289; x_wconf 88' lang='lat' dir='ltr'><strong>Vogetmnete</strong></span> <span class='ocrx_word' id='word_1_220' title='bbox 1771 4193 2027 4267; x_wconf 88' lang='lat' dir='ltr'><strong>dicitur</strong></span> <span class='ocrx_word' id='word_1_221' title='bbox 2075 4192 2329 4265; x_wconf 89' lang='lat' dir='ltr'><strong>debeat</strong></span> <span class='ocrx_word' id='word_1_222' title='bbox 2364 4212 2516 4265; x_wconf 90' lang='lat' dir='ltr'><strong>esse</strong></span> <span class='ocrx_word' id='word_1_223' title='bbox 2551 4197 2950 4281; x_wconf 81' lang='lat' dir='ltr'><strong>contentus3</strong></span> <span class='ocrx_word' id='word_1_224' title='bbox 3006 4189 3197 4284; x_wconf 88' lang='lat' dir='ltr'><strong>quod</strong></span> <span class='ocrx_word' id='word_1_225' title='bbox 3245 4190 3461 4285; x_wconf 87' lang='lat' dir='ltr'><strong>ipsius</strong></span> 
     </span>
     <span class='ocr_line' id='line_1_26' title="bbox 657 4312 3463 4410; baseline 0.001 -23"><span class='ocrx_word' id='word_1_226' title='bbox 657 4317 1042 4390; x_wconf 87' lang='lat' dir='ltr'><strong>monasterii</strong></span> <span class='ocrx_word' id='word_1_227' title='bbox 1090 4317 1455 4392; x_wconf 84' lang='lat' dir='ltr'><strong>advocatia</strong></span> <span class='ocrx_word' id='word_1_228' title='bbox 1501 4338 1643 4391; x_wconf 93' lang='lat' dir='ltr'><strong>non</strong></span> <span class='ocrx_word' id='word_1_229' title='bbox 1677 4317 1927 4392; x_wconf 91' lang='lat' dir='ltr'><strong>debeat</strong></span> <span class='ocrx_word' id='word_1_230' title='bbox 1956 4316 2045 4388; x_wconf 88' lang='lat' dir='ltr'><strong>ab</strong></span> <span class='ocrx_word' id='word_1_231' title='bbox 2082 4315 2369 4410; x_wconf 90' lang='lat' dir='ltr'><strong>imperio</strong></span> <span class='ocrx_word' id='word_1_232' title='bbox 2408 4314 2841 4408; x_wconf 88' lang='lat' dir='ltr'><strong>aliquatenus</strong></span> <span class='ocrx_word' id='word_1_233' title='bbox 2873 4312 3161 4385; x_wconf 88' lang='lat' dir='ltr'><strong>alienari</strong></span> <span class='ocrx_word' id='word_1_234' title='bbox 3200 4314 3314 4387; x_wconf 86' lang='lat' dir='ltr'><strong>vel</strong></span> <span class='ocrx_word' id='word_1_235' title='bbox 3350 4338 3463 4389; x_wconf 89' lang='lat' dir='ltr'><strong>se·</strong></span> 
     </span>
    </p>
   </div>
   <div class='ocr_carea' id='block_1_6' title="bbox 658 4431 3582 4536">
    <p class='ocr_par' dir='ltr' id='par_1_7' title="bbox 658 4431 3582 4536">
     <span class='ocr_line' id='line_1_27' title="bbox 658 4431 3582 4536; baseline 0.001 -27"><span class='ocrx_word' id='word_1_236' title='bbox 658 4441 1009 4530; x_wconf 71' lang='lat' dir='ltr'><strong>questrari.</strong></span> <span class='ocrx_word' id='word_1_237' title='bbox 1045 4441 1215 4513; x_wconf 86' lang='lat' dir='ltr'><strong>Item</strong></span> <span class='ocrx_word' id='word_1_238' title='bbox 1258 4440 1428 4536; x_wconf 91' lang='lat' dir='ltr'><strong>ipsis</strong></span> <span class='ocrx_word' id='word_1_239' title='bbox 1467 4450 1572 4514; x_wconf 90' lang='lat' dir='ltr'><strong>est</strong></span> <span class='ocrx_word' id='word_1_240' title='bbox 1610 4462 2014 4514; x_wconf 90' lang='lat' dir='ltr'><strong>concessum</strong></span> <span class='ocrx_word' id='word_1_241' title='bbox 2044 4447 2123 4510; x_wconf 91' lang='lat' dir='ltr'><strong>ut</strong></span> <span class='ocrx_word' id='word_1_242' title='bbox 2160 4431 2668 4533; x_wconf 90' lang='lat' dir='ltr'><strong>quemcumque</strong></span> <span class='ocrx_word' id='word_1_243' title='bbox 2713 4459 2806 4510; x_wconf 81' lang='lat' dir='ltr'><strong>ex</strong></span> <span class='ocrx_word' id='word_1_244' title='bbox 2839 4436 3151 4510; x_wconf 88' lang='lat' dir='ltr'><strong>officiatis</strong></span> <span class='ocrx_word' id='word_1_245' title='bbox 3194 4437 3461 4534; x_wconf 89' lang='lat' dir='ltr'><strong>imperii</strong></span> <span class='ocrx_word' id='word_1_246' title='bbox 3559 4492 3582 4500; x_wconf 77' lang='grc'><strong>-</strong></span> 
     </span>
    </p>
   </div>
   <div class='ocr_carea' id='block_1_7' title="bbox 663 4559 3461 4659">
    <p class='ocr_par' dir='ltr' id='par_1_8' title="bbox 663 4559 3461 4659">
     <span class='ocr_line' id='line_1_28' title="bbox 663 4559 3461 4659; baseline 0.002 -29"><span class='ocrx_word' id='word_1_247' title='bbox 663 4562 1017 4656; x_wconf 88' lang='lat' dir='ltr'><strong>voluerint,</strong></span> <span class='ocrx_word' id='word_1_248' title='bbox 1053 4564 1187 4638; x_wconf 92' lang='lat' dir='ltr'><strong>sibi</strong></span> <span class='ocrx_word' id='word_1_249' title='bbox 1218 4565 1473 4658; x_wconf 87' lang='lat' dir='ltr'><strong>eligant</strong></span> <span class='ocrx_word' id='word_1_250' title='bbox 1495 4565 1568 4637; x_wconf 91' lang='lat' dir='ltr'><strong>in</strong></span> <span class='ocrx_word' id='word_1_251' title='bbox 1585 4565 2111 4659; x_wconf 87' lang='lat' dir='ltr'><strong>gubernatorem</strong></span> <span class='ocrx_word' id='word_1_252' title='bbox 2140 4571 2209 4634; x_wconf 89' lang='lat' dir='ltr'><strong>et</strong></span> <span class='ocrx_word' id='word_1_253' title='bbox 2225 4561 2656 4635; x_wconf 84' lang='lat' dir='ltr'><strong>defensorem</strong></span> <span class='ocrx_word' id='word_1_254' title='bbox 2684 4559 3043 4634; x_wconf 86' lang='lat' dir='ltr'><strong>advocatie</strong></span> <span class='ocrx_word' id='word_1_255' title='bbox 3065 4564 3461 4635; x_wconf 91' lang='lat' dir='ltr'><strong>monasterii</strong></span> 
     </span>
    </p>
   </div>
   <div class='ocr_carea' id='block_1_8' title="bbox 669 4684 3465 4872">
    <p class='ocr_par' dir='ltr' id='par_1_9' title="bbox 669 4684 3465 4872">
     <span class='ocr_line' id='line_1_29' title="bbox 669 4684 3465 4785; baseline 0.001 -31"><span class='ocrx_word' id='word_1_256' title='bbox 669 4687 1042 4779; x_wconf 88' lang='lat' dir='ltr'><strong>memorati,</strong></span> <span class='ocrx_word' id='word_1_257' title='bbox 1083 4687 1277 4783; x_wconf 92' lang='lat' dir='ltr'><strong>quod</strong></span> <span class='ocrx_word' id='word_1_258' title='bbox 1307 4689 1423 4763; x_wconf 92' lang='lat' dir='ltr'><strong>ille</strong></span> <span class='ocrx_word' id='word_1_259' title='bbox 1450 4711 1587 4763; x_wconf 93' lang='lat' dir='ltr'><strong>non</strong></span> <span class='ocrx_word' id='word_1_260' title='bbox 1617 4689 1868 4763; x_wconf 91' lang='lat' dir='ltr'><strong>debeat</strong></span> <span class='ocrx_word' id='word_1_261' title='bbox 1895 4688 2063 4785; x_wconf 89' lang='lat' dir='ltr'><strong>ipsis</strong></span> <span class='ocrx_word' id='word_1_262' title='bbox 2096 4687 2167 4758; x_wconf 92' lang='lat' dir='ltr'><strong>in</strong></span> <span class='ocrx_word' id='word_1_263' title='bbox 2203 4688 2513 4784; x_wconf 88' lang='lat' dir='ltr'><strong>personis</strong></span> <span class='ocrx_word' id='word_1_264' title='bbox 2553 4685 2844 4783; x_wconf 90' lang='lat' dir='ltr'><strong>propriis</strong></span> <span class='ocrx_word' id='word_1_265' title='bbox 2895 4693 3014 4757; x_wconf 91' lang='lat' dir='ltr'><strong>aut</strong></span> <span class='ocrx_word' id='word_1_266' title='bbox 3045 4684 3465 4778; x_wconf 89' lang='lat' dir='ltr'><strong>quibuslibet</strong></span> 
     </span>
     <span class='ocr_line' id='line_1_30' title="bbox 845 4810 3145 4872; baseline -0.002 -1"><span class='ocrx_word' id='word_1_267' title='bbox 845 4810 953 4872; x_wconf 87' lang='lat' dir='ltr'><strong>lv.</strong></span> <span class='ocrx_word' id='word_1_268' title='bbox 994 4825 1104 4869; x_wconf 72' lang='lat' dir='ltr'><strong>Pu·</strong></span> <span class='ocrx_word' id='word_1_269' title='bbox 1128 4828 1175 4871; x_wconf 83' lang='lat'><strong>2.</strong></span> <span class='ocrx_word' id='word_1_270' title='bbox 3069 4814 3145 4867; x_wconf 77' lang='lat'><strong>‘12</strong></span> 
     </span>
    </p>
   </div>
  </div>
 </body>
</html>
