4500 5956
598 640 782 698 lamet.
817 634 905 713 8.]
1486 631 1874 695 HISTORIA
1923 628 2506 693 DIPLOMATch.
3284 624 3396 685 731

699 1201 1030 1284 Consilio
1064 1201 1326 1284 habito
1360 1203 1457 1285 VI
1494 1201 1679 1312 (leq.
1702 1203 1834 1313 IV)
1872 1227 2115 1284 nonas
2137 1202 2342 1311 julii,
2367 1202 2573 1310 apud
2606 1201 3110 1285 Wormatiam
3148 1198 3400 1303 [Hen-

593 1332 822 1437 ricus]
860 1334 940 1413 in
978 1335 1305 1443 gratiam
1358 1337 1594 1444 patris
1631 1336 2012 1446 recipitur.
2058 1337 2208 1419 Sed
2248 1359 2405 1416 non
2463 1333 2896 1441 persolvens
2950 1358 3148 1442 quae
3201 1358 3398 1440 pro-

593 1464 901 1546 miserat
933 1491 1071 1547 nec
1104 1466 1503 1574 resignans
1548 1476 1885 1548 castrum
1918 1465 2212 1549 Drivels
2268 1466 2478 1574 quod
2510 1464 2780 1547 habuit
2828 1465 2909 1545 in
2948 1490 3086 1546 sua
3127 1473 3399 1571 potes-

592 1606 782 1701 tate,
824 1595 1047 1706 jussu
1102 1597 1338 1706 patris
1390 1599 1868 1707 imperatoris
1922 1608 2035 1680 est
2089 1596 2477 1679 custodiae
2529 1596 3031 1704 mancipatuS.
3079 1596 3396 1678 Gonnrn.

598 1727 857 1810 Conon.
902 1755 1027 1837 ap.
1070 1728 1454 1835 Boanum,
1482 1737 1770 1828 Fontes,
1809 1739 1867 1811 t.
1901 1729 1997 1835 ΙΙ,
2038 1757 2117 1838 p.
2161 1726 2868 1836 367.-Ubi(sci1.
2903 1726 3402 1836 Wormatiae)

595 1885 725 1941 rex
776 1860 1146 1944 Henricus
1168 1923 1193 1969 ‚
1255 1863 1516 1945 audita
1577 1863 2142 1972 compositionis
2195 1861 2444 1944 forma
2498 1887 2544 1941 a
2603 1869 2817 1969 patre
2868 1860 3352 1970 promulgata
3375 1921 3400 1966 ,

595 1990 859 2101 fugam
930 1993 1121 2076 inire
1190 1996 1511 2103 paravit.
1594 1996 1840 2094 Quem
1911 2005 2123 2106 pater
2193 1994 2574 2104 captivum
2645 2001 2892 2076 castro
2952 1994 3405 2106 Heidelberg

594 2125 1173 2208 custodiendum
1218 2129 1569 2235 tradidit,
1610 2138 1686 2212 et
1727 2138 1900 2239 post
1949 2129 2156 2210 hunc
2206 2128 2462 2238 ipsum
2526 2126 2936 2210 absumens
2997 2128 3077 2208 in
3139 2128 3406 2210 Rhetia

594 2266 840 2340 castro
869 2258 1254 2341 Alreheim
1273 2260 1397 2371 (1)
1420 2261 1880 2345 servandum
1906 2261 2311 2344 commisit.
2356 2260 2695 2344 Tandem
2722 2260 3132 2369 imperator
3157 2260 3405 2343 adhuc

594 2389 867 2472 timens
903 2419 1038 2499 per
1082 2394 1335 2502 ipsum
1374 2393 1472 2475 ab
1517 2394 1791 2477 emulis
1830 2395 1988 2476 suis
2025 2394 2323 2503 imperii
2375 2393 2884 2476 turbationem
2921 2393 3219 2500 moliri,
3268 2418 3404 2501 per

592 2521 979 2630 episcopos
1017 2524 1702 2635 Salzeburgensem
1735 2536 1811 2609 et
1841 2526 2551 2635 Babenbergensem
2603 2551 2693 2606 ac
2751 2534 3012 2632 postea
3062 2550 3198 2632 per
3241 2551 3399 2632 pa-

591 2657 1001 2740 triarcham
1083 2659 1693 2771 Aquilegiensem
1783 2661 2137 2743 eumdem
2223 2662 2304 2740 in
2387 2659 2743 2768 Apuliam
2830 2658 3351 2740 transmittens
3375 2719 3400 2764 ,

593 2798 840 2871 castro
901 2789 1219 2873 Balerne
1267 2790 1753 2904 (Palerme?)
1799 2794 2028 2903 recipi
2099 2793 2515 2875 mandavit.
2571 2791 2911 2874 chronic.
2969 2791 3398 2900 Erphord.,

592 2921 899 3020 Ibidem,
948 2932 1006 3005 t.
1050 2923 1151 3026 11,
1209 2951 1290 3034 p.
1334 2927 1520 3008 595.
1561 2972 1671 2987 -—-
1703 2926 1999 3010 Interea
2056 2926 2425 3010 Henricus
2477 2951 2612 3007 rex
2664 2923 2867 3008 filius
2930 2923 3404 3033 imperatoris

593 3054 759 3162 qui,
805 3064 892 3137 ut
926 3057 1140 3164 prius
1183 3057 1474 3141 dictum
1528 3068 1681 3166 est,
1721 3059 2094 3169 plurimos
2130 3061 2208 3140 in
2248 3084 2478 3141 suum
2520 3059 2857 3141 favorem
2910 3067 2984 3139 et
3037 3056 3406 3139 auxilium

591 3212 720 3293 per
774 3189 1131 3272 donativa
1194 3198 1649 3299 attraxerat,
1707 3219 2075 3300 persuasu
2131 3192 2249 3302 cuj
2259 3194 2538 3273 usdam
2591 3190 3005 3273 Hermanni
3060 3190 3406 3300 magistri

592 3318 866 3401 domus
915 3321 1550 3406 Theutonicorum
1603 3335 1678 3407 et
1729 3324 1984 3408 fratris
2032 3326 2122 3409 B.
2175 3324 2516 3435 ejusdem
2563 3324 2839 3409 domus
2887 3322 3008 3434 (2)
3028 3385 3050 3430 ,
3100 3324 3410 3407 accessit

594 3452 689 3533 ad
749 3462 1072 3560 patrem.
1147 3457 1297 3553 Qui
1347 3458 1602 3539 statim
1676 3458 1853 3540 fecit
1921 3485 2098 3540 eum
2150 3458 2417 3541 haberi
2468 3457 2614 3541 sub
2666 3458 3010 3541 custodia
3032 3519 3055 3566 ,
3113 3466 3189 3540 et
3238 3466 3411 3565 post

591 3584 1152 3695 aliquantulum
1205 3591 1565 3699 temporis
1614 3600 1922 3701 captum
1975 3591 2337 3700 relegavit
2391 3617 2568 3673 eum
2620 3592 2700 3672 in
2757 3617 2994 3702 regno
3043 3589 3398 3698 Apuliae,

592 3717 721 3801 ubi
758 3720 904 3804 sub
940 3732 1148 3804 arcta
1182 3724 1528 3807 custodia
1564 3726 1990 3834 tenebatur,
2023 3724 2233 3835 justo
2269 3726 2404 3807 Dei
2440 3725 2754 3833 punitus
2780 3724 3095 3834 judicio.
3136 3725 3402 3805 Annal.

590 3858 880 3961 Arqent.
952 3882 1076 3964 ap.
1128 3856 1517 3963 Boanum,
1577 3867 1873 3957 Fontes,
1926 3869 1986 3941 t.
2055 3859 2202 3965 ΙΙΙ,
2269 3886 2348 3967 p.
2417 3859 2818 3939 108-109.
2858 3902 2968 3919 -
3010 3856 3405 3938 Heinricus

591 3985 893 4067 veniens
957 3989 1056 4069 ad
1118 4000 1414 4097 patrem
1468 3991 1548 4072 in
1609 3991 2031 4077 Wormatia
2093 3989 2690 4072 misericordiam
2751 3988 3000 4099 petiit,
3062 3986 3197 4069 sed
3250 4011 3403 4069 non

592 4114 940 4201 obtinuit.
1000 4121 1355 4231 Fecitque
1408 4150 1586 4207 eum
1650 4125 1820 4232 capi
1880 4136 2093 4233 pater
2148 4148 2333 4206 suus
2400 4131 2475 4204 et
2526 4123 2605 4203 in
2661 4121 2979 4204 domum
3042 4144 3407 4230 magnam

591 4247 967 4358 lapideam
1010 4254 1212 4337 circa
1266 4257 1630 4341 Sanctum
1676 4258 2063 4340 Andream
2118 4255 2432 4339 includi.
2496 4255 2562 4336 A
2612 4281 2766 4364 quo
2820 4254 3230 4363 perductus
3265 4253 3410 4336 fuit

661 4552 727 4624 (4)
765 4554 1036 4612 Alei-heim
1059 4559 1123 4613 in
1150 4559 1328 4628 Reiss,
1359 4577 1466 4618 non
1493 4560 1677 4635 procul
1707 4577 1738 4618 a
1766 4562 2089 4635 Nordlingen
2113 4577 2303 4619 versus
2327 4560 2619 4632 orientem3
2647 4560 2789 4633 quod
2814 4565 3046 4617 castrum
3073 4561 3140 4617 ad
3161 4561 3407 4617 comitem

594 4646 656 4703 de
678 4649 967 4723 OEttingen
997 4656 1316 4725 pertinebat.

664 4745 734 4819 (Ξ)
773 4747 1140 4809 verisimiliter
1161 4755 1437 4812 Bet-cholda·
1460 4756 1522 4813 de
1554 4756 1909 4814 Tannenrode.
