4500 5956
1026 603 1148 664 970
1941 615 2194 678 INDEX
2243 622 2945 690 DOCUMENTORUM.

1042 773 3851 880 ΓΜ

1046 940 1116 991 14
1148 948 1285 1008 aug.
1349 932 1463 1009 Ap.
1482 935 1750 998 Castrum
1798 972 1879 985 —
1918 944 2201 1022 Gregorio
2238 967 2425 1027 papae
2469 961 2676 1016 notum
2721 956 2862 1017 facit
2899 973 2963 1017 se
3005 974 3112 1035 pro
3155 965 3323 1035 parte
3365 977 3475 1022 sua
3519 969 3580 1023 et
3615 961 3723 1024 filii
3767 968 3858 1025 sui

1395 1030 1703 1094 Johannis.
1875 1046 2065 1101 ratam
2092 1044 2310 1107 habere
2335 1053 2732 1126 provisionem
2778 1053 2856 1113 ab
2900 1057 3029 1131 ipso
3073 1071 3228 1133 papa
3270 1056 3488 1118 factam
3532 1075 3707 1138 super
3733 1061 3856 1122 dis-

1876 1136 2075 1197 cordia
2102 1141 2261 1201 inter
2286 1161 2349 1203 se
2371 1152 2432 1205 et
2457 1146 2844 1209 Lornbardiae
2872 1151 3210 1211 societatem
3238 1160 3520 1214 vertente.
3739 1168 3846 1219 451

1087 1226 1235 1297 sept.
1332 1221 1399 1281 In
1436 1223 1583 1283 urbe
1614 1223 1768 1285 felici
1797 1260 1877 1275 --
1914 1232 2128 1295 Ursoni
2168 1237 2553 1317 Agrigentino
2595 1246 2888 1322 episcopo,
2915 1246 2994 1307 ad
3019 1248 3360 1323 exemplum
3401 1250 3856 1326 praedecessoris

1394 1318 1699 1380 Panormi.
1875 1330 1967 1387 sui
2014 1333 2168 1409 regis
2220 1336 2518 1398 Guillelmi
2557 1340 2618 1399 II
2632 1384 2649 1411 ‚
2696 1343 2968 1403 concedit
3013 1343 3343 1405 libertatem
3384 1347 3734 1409 extrahendi
3783 1351 3856 1411 de

1874 1431 2052 1498 portu
2078 1428 2386 1507 Agrigenti
2412 1440 2702 1496 trecentas
2727 1438 2945 1499 salmas
2970 1438 3250 1501 frumenti
3277 1444 3607 1502 annuatim.
3740 1454 3854 1507 453

1055 1522 1127 1574 12
1151 1518 1270 1574 oct.
1331 1511 1398 1571 In
1434 1511 1580 1572 urbe
1615 1512 1765 1574 felici
1795 1549 1876 1562 —
1916 1520 2155 1584 Civibus
2196 1527 2632 1592 Panormitanis
2671 1550 2773 1609 per
2811 1536 3062 1610 speciale
3095 1536 3471 1616 privilegium
3497 1542 3766 1603 coneedit
3791 1550 3859 1604 ut

1392 1609 1695 1670 Panormi.
1873 1633 1996 1676 non
2031 1619 2401 1683 obstantibus
2442 1630 2960 1691 constitutionibus
2999 1632 3231 1693 Melfiae
3274 1634 3482 1712 editis,
3510 1637 3599 1697 uti
3632 1641 3857 1714 possint

1872 1727 2075 1772 eorum
2119 1720 2642 1782 consuetudinibus
2687 1725 3021 1800 approbatis
3052 1743 3069 1784 ε
3100 1729 3322 1790 scilieet
3362 1739 3433 1792 ut
3470 1733 3671 1793 nullus
3711 1735 3857 1795 civis

1873 1811 2003 1885 cogi
2029 1809 2240 1871 debeat
2265 1819 2422 1875 exire
2450 1818 2524 1877 de
2545 1821 2782 1881 civitate
2809 1822 2885 1883 ad
2912 1825 3278 1887 causandum
3294 1872 3312 1904 ,
3338 1833 3455 1888 etc.
3739 1840 3850 1890 454

1063 1895 1257 1980 [τισι]
1348 1940 1758 1960 .......
1794 1936 1869 1949 -
1912 1901 2455 1994 [Cremonensibus]
2494 1918 2821 1992 gratulatur
2866 1921 3029 1997 quod
3072 1923 3145 1982 T.
3185 1922 3259 1982 de
3307 1920 3601 2006 [Aquino]
3647 1930 3855 1987 nuntio

1869 2018 1976 2062 suo
2004 2005 2350 2083 obsequium
2379 2012 2774 2087 exhibuerint,
2806 2033 3022 2095 eosque
3048 2026 3246 2081 monet
3269 2037 3333 2081 se
3359 2021 3436 2082 ad
3460 2037 3663 2082 eorum
3689 2025 3852 2084 exal-

1871 2102 2152 2161 tationem
2178 2105 2243 2163 in
2271 2110 2545 2182 proximo
2571 2115 3028 2185 praesentialiter
3054 2116 3472 2182 adventurum.
3736 2130 3848 2181 455

1066 2200 1098 2251 3
1126 2190 1252 2251 dec.
1411 2191 1678 2253 Buterae.
1792 2227 1872 2238 —
1907 2196 2186 2275 Gregorio
2208 2218 2393 2279 papae
2421 2207 2626 2267 scribit
2660 2225 2724 2269 se
2748 2219 3020 2287 paratum
3047 2229 3174 2274 esse
3199 2215 3277 2275 ad
3303 2218 3706 2293 praeliandum
3734 2236 3852 2281 una

1870 2308 2007 2352 cum
2035 2296 2162 2370 ipso
2201 2305 2405 2359 contra
2443 2301 2637 2364 hostes
2661 2303 2827 2377 fldei;
2860 2307 2936 2368 de
2964 2308 3246 2372 fratribus
3270 2328 3413 2372 vero
3436 2315 3849 2390 praedicatori-

1871 2387 1984 2448 bus
2025 2391 2103 2449 ad
2150 2392 2502 2457 Sarracenos
2547 2399 2827 2461 Luceriae
2870 2406 3175 2466 mittendis
3216 2423 3324 2483 pro
3367 2425 3573 2469 eorum
3608 2426 3849 2471 conver·

1869 2487 2063 2564 sione,
2095 2492 2413 2565 respondet
2438 2501 2508 2555 ut
2532 2500 2723 2557 securi
2751 2501 3007 2561 veniant.
3736 2516 3846 2568 457

1030 2574 1294 2636 decemb.
1450 2580 1627 2657 Apud
1794 2613 1870 2624 —
1911 2581 2003 2641 Ad
2028 2600 2228 2659 preces
2257 2586 2440 2648 Ulrici
2467 2590 2699 2653 abbatis
2725 2599 3065 2656 monasterii
3092 2597 3167 2657 de
3203 2597 3421 2676 Cappel
3465 2603 3627 2680 apud
3669 2604 3852 2664 Ture-

1340 2675 1737 2755 Syracuslam.
1871 2693 2012 2755 gum
2032 2724 2049 2755 ‚
2092 2697 2226 2741 eum
2258 2692 2319 2743 et
2345 2696 2704 2750 conventum
2733 2695 2865 2770 ejus
2888 2710 3025 2754 cum
3054 2695 3225 2755 bon1s
3252 2698 3317 2755 in
3361 2702 3722 2774 protectione
3747 2716 3854 2760 sua

1869 2777 2117 2852 suscipit
2133 2820 2151 2849 ,
2196 2785 2257 2838 et
2291 2780 2402 2841 sub
2443 2800 2628 2859 poena
2669 2787 3095 2866 indignationis
3137 2807 3280 2851 suae
3328 2792 3559 2854 inhibet
3601 2812 3678 2855 ne
3722 2797 3853 2872 quis

1871 2871 2143 2933 eumdem
2177 2877 2241 2934 in
2269 2877 2610 2942 hominibus
2647 2889 2708 2943 et
2746 2886 3209 2960 possessionibus
3249 2889 3511 2952 indebite
3550 2892 3855 2953 molestare

1866 2977 2227 3044 praesumat.
3733 2998 3850 3049 458

1086 3060 1242 3142 [dec.
1363 3064 1725 3142 Syracusis.]
1792 3098 1871 3110 —
1910 3069 2215 3133 Universis
2239 3073 2315 3133 de
2343 3091 2526 3153 regno
2552 3094 2661 3138 suo
2687 3081 2915 3142 inhibet
2939 3099 3016 3143 ne
3039 3082 3147 3144 ulli
3171 3083 3430 3147 filiorum
3470 3087 3567 3147 vel
3600 3086 3851 3148 filiarum

1873 3169 2041 3244 regni
2084 3173 2524 3234 matrimonium
2567 3192 2704 3237 cum
2740 3179 3076 3258 alienigenis
3101 3182 3445 3244 contrahere
3468 3186 3594 3244 sine
3618 3185 3853 3261 speciali

1048 3217 1274 3293 1234
1871 3264 2066 3322 curiae
2094 3280 2234 3325 suae
2263 3284 2550 3331 consensu
2578 3273 2770 3334 liceat.
3568 3289 3706 3352 458,
3736 3287 3849 3341 459

1036 3349 1274 3422 januar.
1380 3354 1708 3417 Messanae.
1791 3387 1872 3399 —
1912 3356 2120 3420 Curias
2146 3361 2437 3426 solemnes
2486 3366 2580 3428 bis
2623 3372 2686 3430 in
2731 3388 2889 3432 anno
2932 3374 2994 3431 in
3039 3373 3285 3436 diversis
3333 3377 3498 3454 regni
3543 3377 3852 3452 provinciis

1871 3460 2315 3535 congregandas
2341 3467 2579 3537 statuit;
2622 3468 2757 3542 ubl,
2785 3472 3151 3546 praesidente
3174 3477 3394 3535 nuncio
3418 3475 3491 3535 de
3527 3476 3706 3536 latere
3746 3493 3851 3536 suo

1872 3555 2238 3629 transmisso,
2270 3556 2345 3617 de
2388 3560 2624 3623 damnis
2658 3570 2718 3624 et
2751 3565 2985 3640 injuriis
3027 3585 3064 3628 a
3105 3573 3229 3629 suis
3264 3568 3615 3632 officialibus
3640 3573 3850 3649 cuique

1870 3649 2050 3710 illatis
2077 3655 2350 3727 querelae
2378 3658 2748 3735 deponantur
2771 3668 2832 3722 et
2865 3666 3169 3742 inquisitio
3194 3667 3322 3728 ssat.
3735 3678 3847 3730 460

1046 3743 1119 3797 14
1144 3734 1275 3796 febr
1279 3780 1759 3807 ........
1793 3777 1872 3790 —
1912 3746 2210 3810 Matthaeo
2225 3752 2666 3837 Marchafabae,
2680 3760 2948 3821 dohanas
2971 3765 3293 3840 imperialis
3316 3772 3540 3827 secreto
3563 3774 3624 3827 et
3645 3783 3851 3844 quaes-

1873 3847 2067 3903 torum
2095 3848 2400 3924 magistro,
2431 3853 2674 3915 mandat
2716 3862 2786 3916 ut
2823 3859 3086 3934 inquirat
3124 3858 3202 3918 de
3232 3860 3638 3936 jurisdictione
3671 3876 3850 3938 quam

1874 3944 1987 4005 sibi
2052 3947 2510 4014 archimandrita
2574 3955 2968 4020 Messanensis
3034 3961 3311 4021 vendicat
3365 3963 3430 4021 in
3484 3967 3639 4022 terra
3695 3962 3849 4021 Tuc-

1874 4041 2012 4103 chii.
3734 4065 3847 4117 463

1024 4133 1096 4184 13
1126 4127 1293 4203 april.
1354 4174 1762 4195 .......
1795 4169 1874 4184 -
1912 4139 2030 4200 Pro
2071 4146 2257 4219 gratis
2301 4153 2361 4207 et
2410 4152 2664 4227 acceptis
2718 4155 2971 4213 servitiis
3005 4153 3385 4228 Pisanorum,
3423 4154 3718 4215 licentiam
3769 4155 3853 4213 eis

1875 4238 2145 4298 concedit
2186 4242 2398 4315 eundi,
2431 4247 2704 4306 morandi
2730 4254 2790 4309 et
2815 4249 3096 4309 redeundi
3123 4249 3305 4311 libere
3331 4250 3409 4311 ad
3433 4249 3851 4327 negotiandum

1874 4336 1935 4392 in
1980 4339 2177 4412 regnis
2222 4342 2379 4414 suis,
2414 4344 2745 4418 specialiter
2789 4353 2987 4408 autem
3042 4348 3201 4425 apud
3255 4345 3589 4408 Messanam
3632 4353 3692 4407 et
3735 4346 3852 4407 Pa-

1873 4446 2171 4492 normum.
3035 4473 3042 4480 ·
3737 4450 3851 4501 464

1069 4512 1262 4588 &prili-
1511 4520 1583 4579 In
1797 4554 1878 4568 —
1915 4524 2167 4604 Rogerio
2194 4528 2457 4593 Tullensi
2478 4536 2750 4613 episcopo
2781 4544 3016 4616 propter
3042 4540 3409 4600 incursiones
3432 4539 3694 4600 hostium
3720 4554 3855 4599 auc-

1370 4615 1731 4679 Landouve'l
1875 4625 2169 4685 toritatem
2197 4629 2467 4690 concedit
2507 4632 2780 4694 firmandi
2819 4637 3118 4697 civitatem
3152 4639 3334 4714 ipsius
3358 4636 3695 4698 Tullensem
3717 4650 3852 4695 eum

1877 4723 2058 4780 muris
2087 4729 2144 4779 et
2173 4723 2426 4786 fossatis,
3739 4740 3850 4791 464
