4500 5956
825 1117 1107 1173 Eleum·

846 1172 1082 1217 decembri.

1205 522 1330 585 804
2202 527 2634 590 munemel
2684 527 3028 591 SECUNDI
3647 529 3809 608 [Anu.
3847 530 4019 594 1235.

1684 845 3383 857 ffl-——a--m—-mffl-
3395 848 3530 860 —

1311 1122 1736 1206 Fridericus
1753 1185 1776 1231 ,
1833 1123 2354 1207 Romanorum
2398 1124 2839 1234 imperator,
2895 1123 3091 1206 duas
3141 1132 3394 1233 partes
3430 1123 3734 1234 judicii,
3779 1124 4025 1208 advo-

1208 1257 1444 1340 catiae
1478 1264 1554 1339 et
1597 1255 2087 1339 collectarum
2139 1254 2215 1337 in
2273 1255 2471 1338 valle
2507 1253 2763 1338 Sancti
2800 1254 3142 1367 Gregorii
3189 1282 3237 1339 a
3270 1257 3729 1341 monasterio
3764 1258 4020 1341 Sancti

1209 1387 1551 1499 Gregorii
1615 1414 1696 1470 se
1769 1386 2145 1496 accepisse
2194 1395 2555 1495 testatur3
2612 1388 2825 1498 quod
2878 1388 3425 1471 monasterium
3486 1389 3818 1473 vicissim
3873 1390 4020 1474 sub

1201 1545 1345 1602 sua
1382 1519 1686 1628 speciali
1721 1519 2181 1629 protectione
2215 1519 2508 1628 recipit.

1367 1733 1632 1807 (Edlder.
1661 1735 1886 1812 Lumo,
1913 1731 2330 1809 Reiclcsarcleiv,
2359 1739 2408 1797 t.
2436 1733 2604 1808 XIX,
2637 1750 2702 1812 p.
2735 1743 2909 1796 1101.
2934 1767 3016 1782 —
3036 1734 3442 1810 Senonum,
3464 1730 3655 1801 alsat.
3684 1732 4014 1816 dapmnum,

1441 1846 1589 1902 tom.
1620 1841 1673 1916 I,
1703 1857 1766 1919 p.
1802 1849 1942 1915 372,
1964 1855 2044 1900 ex
2067 1845 2300 1918 autogr.
2330 1839 2530 1901 abbat.
2561 1839 2626 1902 S.
2656 1838 2933 1921 Grcgor.)

1291 2024 1705 2117 FridericuS,
1746 2024 1870 2098 Dei
1906 2025 2127 2120 gratia
2157 2024 2619 2099 Romanorum
2668 2024 3037 2119 imperator
3077 2045 3349 2120 semper
3386 2033 3758 2119 augustus,
3800 2026 4016 2099 Jeru-

1194 2150 1409 2222 salem
1443 2157 1513 2222 et
1536 2148 1766 2221 Sicilie
1797 2168 1950 2222 rex,
1997 2148 2124 2221 Per
2160 2169 2444 2242 presens
2475 2147 2810 2243 scriptum
2851 2156 3094 2219 notum
3129 2144 3277 2219 fieri
3312 2148 3639 2219 volumus
3671 2146 4017 2220 universis

1190 2271 1517 2345 fidelibus
1549 2271 1798 2344 nostris
1821 2270 2092 2368 imperii
2127 2279 2267 2343 tam
2302 2269 2732 2365 presentibus
2760 2291 2973 2366 quam
3005 2270 3254 2341 futuris
3287 2268 3511 2365 quod,
3545 2293 3702 2343 cum
3739 2270 3829 2345 de
3856 2273 4014 2364 jure

1191 2395 1604 2469 haberemus
1638 2396 1710 2466 in
1737 2394 1919 2468 valle
1945 2394 2175 2468 Sancti
2211 2394 2518 2489 Gregorii
2554 2416 2765 2467 unam
2790 2402 3053 2489 partem
3072 2392 3318 2485 judicii
3334 2448 3357 2486 ,
3389 2391 3751 2467 advocatie
3775 2402 3845 2467 et
3874 2395 4014 2466 col-

1189 2520 1525 2593 lectarum
1552 2526 1623 2591 et
1644 2518 2133 2591 monasterium
2161 2516 2472 2612 ejusdem
2493 2518 2721 2590 Sancti
2751 2516 3062 2610 Gregorii
3091 2515 3181 2589 de
3203 2514 3529 2611 predictis
3550 2514 3836 2590 haberet
3854 2516 4014 2589 reli-

1188 2665 1367 2739 quas
1402 2641 1578 2716 duas
1599 2652 1854 2738 partes,
1886 2642 1963 2714 F.
1992 2637 2092 2737 (a)
2123 2640 2537 2714 venerabilis
2564 2640 2780 2713 abbas
2815 2649 2886 2713 et
2919 2648 3299 2713 conventus
3325 2639 3717 2713 monasterii
3753 2640 4001 2735 ἱρείης,

1187 2766 1430 2840 fideles
1451 2766 1689 2858 nostri,
1720 2773 1799 2837 ut
1825 2765 2200 2862 pleniorem
2223 2764 2444 2859 gratie
2469 2772 2539 2836 et
2563 2763 2998 2858 protectionis
3022 2774 3255 2836 nostre
3275 2761 3631 2862 [fructum]
3661 2763 3796 2836 sibi
3827 2764 4010 2837 circa

1191 2888 1510 2985 ejusdem
1547 2888 1940 2961 monasterii
1967 2886 2334 2961 commoda
2364 2896 2433 2960 et
2455 2889 2801 2985 profectus
2826 2886 3283 2983 acquirerent,
3310 2894 3507 2982 grata
3533 2895 3603 2959 et
3627 2894 4007 2982 spontanea

1186 3016 1542 3087 voluntate
1591 3035 1722 3086 sua
1776 3013 2072 3109 prefatas
2128 3011 2306 3085 duas
2347 3019 2575 3107 partes
2629 3009 2720 3084 ad
2769 3011 3261 3084 monasterium
3299 3010 3530 3106 ipsum
3579 3017 4002 3106 spectanteS,

1184 3145 1268 3209 ut
1297 3135 1562 3209 dictum
1591 3144 1721 3228 est,
1756 3134 1955 3207 nobis
1990 3144 2057 3207 et
2089 3134 2380 3229 imperio
2407 3133 2868 3221 donaverunt,
2901 3133 3111 3207 salvis
3146 3133 3681 3207 villicationibus
3715 3133 4008 3226 aliisque

1178 3259 1455 3356 juribus
1517 3281 1658 3355 que
1720 3265 1983 3331 constat
2041 3257 2303 3330 dictum
2362 3256 2854 3330 monasterium
2912 3255 3245 3330 hactenus
3299 3255 3658 3348 habuisse,
3695 3263 3764 3329 et
3810 3256 4008 3328 salva

1183 3383 1394 3456 etiam
1428 3380 1798 3455 medietate
1837 3380 2135 3454 duarum
2178 3380 2477 3476 partium
2526 3381 2804 3453 collecte
2855 3380 2987 3476 ipsi
3047 3380 3456 3453 monasterio
3511 3378 3744 3452 debite
3792 3400 4004 3473 quam

1185 3506 1567 3582 reservavit
1601 3505 1734 3578 sibi
1764 3504 2254 3577 monasterium
2308 3503 2778 3600 supradictum
2799 3559 2821 3599 ,
2855 3505 3193 3600 reliquam
3222 3502 3657 3578 medietatem
3703 3502 3904 3575 nobis
3937 3510 4007 3575 et

1158 3609 1476 3728 'imperio
1528 3627 1946 3704 conferendo
1993 3632 2197 3722 juxta
2254 3637 2561 3701 tenorem
2614 3628 2978 3722 cujusdam
3036 3626 3269 3725 scripti
3341 3627 3722 3721 sigillorum
3784 3625 4006 3721 ipsius

1180 3756 1453 3830 abbatis
1483 3766 1552 3828 et
1585 3762 1966 3828 conventus
2003 3751 2388 3825 munimine
2418 3753 2740 3825 roborati.
2784 3754 3064 3848 Propter
3092 3750 3282 3846 quod
3317 3749 3807 3823 monasterium
3846 3770 4004 3845 pre-

1177 3880 1606 3953 nominatum
1659 3899 1822 3951 cum
1871 3877 2040 3973 ipsis
2099 3876 2351 3949 abbate
2401 3884 2471 3949 et
2524 3885 2867 3950 conventu
2914 3885 2985 3949 et
3034 3875 3359 3950 omnibus
3412 3873 3616 3946 bonis
3666 3872 3811 3945 suis
3861 3894 4004 3968 que

1181 4027 1369 4078 nunc
1400 4007 1586 4100 juste
1638 4011 1869 4076 tenent
1899 4011 1970 4074 et
2004 4000 2359 4097 possident
2391 4010 2463 4073 et
2495 4000 2568 4072 in
2611 4010 2812 4074 antea
2846 4004 3036 4095 justo
3078 4000 3276 4073 titulo
3306 4005 3628 4095 poterunt
3656 3995 3994 4093 adipisci,

1181 4128 1320 4199 sub
1372 4135 1601 4201 nostra
1658 4135 1727 4199 et
1781 4125 2050 4221 imperii
2106 4124 2526 4221 protectione
2579 4125 2966 4219 recepimus
3024 4123 3333 4221 speciali.
3392 4120 3731 4194 Presentis
3785 4118 4002 4213 igitur

1181 4250 1415 4344 scripti
1464 4249 1877 4322 authoritate
1928 4247 2344 4321 mandamus
2377 4256 2718 4341 quatenus
2753 4249 2984 4321 nullus
3028 4248 3119 4320 sit
3157 4245 3278 4341 qui
3318 4245 3581 4319 dictum
3632 4251 3999 4316 monaste—

1180 4372 1359 4444 rium
1382 4425 1402 4463 ,
1440 4372 1759 4443 abbatem
1803 4379 1873 4443 et
1905 4381 2322 4443 conventum
2375 4372 2447 4444 in
2477 4372 2785 4466 personis
2822 4381 2941 4444 aut
2970 4371 3173 4444 bonis
3206 4368 3487 4466 prefatis
3522 4374 3760 4440 contra
3786 4364 4000 4459 hujus

1174 4494 1619 4592 protectionis
1665 4501 1898 4566 nostre
1930 4502 2235 4568 tenorem
2269 4515 2443 4567 ausu
2482 4495 2841 4568 temerario
2885 4494 3220 4591 impedire
3246 4494 3360 4566 vel
3397 4491 3777 4587 inquietare
3820 4510 3996 4585 pre-

1260 4644 1348 4725 (a)
1389 4644 1619 4708 semoet
1642 4640 1992 4705 fridericus.
