4500 5956
658 610 853 669 lunio-r.
885 604 971 688 9.]
1546 599 1944 663 HISTORIA
1998 598 2587 662 DIPLOMATICA.
3365 604 3486 666 893

657 742 982 815 culminis
1014 736 1426 833 imperialia,
1464 744 1533 809 et
1564 737 1697 809 nisi
1733 736 2028 832 predicti
2068 738 2258 810 cives
2292 735 2677 831 Magantini
2713 757 2942 809 coram
2978 756 3106 808 suo
3136 735 3377 827 judice
3411 738 3483 809 in

657 865 936 938 civitate
991 861 1397 956 Maguntina
1435 860 1642 951 juxta
1687 861 1848 953 jura
1886 869 1956 933 et
1986 860 2525 933 consuetudines
2559 860 2776 954 ipsius
2829 859 3126 933 civitatis
3171 881 3477 954 conque-

656 987 967 1060 rentibus
1019 984 1110 1057 de
1161 984 1328 1076 ipsis
1386 982 1880 1077 denegaverint
1926 984 2267 1076 justitiam
2317 983 2670 1056 exhibere.
2725 984 3102 1055 Statuimus
3157 983 3363 1076 igitur
3411 995 3481 1056 et

655 1110 991 1205 presentis
1041 1106 1385 1202 privilegii
1431 1107 1834 1179 auctoritate
1880 1105 2296 1179 mandamus
2335 1114 2676 1198 quatenus
2722 1106 2911 1176 nulla
2961 1127 3287 1201 persona,
3332 1105 3477 1178 hu-

654 1232 835 1303 milis
871 1232 981 1302 vel
1021 1231 1372 1321 sublimis,
1415 1238 1649 1301 contra
1693 1229 2027 1324 presentis
2062 1230 2280 1322 gratie
2314 1239 2545 1301 nostre
2581 1228 2904 1322 paginam
2939 1230 3182 1301 venire
3221 1238 3476 1302 temere

652 1363 1029 1449 presumat.
1074 1351 1279 1438 Quod
1315 1352 1438 1447 qui
1468 1351 1960 1448 presumpserit
1999 1352 2071 1422 in
2105 1349 2488 1424 vindictam
2523 1351 2923 1424 temeritatis
2955 1373 3082 1423 sue
3114 1354 3471 1446 quinqua-

654 1478 847 1571 ginta
878 1498 1142 1549 marcas
1171 1476 1322 1548 auri
1358 1485 1758 1571 componat,
1789 1496 2087 1569 quarum
2129 1475 2361 1547 media
2406 1497 2567 1570 pars
2611 1496 2877 1547 camere
2908 1485 3171 1566 nostre,
3209 1476 3470 1569 reliqua

654 1622 820 1673 vero
853 1623 1010 1695 pars
1043 1600 1265 1696 passis
1295 1600 1613 1692 injuriam
1644 1599 2097 1693 persolvatur.
2126 1596 2240 1670 Ad
2266 1598 2475 1690 hujus
2503 1598 2737 1692 itaque
2759 1599 2977 1691 gratie
3010 1608 3238 1670 nostre
3267 1599 3471 1671 robur

653 1733 986 1819 perpetuo
1018 1725 1420 1813 valiturum,
1457 1744 1739 1817 presens
1773 1720 2216 1816 privilegium
2256 1719 2402 1793 fieri
2438 1731 2507 1794 et
2537 1721 2765 1816 sigillo
2792 1733 3020 1793 nostre
3043 1721 3471 1794 celsitudinis

644 1848 981 1939 jussimus
1011 1847 1445 1920 communiri.

749 1972 972 2063 Hujus
1009 1980 1239 2043 autem
1276 1972 1375 2042 rei
1407 1979 1612 2041 testes
1647 1976 1809 2041 sunt
1850 1994 1868 2038 ε
1910 1967 2342 2039 venerabiles
2384 1966 2677 2038 Sifridus
2720 1967 3203 2059 Magantinus,
3251 1967 3471 2040 Theo-

652 2091 925 2165 dericus
950 2093 1373 2165 Trevirensis
1401 2090 1925 2187 archiepiscopi,
1953 2091 2188 2163 Siboto
2213 2090 2693 2182 Augustensis,
2723 2090 3076 2163 Conradus
3098 2091 3461 2186 Spirensis,

650 2216 1005 2290 Conradus
1029 2217 1486 2311 Frisingensis
1521 2216 1853 2311 episcopi,
1891 2216 2224 2288 Henricus
2249 2216 2677 2308 lantgravius
2704 2214 3107 2308 Thuringie,
3144 2214 3468 2287 Albertus

649 2342 800 2415 dux
831 2343 1168 2432 Saxonis,
1209 2344 1642 2416 Hermannus
1681 2340 1986 2412 marchio
2028 2341 2117 2413 de
2155 2339 2427 2431 Baden,
2466 2338 2813 2412 Gotfridus
2863 2346 2933 2412 et
2974 2338 3329 2412 Conradus
3370 2340 3464 2412 de

643 2464 1043 2537 Hohenloch
1078 2465 1363 2537 comites
1389 2464 1812 2554 Romaniole,
1851 2484 2081 2535 comes
2122 2462 2458 2534 Henricus
2491 2461 2582 2534 de
2619 2460 3109 2555 Waldenherg,
3143 2462 3464 2534 Gerlacus

643 2588 737 2660 de
769 2587 1160 2680 Budingen,
1202 2586 1554 2660 Gotfridus
1599 2586 1691 2658 de
1719 2586 2173 2681 Eppenstein,
2207 2586 2571 2658 Heinricus
2606 2586 2697 2659 de
2727 2585 3083 2677 Isenburg‚
3125 2584 3461 2655 Henricus

645 2710 734 2783 de
762 2710 1228 2806 Bappenheim
1273 2710 1642 2804 imperialis
1680 2710 1841 2781 aule
1876 2710 2320 2798 marscalcus,
2359 2711 2730 2781 Wernerus
2762 2706 2854 2779 de
2890 2706 3219 2779 Bolandia
3263 2708 3463 2798 ejus-

643 2835 802 2907 dem
855 2835 1014 2906 aule
1061 2833 1359 2929 dapifer,
1410 2831 1766 2905 Conradus
1823 2833 2151 2927 pincerna
2212 2830 2303 2903 de
2359 2832 2867 2903 Winterstetten
2889 2882 2910 2921 ,
2962 2830 3319 2925 Philippus
3369 2830 3460 2903 de

641 2956 1043 3050 Hohenfels,
1095 2957 1455 3054 Philippus
1505 2955 1596 3029 de
1631 2955 1965 3029 Bolandia
2011 2966 2082 3029 et
2130 2954 2487 3051 Philippus
2541 2953 2630 3028 de
2677 2952 3121 3027 Wallenstein
3145 3007 3166 3046 ,
3223 2963 3294 3027 et
3341 2954 3458 3028 alii

737 3103 849 3153 am
901 3083 1106 3153 lures.

639 3102 909 3277 quAct}
968 3212 1130 3276 sunt
1184 3203 1317 3277 hec
1361 3224 1545 3276 anno
1587 3203 1934 3276 dominice
1975 3201 2466 3274 incarnationis
2512 3202 2608 3273 M.
2641 3200 2765 3272 CC.
2826 3198 3170 3272 tricesimo
3231 3208 3459 3289 sexto,

638 3349 876 3399 mense
906 3328 1100 3419 julii,
1140 3348 1322 3400 nona
1364 3327 1777 3413 indictione,
1826 3329 2208 3422 imperante
2256 3324 2538 3397 domino
2568 3323 2910 3397 Friderico
2958 3324 3296 3413 secundo,
3338 3326 3463 3398 Dei

638 3451 857 3545 gratia
890 3451 1355 3523 Romanorum
1392 3450 1799 3545 imperatore
1832 3471 2101 3545 semper
2134 3457 2459 3543 augusto,
2492 3449 2865 3521 Jerusalem
2899 3457 2970 3520 et
3004 3448 3234 3520 Sicilie
3264 3470 3455 3543 rege,

637 3574 926 3647 Romani
971 3575 1239 3669 imperii
1292 3575 1445 3666 ejus
1490 3596 1673 3648 anno
1724 3575 1945 3662 XVII,
1982 3573 2179 3666 regni
2227 3594 2394 3646 vero
2436 3574 2585 3666 ejus
2625 3572 2855 3644 Sicilie
2905 3571 3251 3644 tricesimo
3291 3593 3461 3666 sep-

638 3699 805 3772 timo
843 3696 971 3793 (a),
1001 3698 1313 3770 feliciter.
1353 3697 1601 3770 Amen.

733 3824 982 3895 Datum
1017 3820 1209 3918 apud
1241 3821 1654 3914 Augustam,
1697 3841 1906 3907 anno,
1943 3840 2181 3892 mense
2205 3828 2276 3891 et
2307 3817 2682 3890 indictione
2713 3815 3127 3911 prescriptis.

742 4388 1205 4499 FridericuS,
1247 4392 1768 4476 Romanorum
1813 4392 2254 4501 imperator,
2304 4388 2565 4472 scribit
2608 4387 2951 4472 officiatis
2994 4388 3076 4470 in
3123 4414 3453 4498 quorum

628 4522 1155 4628 junsdictione
1190 4523 1395 4607 hona
1429 4524 1708 4608 civium
1741 4525 2363 4636 Maguntinorum
2401 4522 2545 4605 sita
2582 4530 2789 4616 sunt,
2831 4530 2917 4604 ut
2951 4522 3217 4605 eadem
3253 4520 3457 4605 bona

717 4705 801 4789 (a)
836 4710 1081 4774 Rectius
1104 4717 1306 4774 tumen
1326 4730 1485 4775 anno
1508 4714 1741 4794 imperii
1764 4714 1825 4777 X
1831 4714 1933 4777 111⁰
1960 4721 2017 4776 et
2041 4715 2210 4796 requi
2236 4709 2433 4777 Sicilie
2460 4711 2740 4776 tricesimo
2764 4727 2937 4772 nono.

3617 4415 3744 4468 Apud

3543 4469 3808 4520 Augustam,

3608 4522 3740 4574 julio.
