<?xml version="1.0" encoding="UTF-8"?>
<!DOCTYPE html PUBLIC "-//W3C//DTD XHTML 1.0 Transitional//EN"
    "http://www.w3.org/TR/xhtml1/DTD/xhtml1-transitional.dtd">
<html xmlns="http://www.w3.org/1999/xhtml" xml:lang="en" lang="en">
 <head>
  <title>
</title>
<meta http-equiv="Content-Type" content="text/html;charset=utf-8" />
  <meta name='ocr-system' content='tesseract 3.04.00' />
  <meta name='ocr-capabilities' content='ocr_page ocr_carea ocr_par ocr_line ocrx_word'/>
</head>
<body>
  <div class='ocr_page' id='page_1' title='image "./historiadiploma00empegoog_0149.png"; bbox 0 0 4500 5956; ppageno 0'>
   <div class='ocr_carea' id='block_1_1' title="bbox 583 574 3394 655">
    <p class='ocr_par' dir='ltr' id='par_1_1' title="bbox 583 574 3394 655">
     <span class='ocr_line' id='line_1_1' title="bbox 583 574 3394 655; baseline 0 -18"><span class='ocrx_word' id='word_1_1' title='bbox 583 582 773 638; x_wconf 77' lang='grc' dir='ltr'>Ιιιιιισι.</span> <span class='ocrx_word' id='word_1_2' title='bbox 811 578 894 655; x_wconf 88' lang='grc'><strong>7.]</strong></span> <span class='ocrx_word' id='word_1_3' title='bbox 1477 575 1868 637; x_wconf 76' lang='lat' dir='ltr'>HISTORIA</span> <span class='ocrx_word' id='word_1_4' title='bbox 1916 574 2501 636; x_wconf 60' lang='lat' dir='ltr'><strong>umMA&#39;rch·</strong></span> <span class='ocrx_word' id='word_1_5' title='bbox 3277 574 3394 637; x_wconf 85' lang='lat'><strong>691</strong></span> 
     </span>
    </p>
   </div>
   <div class='ocr_carea' id='block_1_2' title="bbox 582 708 3400 1727">
    <p class='ocr_par' dir='ltr' id='par_1_2' title="bbox 582 708 3400 1669">
     <span class='ocr_line' id='line_1_2' title="bbox 585 708 3400 803; baseline -0.001 -19"><span class='ocrx_word' id='word_1_6' title='bbox 585 708 1013 784; x_wconf 67' lang='lat' dir='ltr'><strong>universitati</strong></span> <span class='ocrx_word' id='word_1_7' title='bbox 1048 714 1274 784; x_wconf 88' lang='lat' dir='ltr'><strong>&#39;vestre</strong></span> <span class='ocrx_word' id='word_1_8' title='bbox 1307 710 1442 782; x_wconf 88' lang='lat' dir='ltr'><strong>sub</strong></span> <span class='ocrx_word' id='word_1_9' title='bbox 1468 711 1753 783; x_wconf 88' lang='lat' dir='ltr'><strong>obtentu</strong></span> <span class='ocrx_word' id='word_1_10' title='bbox 1784 711 2003 803; x_wconf 81' lang='lat' dir='ltr'><strong>gratie</strong></span> <span class='ocrx_word' id='word_1_11' title='bbox 2025 721 2256 782; x_wconf 90' lang='lat' dir='ltr'><strong>nostre</strong></span> <span class='ocrx_word' id='word_1_12' title='bbox 2281 708 2692 782; x_wconf 88' lang='lat' dir='ltr'><strong>mandamus</strong></span> <span class='ocrx_word' id='word_1_13' title='bbox 2728 708 3171 803; x_wconf 81' lang='lat' dir='ltr'><strong>precipiendo</strong></span> <span class='ocrx_word' id='word_1_14' title='bbox 3199 709 3400 781; x_wconf 89' lang='lat' dir='ltr'><strong>vobis</strong></span> 
     </span>
     <span class='ocr_line' id='line_1_3' title="bbox 583 831 3389 928; baseline -0 -23"><span class='ocrx_word' id='word_1_15' title='bbox 583 834 864 907; x_wconf 84' lang='lat' dir='ltr'><strong>firmiter</strong></span> <span class='ocrx_word' id='word_1_16' title='bbox 885 846 957 906; x_wconf 90' lang='lat' dir='ltr'><strong>et</strong></span> <span class='ocrx_word' id='word_1_17' title='bbox 986 835 1295 907; x_wconf 88' lang='lat' dir='ltr'><strong>districte</strong></span> <span class='ocrx_word' id='word_1_18' title='bbox 1322 844 1665 928; x_wconf 89' lang='lat' dir='ltr'><strong>quatenus</strong></span> <span class='ocrx_word' id='word_1_19' title='bbox 1696 836 1768 905; x_wconf 95' lang='lat' dir='ltr'><strong>in</strong></span> <span class='ocrx_word' id='word_1_20' title='bbox 1805 834 1915 906; x_wconf 90' lang='lat' dir='ltr'><strong>bis</strong></span> <span class='ocrx_word' id='word_1_21' title='bbox 1939 856 2079 927; x_wconf 91' lang='lat' dir='ltr'><strong>que</strong></span> <span class='ocrx_word' id='word_1_22' title='bbox 2112 857 2153 905; x_wconf 91' lang='lat' dir='ltr'><strong>a</strong></span> <span class='ocrx_word' id='word_1_23' title='bbox 2180 833 2382 905; x_wconf 89' lang='lat' dir='ltr'><strong>nobis</strong></span> <span class='ocrx_word' id='word_1_24' title='bbox 2407 843 2474 905; x_wconf 91' lang='lat' dir='ltr'><strong>et</strong></span> <span class='ocrx_word' id='word_1_25' title='bbox 2496 833 2786 927; x_wconf 91' lang='lat' dir='ltr'><strong>imperio</strong></span> <span class='ocrx_word' id='word_1_26' title='bbox 2817 841 3023 923; x_wconf 91' lang='lat' dir='ltr'><strong>tenet,</strong></span> <span class='ocrx_word' id='word_1_27' title='bbox 3064 831 3389 923; x_wconf 86' lang='lat' dir='ltr'><strong>thelonio,</strong></span> 
     </span>
     <span class='ocr_line' id='line_1_4' title="bbox 584 955 3396 1053; baseline -0.001 -24"><span class='ocrx_word' id='word_1_28' title='bbox 584 968 893 1047; x_wconf 88' lang='lat' dir='ltr'><strong>moneta,</strong></span> <span class='ocrx_word' id='word_1_29' title='bbox 930 957 1199 1049; x_wconf 89' lang='lat' dir='ltr'><strong>judicio</strong></span> <span class='ocrx_word' id='word_1_30' title='bbox 1244 968 1312 1030; x_wconf 89' lang='lat' dir='ltr'><strong>et</strong></span> <span class='ocrx_word' id='word_1_31' title='bbox 1363 959 1517 1030; x_wconf 89' lang='lat' dir='ltr'><strong>aliis</strong></span> <span class='ocrx_word' id='word_1_32' title='bbox 1553 960 2077 1053; x_wconf 89' lang='lat' dir='ltr'><strong>temporalibus,</strong></span> <span class='ocrx_word' id='word_1_33' title='bbox 2109 960 2372 1030; x_wconf 91' lang='lat' dir='ltr'><strong>nullam</strong></span> <span class='ocrx_word' id='word_1_34' title='bbox 2401 957 2464 1029; x_wconf 94' lang='lat' dir='ltr'><strong>ei</strong></span> <span class='ocrx_word' id='word_1_35' title='bbox 2502 958 2766 1028; x_wconf 85' lang='lat' dir='ltr'><strong>faciatis</strong></span> <span class='ocrx_word' id='word_1_36' title='bbox 2791 955 3252 1028; x_wconf 81' lang='lat' dir='ltr'><strong>obedientiam</strong></span> <span class='ocrx_word' id='word_1_37' title='bbox 3283 955 3396 1029; x_wconf 85' lang='lat' dir='ltr'><strong>vel</strong></span> 
     </span>
     <span class='ocr_line' id='line_1_5' title="bbox 582 1080 3398 1173; baseline -0 -21"><span class='ocrx_word' id='word_1_38' title='bbox 582 1082 1016 1173; x_wconf 88' lang='lat' dir='ltr'><strong>aliquatenus</strong></span> <span class='ocrx_word' id='word_1_39' title='bbox 1042 1081 1447 1171; x_wconf 56' lang='lat' dir='ltr'><strong>intendam,</strong></span> <span class='ocrx_word' id='word_1_40' title='bbox 1482 1082 1902 1154; x_wconf 86' lang='lat' dir='ltr'><strong>reservando</strong></span> <span class='ocrx_word' id='word_1_41' title='bbox 1938 1082 2137 1154; x_wconf 90' lang='lat' dir='ltr'><strong>nobis</strong></span> <span class='ocrx_word' id='word_1_42' title='bbox 2163 1080 2427 1153; x_wconf 89' lang='lat' dir='ltr'><strong>reditus</strong></span> <span class='ocrx_word' id='word_1_43' title='bbox 2457 1080 2856 1152; x_wconf 92' lang='lat' dir='ltr'><strong>eorumdem</strong></span> <span class='ocrx_word' id='word_1_44' title='bbox 2882 1100 3248 1173; x_wconf 80' lang='lat' dir='ltr'><strong>quousque</strong></span> <span class='ocrx_word' id='word_1_45' title='bbox 3283 1101 3398 1151; x_wconf 90' lang='lat' dir='ltr'><strong>su-</strong></span> 
     </span>
     <span class='ocr_line' id='line_1_6' title="bbox 585 1202 3395 1299; baseline 0 -24"><span class='ocrx_word' id='word_1_46' title='bbox 585 1225 703 1297; x_wconf 90' lang='lat' dir='ltr'><strong>per</strong></span> <span class='ocrx_word' id='word_1_47' title='bbox 753 1204 863 1275; x_wconf 89' lang='lat' dir='ltr'><strong>his</strong></span> <span class='ocrx_word' id='word_1_48' title='bbox 913 1225 956 1276; x_wconf 89' lang='lat' dir='ltr'><strong>a</strong></span> <span class='ocrx_word' id='word_1_49' title='bbox 1017 1205 1217 1277; x_wconf 90' lang='lat' dir='ltr'><strong>nobis</strong></span> <span class='ocrx_word' id='word_1_50' title='bbox 1248 1204 1652 1278; x_wconf 91' lang='lat' dir='ltr'><strong>mandatum</strong></span> <span class='ocrx_word' id='word_1_51' title='bbox 1697 1205 2041 1299; x_wconf 87' lang='lat' dir='ltr'><strong>recipiatis</strong></span> <span class='ocrx_word' id='word_1_52' title='bbox 2087 1204 2411 1299; x_wconf 89' lang='lat' dir='ltr'><strong>speciale.</strong></span> <span class='ocrx_word' id='word_1_53' title='bbox 2444 1203 2796 1296; x_wconf 81' lang='lat' dir='ltr'><strong>Alioquin,</strong></span> <span class='ocrx_word' id='word_1_54' title='bbox 2826 1202 3120 1275; x_wconf 80' lang='lat' dir='ltr'><strong>sculteto</strong></span> <span class='ocrx_word' id='word_1_55' title='bbox 3162 1212 3395 1275; x_wconf 86' lang='lat' dir='ltr'><strong>nostro</strong></span> 
     </span>
     <span class='ocr_line' id='line_1_7' title="bbox 583 1325 3391 1441; baseline -0.001 -41"><span class='ocrx_word' id='word_1_56' title='bbox 583 1325 911 1441; x_wconf 81' lang='lat' dir='ltr'><strong>Aquensi</strong></span> <span class='ocrx_word' id='word_1_57' title='bbox 928 1326 1254 1431; x_wconf 81' lang='lat' dir='ltr'><strong>dedimus</strong></span> <span class='ocrx_word' id='word_1_58' title='bbox 1301 1329 1372 1399; x_wconf 92' lang='lat' dir='ltr'><strong>in</strong></span> <span class='ocrx_word' id='word_1_59' title='bbox 1419 1328 1762 1439; x_wconf 90' lang='lat' dir='ltr'><strong>mandatis</strong></span> <span class='ocrx_word' id='word_1_60' title='bbox 1786 1340 1864 1419; x_wconf 88' lang='lat' dir='ltr'><strong>ut</strong></span> <span class='ocrx_word' id='word_1_61' title='bbox 1892 1351 2013 1424; x_wconf 84' lang='lat' dir='ltr'><strong>per</strong></span> <span class='ocrx_word' id='word_1_62' title='bbox 2047 1327 2509 1427; x_wconf 85' lang='lat' dir='ltr'><strong>detentionem</strong></span> <span class='ocrx_word' id='word_1_63' title='bbox 2553 1348 2782 1398; x_wconf 89' lang='lat' dir='ltr'><strong>rerum</strong></span> <span class='ocrx_word' id='word_1_64' title='bbox 2827 1335 2897 1396; x_wconf 89' lang='lat' dir='ltr'><strong>et</strong></span> <span class='ocrx_word' id='word_1_65' title='bbox 2929 1346 3391 1425; x_wconf 88' lang='lat' dir='ltr'><strong>personarum</strong></span> 
     </span>
     <span class='ocr_line' id='line_1_8' title="bbox 584 1422 3350 1561; baseline -0 -39"><span class='ocrx_word' id='word_1_66' title='bbox 584 1422 965 1531; x_wconf 78' lang='lat' dir='ltr'><strong>vestrarum</strong></span> <span class='ocrx_word' id='word_1_67' title='bbox 1003 1424 1520 1523; x_wconf 80' lang='lat' dir='ltr'><strong>universitatem</strong></span> <span class='ocrx_word' id='word_1_68' title='bbox 1540 1430 1855 1527; x_wconf 83' lang='lat' dir='ltr'><strong>vestram</strong></span> <span class='ocrx_word' id='word_1_69' title='bbox 1894 1452 2258 1561; x_wconf 79' lang='lat' dir='ltr'><strong>compellat</strong></span> <span class='ocrx_word' id='word_1_70' title='bbox 2289 1450 2541 1549; x_wconf 85' lang='lat' dir='ltr'><strong>exequi</strong></span> <span class='ocrx_word' id='word_1_71' title='bbox 2557 1447 2772 1545; x_wconf 91' lang='lat' dir='ltr'><strong>quod</strong></span> <span class='ocrx_word' id='word_1_72' title='bbox 2802 1444 3236 1521; x_wconf 87' lang='lat' dir='ltr'><strong>mandamus.</strong></span> <span class='ocrx_word' id='word_1_73' title='bbox 3345 1540 3350 1547; x_wconf 24' lang='grc' dir='ltr'>Ι</span> 
     </span>
     <span class='ocr_line' id='line_1_9' title="bbox 670 1550 3218 1727; baseline 0 -82"><span class='ocrx_word' id='word_1_74' title='bbox 670 1554 925 1707; x_wconf 79' lang='lat' dir='ltr'><strong>Datum</strong></span> <span class='ocrx_word' id='word_1_75' title='bbox 948 1554 1163 1721; x_wconf 81' lang='lat' dir='ltr'><strong>apud</strong></span> <span class='ocrx_word' id='word_1_76' title='bbox 1162 1575 1477 1727; x_wconf 80' lang='lat' dir='ltr'><strong>Spiram,</strong></span> <span class='ocrx_word' id='word_1_77' title='bbox 1506 1552 1633 1693; x_wconf 88' lang='grc' dir='ltr'><strong>ΧΙΙ</strong></span> <span class='ocrx_word' id='word_1_78' title='bbox 1664 1550 1998 1653; x_wconf 80' lang='lat' dir='ltr'><strong>kalendas</strong></span> <span class='ocrx_word' id='word_1_79' title='bbox 2027 1574 2362 1713; x_wconf 80' lang='lat' dir='ltr'><strong>octobris,</strong></span> <span class='ocrx_word' id='word_1_80' title='bbox 2400 1572 2777 1715; x_wconf 83' lang='lat' dir='ltr'><strong>indictione</strong></span> <span class='ocrx_word' id='word_1_81' title='bbox 2802 1562 2980 1645; x_wconf 86' lang='lat' dir='ltr'><strong>vn.</strong></span> <span class='ocrx_word' id='word_1_82' title='bbox 3071 1566 3076 1573; x_wconf 76' lang='grc'>’</span> <span class='ocrx_word' id='word_1_83' title='bbox 3185 1566 3218 1581; x_wconf 80' lang='lat'><strong>&#39;&#39;</strong></span> 
     </span>
    </p>
   </div>
   <div class='ocr_carea' id='block_1_3' title="bbox 828 1690 1381 1729">
    <p class='ocr_par' dir='ltr' id='par_1_3' title="bbox 828 1690 1381 1729">
     <span class='ocr_line' id='line_1_10' title="bbox 828 1690 1381 1729; baseline -0.007 0"><span class='ocrx_word' id='word_1_84' title='bbox 828 1690 1381 1729; x_wconf 64' lang='lat'><strong>‘‘‘‘‘‘‘</strong></span> 
     </span>
    </p>
   </div>
   <div class='ocr_carea' id='block_1_4' title="bbox 2809 1865 2962 1877">
    <p class='ocr_par' dir='ltr' id='par_1_4' title="bbox 2809 1865 2962 1877">
     <span class='ocr_line' id='line_1_11' title="bbox 2809 1865 2962 1877; baseline 0.007 -1"><span class='ocrx_word' id='word_1_85' title='bbox 2809 1865 2962 1877; x_wconf 49' lang='grc' dir='ltr'>-ι-ο-ό</span> 
     </span>
    </p>
   </div>
   <div class='ocr_carea' id='block_1_5' title="bbox 682 2169 3762 2302">
    <p class='ocr_par' dir='ltr' id='par_1_5' title="bbox 682 2169 3762 2302">
     <span class='ocr_line' id='line_1_12' title="bbox 682 2169 3762 2302; baseline 0.003 -48"><span class='ocrx_word' id='word_1_86' title='bbox 682 2169 1087 2279; x_wconf 89' lang='lat' dir='ltr'><strong>Henricus,</strong></span> <span class='ocrx_word' id='word_1_87' title='bbox 1124 2169 1649 2256; x_wconf 88' lang='lat' dir='ltr'><strong>Romanorum</strong></span> <span class='ocrx_word' id='word_1_88' title='bbox 1684 2199 1847 2279; x_wconf 85' lang='lat' dir='ltr'><strong>rex,</strong></span> <span class='ocrx_word' id='word_1_89' title='bbox 1885 2173 2240 2282; x_wconf 48' lang='lat' dir='ltr'><strong>*episcopo</strong></span> <span class='ocrx_word' id='word_1_90' title='bbox 2275 2183 2349 2255; x_wconf 87' lang='lat' dir='ltr'><strong>et</strong></span> <span class='ocrx_word' id='word_1_91' title='bbox 2383 2173 2739 2257; x_wconf 86' lang='lat' dir='ltr'><strong>ecclesiae</strong></span> <span class='ocrx_word' id='word_1_92' title='bbox 2771 2174 3167 2257; x_wconf 87' lang='lat' dir='ltr'><strong>Basiliensi</strong></span> <span class='ocrx_word' id='word_1_93' title='bbox 3205 2175 3398 2256; x_wconf 91' lang='lat' dir='ltr'><strong>uni-</strong></span> <span class='ocrx_word' id='word_1_94' title='bbox 3482 2197 3762 2302; x_wconf 48' lang='lat' dir='ltr'><strong>nsst‘ssssm.</strong></span> 
     </span>
    </p>
   </div>
   <div class='ocr_carea' id='block_1_6' title="bbox 586 2303 3745 2593">
    <p class='ocr_par' dir='ltr' id='par_1_6' title="bbox 586 2303 3745 2548">
     <span class='ocr_line' id='line_1_13' title="bbox 586 2303 3745 2425; baseline -0.014 -4"><span class='ocrx_word' id='word_1_95' title='bbox 586 2326 799 2387; x_wconf 52' lang='grc' dir='ltr'>Ἢ</span> <span class='ocrx_word' id='word_1_96' title='bbox 830 2303 1023 2415; x_wconf 67' lang='lat' dir='ltr'><strong>&#39;illm</strong></span> <span class='ocrx_word' id='word_1_97' title='bbox 1055 2331 1199 2425; x_wconf 76' lang='lat' dir='ltr'><strong>pel·</strong></span> <span class='ocrx_word' id='word_1_98' title='bbox 1234 2306 1628 2417; x_wconf 81' lang='lat' dir='ltr'><strong>privilegia</strong></span> <span class='ocrx_word' id='word_1_99' title='bbox 1643 2367 1667 2414; x_wconf 91' lang='lat'><strong>,</strong></span> <span class='ocrx_word' id='word_1_100' title='bbox 1724 2305 2311 2389; x_wconf 87' lang='lat' dir='ltr'><strong>consuetudines</strong></span> <span class='ocrx_word' id='word_1_101' title='bbox 2366 2308 2540 2389; x_wconf 82' lang='lat' dir='ltr'><strong>sive</strong></span> <span class='ocrx_word' id='word_1_102' title='bbox 2574 2307 3146 2390; x_wconf 86' lang='lat' dir='ltr'><strong>constitutiones</strong></span> <span class='ocrx_word' id='word_1_103' title='bbox 3197 2307 3401 2418; x_wconf 85' lang='lat' dir='ltr'><strong>legi-</strong></span> <span class='ocrx_word' id='word_1_104' title='bbox 3494 2305 3523 2345; x_wconf 82' lang='lat'>³</span> <span class='ocrx_word' id='word_1_105' title='bbox 3541 2304 3745 2347; x_wconf 57' lang='lat' dir='ltr'><strong>“wm-</strong></span> 
     </span>
     <span class='ocr_line' id='line_1_14' title="bbox 586 2436 3017 2593; baseline -0.001 -70"><span class='ocrx_word' id='word_1_106' title='bbox 586 2436 821 2585; x_wconf 71' lang='lat' dir='ltr'><strong>times</strong></span> <span class='ocrx_word' id='word_1_107' title='bbox 841 2437 1303 2593; x_wconf 73' lang='lat' dir='ltr'><strong>introducta,</strong></span> <span class='ocrx_word' id='word_1_108' title='bbox 1343 2438 1643 2583; x_wconf 83' lang='lat' dir='ltr'><strong>quibus</strong></span> <span class='ocrx_word' id='word_1_109' title='bbox 1658 2438 2055 2593; x_wconf 75' lang='lat' dir='ltr'><strong>hactenus</strong></span> <span class='ocrx_word' id='word_1_110' title='bbox 2065 2438 2305 2548; x_wconf 84' lang='lat' dir='ltr'><strong>gavisi</strong></span> <span class='ocrx_word' id='word_1_111' title='bbox 2342 2440 2553 2545; x_wconf 87' lang='lat' dir='ltr'><strong>sunt,</strong></span> <span class='ocrx_word' id='word_1_112' title='bbox 2587 2438 3017 2553; x_wconf 73' lang='lat' dir='ltr'><strong>confirmat.</strong></span> 
     </span>
    </p>
   </div>
   <div class='ocr_carea' id='block_1_7' title="bbox 680 2574 3408 3100">
    <p class='ocr_par' dir='ltr' id='par_1_7' title="bbox 680 2574 3408 2731">
     <span class='ocr_line' id='line_1_15' title="bbox 680 2574 3408 2731; baseline 0 -19.021"><span class='ocrx_word' id='word_1_113' title='bbox 680 2650 929 2731; x_wconf 71' lang='lat' dir='ltr'><strong>(Edit.</strong></span> <span class='ocrx_word' id='word_1_114' title='bbox 961 2667 1063 2729; x_wconf 73' lang='lat' dir='ltr'><strong>ap.</strong></span> <span class='ocrx_word' id='word_1_115' title='bbox 1088 2652 1309 2714; x_wconf 68' lang='lat' dir='ltr'><strong>Wmi.</strong></span> <span class='ocrx_word' id='word_1_116' title='bbox 1318 2574 1824 2725; x_wconf 63' lang='grc' dir='ltr'>Ψιοιιιιιιιυθιιι,</span> <span class='ocrx_word' id='word_1_117' title='bbox 1854 2652 1977 2713; x_wconf 70' lang='lat' dir='ltr'><strong>Das</strong></span> <span class='ocrx_word' id='word_1_118' title='bbox 2001 2650 2287 2731; x_wconf 72' lang='lat' dir='ltr'><strong>Bisclcoss-</strong></span> <span class='ocrx_word' id='word_1_119' title='bbox 2313 2649 2441 2712; x_wconf 77' lang='lat' dir='ltr'><strong>und</strong></span> <span class='ocrx_word' id='word_1_120' title='bbox 2462 2651 3075 2714; x_wconf 57' lang='lat' dir='ltr'><strong>Dammana-mmm</strong></span> <span class='ocrx_word' id='word_1_121' title='bbox 3095 2670 3209 2713; x_wconf 77' lang='lat' dir='ltr'><strong>von</strong></span> <span class='ocrx_word' id='word_1_122' title='bbox 3231 2651 3408 2713; x_wconf 69' lang='lat' dir='ltr'><strong>Base!</strong></span> 
     </span>
    </p>

    <p class='ocr_par' dir='ltr' id='par_1_8' title="bbox 738 2753 3395 3049">
     <span class='ocr_line' id='line_1_16' title="bbox 738 2753 3395 2845; baseline 0 -25"><span class='ocrx_word' id='word_1_123' title='bbox 738 2824 743 2837; x_wconf 59' lang='grc'><em>,</em></span> <span class='ocrx_word' id='word_1_124' title='bbox 766 2753 1795 2845; x_wconf 58' lang='grc' dir='ltr'>ὑιώιιὸεεήσνᾼιιίιείώπυηςᾶεε</span> <span class='ocrx_word' id='word_1_125' title='bbox 1828 2756 2352 2821; x_wconf 61' lang='lat' dir='ltr'><strong>talahi-Imminet</strong></span> <span class='ocrx_word' id='word_1_126' title='bbox 2383 2758 2847 2838; x_wconf 79' lang='lat' dir='ltr'><strong>(Base11852)‚</strong></span> <span class='ocrx_word' id='word_1_127' title='bbox 2877 2777 2936 2835; x_wconf 87' lang='lat' dir='ltr'><strong>p.</strong></span> <span class='ocrx_word' id='word_1_128' title='bbox 2972 2762 3395 2838; x_wconf 77' lang='lat' dir='ltr'><strong>23.—Etap.</strong></span> 
     </span>
     <span class='ocr_line' id='line_1_17' title="bbox 816 2844 3393 2957; baseline 0.001 -32"><span class='ocrx_word' id='word_1_129' title='bbox 816 2844 1197 2957; x_wconf 66' lang='lat' dir='ltr'><strong>Tuommr,</strong></span> <span class='ocrx_word' id='word_1_130' title='bbox 1232 2864 1495 2931; x_wconf 73' lang='lat' dir='ltr'><strong>Menum.</strong></span> <span class='ocrx_word' id='word_1_131' title='bbox 1536 2860 1813 2924; x_wconf 61' lang='lat' dir='ltr'><strong>defunc.</strong></span> <span class='ocrx_word' id='word_1_132' title='bbox 1858 2862 2361 2939; x_wconf 66' lang='grc' dir='ltr'>έυίοΙιέάιΒάΙε,</span> <span class='ocrx_word' id='word_1_133' title='bbox 2406 2871 2453 2925; x_wconf 87' lang='lat' dir='ltr'><strong>t.</strong></span> <span class='ocrx_word' id='word_1_134' title='bbox 2499 2867 2557 2939; x_wconf 89' lang='grc' dir='ltr'><strong>Ι,</strong></span> <span class='ocrx_word' id='word_1_135' title='bbox 2597 2883 2656 2942; x_wconf 91' lang='lat' dir='ltr'><strong>p.</strong></span> <span class='ocrx_word' id='word_1_136' title='bbox 2691 2874 2831 2937; x_wconf 80' lang='grc'><strong>539,</strong></span> <span class='ocrx_word' id='word_1_137' title='bbox 2877 2874 2942 2925; x_wconf 80' lang='lat'><strong>11⁰</strong></span> <span class='ocrx_word' id='word_1_138' title='bbox 2974 2875 3111 2937; x_wconf 77' lang='grc'><strong>363,</strong></span> <span class='ocrx_word' id='word_1_139' title='bbox 3156 2867 3393 2928; x_wconf 86' lang='lat' dir='ltr'><strong>excod.</strong></span> 
     </span>
     <span class='ocr_line' id='line_1_18' title="bbox 752 2946 1943 3100; baseline 0.001 -69.059"><span class='ocrx_word' id='word_1_140' title='bbox 752 2946 1128 3100; x_wconf 68' lang='lat' dir='ltr'><strong>diplomat.</strong></span> <span class='ocrx_word' id='word_1_141' title='bbox 1144 2971 1370 3094; x_wconf 73' lang='lat' dir='ltr'><strong>eccles.</strong></span> <span class='ocrx_word' id='word_1_142' title='bbox 1399 2968 1607 3070; x_wconf 78' lang='lat' dir='ltr'><strong>Basll„</strong></span> <span class='ocrx_word' id='word_1_143' title='bbox 1633 2968 1739 3032; x_wconf 82' lang='lat' dir='ltr'><strong>fol.</strong></span> <span class='ocrx_word' id='word_1_144' title='bbox 1778 2980 1878 3032; x_wconf 83' lang='lat'><strong>101</strong></span> <span class='ocrx_word' id='word_1_145' title='bbox 1896 2968 1943 3049; x_wconf 91' lang='lat'><strong>.)</strong></span> 
     </span>
    </p>
   </div>
   <div class='ocr_carea' id='block_1_8' title="bbox 570 3041 3404 4735">
    <p class='ocr_par' dir='ltr' id='par_1_9' title="bbox 598 3041 769 3098">
     <span class='ocr_line' id='line_1_19' title="bbox 598 3041 769 3098; baseline 0 -14"><span class='ocrx_word' id='word_1_146' title='bbox 598 3041 629 3084; x_wconf 58' lang='grc' dir='ltr'><strong>ι’</strong></span> <span class='ocrx_word' id='word_1_147' title='bbox 648 3075 653 3082; x_wconf 87' lang='grc'><strong>.</strong></span> <span class='ocrx_word' id='word_1_148' title='bbox 670 3063 701 3098; x_wconf 65' lang='grc' dir='ltr'><strong>ι,</strong></span> <span class='ocrx_word' id='word_1_149' title='bbox 738 3073 769 3092; x_wconf 76' lang='lat'><strong>,</strong></span> 
     </span>
    </p>

    <p class='ocr_par' dir='ltr' id='par_1_10' title="bbox 570 3095 3404 4735">
     <span class='ocr_line' id='line_1_20' title="bbox 674 3095 3401 3259; baseline 0.003 -32"><span class='ocrx_word' id='word_1_150' title='bbox 674 3157 797 3246; x_wconf 61' lang='lat' dir='ltr'><strong>H„</strong></span> <span class='ocrx_word' id='word_1_151' title='bbox 836 3156 960 3228; x_wconf 87' lang='lat' dir='ltr'><strong>Dei</strong></span> <span class='ocrx_word' id='word_1_152' title='bbox 999 3095 1216 3250; x_wconf 80' lang='lat' dir='ltr'><strong>gratia</strong></span> <span class='ocrx_word' id='word_1_153' title='bbox 1261 3158 1726 3228; x_wconf 80' lang='lat' dir='ltr'><strong>Romanorum</strong></span> <span class='ocrx_word' id='word_1_154' title='bbox 1772 3178 1899 3228; x_wconf 84' lang='lat' dir='ltr'><strong>rex</strong></span> <span class='ocrx_word' id='word_1_155' title='bbox 1937 3166 2005 3227; x_wconf 88' lang='lat' dir='ltr'><strong>et</strong></span> <span class='ocrx_word' id='word_1_156' title='bbox 2031 3178 2303 3252; x_wconf 88' lang='lat' dir='ltr'><strong>semper</strong></span> <span class='ocrx_word' id='word_1_157' title='bbox 2349 3167 2722 3252; x_wconf 77' lang='lat' dir='ltr'><strong>augustuS,</strong></span> <span class='ocrx_word' id='word_1_158' title='bbox 2765 3162 3104 3236; x_wconf 86' lang='lat' dir='ltr'><strong>universis</strong></span> <span class='ocrx_word' id='word_1_159' title='bbox 3131 3164 3401 3259; x_wconf 90' lang='lat' dir='ltr'><strong>imperii</strong></span> 
     </span>
     <span class='ocr_line' id='line_1_21' title="bbox 586 3207 3401 3375; baseline 0.004 -25"><span class='ocrx_word' id='word_1_160' title='bbox 586 3207 904 3351; x_wconf 80' lang='lat' dir='ltr'><strong>fidelibus</strong></span> <span class='ocrx_word' id='word_1_161' title='bbox 939 3290 1321 3375; x_wconf 76' lang='lat' dir='ltr'><strong>presentem</strong></span> <span class='ocrx_word' id='word_1_162' title='bbox 1357 3281 1619 3351; x_wconf 78' lang='lat' dir='ltr'><strong>literam</strong></span> <span class='ocrx_word' id='word_1_163' title='bbox 1655 3279 1910 3353; x_wconf 84' lang='lat' dir='ltr'><strong>visuris</strong></span> <span class='ocrx_word' id='word_1_164' title='bbox 1942 3280 2232 3374; x_wconf 81' lang='lat' dir='ltr'><strong>gratiam</strong></span> <span class='ocrx_word' id='word_1_165' title='bbox 2271 3303 2467 3354; x_wconf 89' lang='lat' dir='ltr'><strong>suam</strong></span> <span class='ocrx_word' id='word_1_166' title='bbox 2496 3291 2565 3354; x_wconf 90' lang='lat' dir='ltr'><strong>et</strong></span> <span class='ocrx_word' id='word_1_167' title='bbox 2589 3304 2795 3357; x_wconf 89' lang='lat' dir='ltr'><strong>omne</strong></span> <span class='ocrx_word' id='word_1_168' title='bbox 2820 3285 3108 3358; x_wconf 90' lang='lat' dir='ltr'><strong>bonum.</strong></span> <span class='ocrx_word' id='word_1_169' title='bbox 3143 3289 3401 3360; x_wconf 91' lang='lat' dir='ltr'><strong>Notum</strong></span> 
     </span>
     <span class='ocr_line' id='line_1_22' title="bbox 584 3402 3404 3505; baseline 0.004 -31"><span class='ocrx_word' id='word_1_170' title='bbox 584 3402 726 3475; x_wconf 86' lang='lat' dir='ltr'><strong>fieri</strong></span> <span class='ocrx_word' id='word_1_171' title='bbox 761 3405 1086 3477; x_wconf 86' lang='lat' dir='ltr'><strong>volumus</strong></span> <span class='ocrx_word' id='word_1_172' title='bbox 1099 3403 1444 3476; x_wconf 83' lang='lat' dir='ltr'><strong>universis</strong></span> <span class='ocrx_word' id='word_1_173' title='bbox 1460 3403 1653 3497; x_wconf 93' lang='lat' dir='ltr'><strong>quod</strong></span> <span class='ocrx_word' id='word_1_174' title='bbox 1678 3425 1802 3475; x_wconf 87' lang='lat' dir='ltr'><strong>nos</strong></span> <span class='ocrx_word' id='word_1_175' title='bbox 1829 3404 2262 3477; x_wconf 87' lang='lat' dir='ltr'><strong>attendentes</strong></span> <span class='ocrx_word' id='word_1_176' title='bbox 2299 3407 2537 3478; x_wconf 90' lang='lat' dir='ltr'><strong>merita</strong></span> <span class='ocrx_word' id='word_1_177' title='bbox 2576 3406 2803 3480; x_wconf 89' lang='lat' dir='ltr'><strong>dilecti</strong></span> <span class='ocrx_word' id='word_1_178' title='bbox 2831 3411 3154 3505; x_wconf 89' lang='lat' dir='ltr'><strong>principis</strong></span> <span class='ocrx_word' id='word_1_179' title='bbox 3186 3412 3404 3485; x_wconf 86' lang='lat' dir='ltr'><strong>nostri</strong></span> 
     </span>
     <span class='ocr_line' id='line_1_23' title="bbox 581 3525 3400 3624; baseline 0.004 -29"><span class='ocrx_word' id='word_1_180' title='bbox 581 3526 996 3599; x_wconf 84' lang='lat' dir='ltr'><strong>venerabilis</strong></span> <span class='ocrx_word' id='word_1_181' title='bbox 1030 3526 1422 3598; x_wconf 88' lang='lat' dir='ltr'><strong>Basiliensis</strong></span> <span class='ocrx_word' id='word_1_182' title='bbox 1460 3526 1802 3621; x_wconf 87' lang='lat' dir='ltr'><strong>episcopi,</strong></span> <span class='ocrx_word' id='word_1_183' title='bbox 1845 3525 2277 3599; x_wconf 88' lang='lat' dir='ltr'><strong>attendentes</strong></span> <span class='ocrx_word' id='word_1_184' title='bbox 2307 3528 2791 3602; x_wconf 90' lang='lat' dir='ltr'><strong>nichilominus</strong></span> <span class='ocrx_word' id='word_1_185' title='bbox 2818 3530 3148 3605; x_wconf 89' lang='lat' dir='ltr'><strong>bonorem</strong></span> <span class='ocrx_word' id='word_1_186' title='bbox 3193 3544 3261 3605; x_wconf 89' lang='lat' dir='ltr'><strong>et</strong></span> <span class='ocrx_word' id='word_1_187' title='bbox 3281 3537 3400 3624; x_wconf 89' lang='lat' dir='ltr'><strong>jus</strong></span> 
     </span>
     <span class='ocr_line' id='line_1_24' title="bbox 579 3647 3398 3748; baseline 0.004 -29"><span class='ocrx_word' id='word_1_188' title='bbox 579 3650 864 3722; x_wconf 70' lang='lat' dir='ltr'><strong>eccloeie</strong></span> <span class='ocrx_word' id='word_1_189' title='bbox 900 3658 970 3721; x_wconf 90' lang='lat' dir='ltr'><strong>et</strong></span> <span class='ocrx_word' id='word_1_190' title='bbox 1003 3650 1298 3742; x_wconf 87' lang='lat' dir='ltr'><strong>qualiter</strong></span> <span class='ocrx_word' id='word_1_191' title='bbox 1333 3649 1405 3720; x_wconf 93' lang='lat' dir='ltr'><strong>in</strong></span> <span class='ocrx_word' id='word_1_192' title='bbox 1429 3647 1597 3722; x_wconf 91' lang='lat' dir='ltr'><strong>flore</strong></span> <span class='ocrx_word' id='word_1_193' title='bbox 1631 3647 1796 3721; x_wconf 90' lang='lat' dir='ltr'><strong>fidei</strong></span> <span class='ocrx_word' id='word_1_194' title='bbox 1834 3657 1902 3721; x_wconf 90' lang='lat' dir='ltr'><strong>et</strong></span> <span class='ocrx_word' id='word_1_195' title='bbox 1924 3650 2315 3723; x_wconf 88' lang='lat' dir='ltr'><strong>constancie</strong></span> <span class='ocrx_word' id='word_1_196' title='bbox 2344 3652 2546 3723; x_wconf 91' lang='lat' dir='ltr'><strong>nobis</strong></span> <span class='ocrx_word' id='word_1_197' title='bbox 2570 3663 2639 3724; x_wconf 87' lang='lat' dir='ltr'><strong>et</strong></span> <span class='ocrx_word' id='word_1_198' title='bbox 2666 3655 3221 3748; x_wconf 82' lang='lat' dir='ltr'><strong>progenitoribus</strong></span> <span class='ocrx_word' id='word_1_199' title='bbox 3239 3671 3398 3729; x_wconf 87' lang='lat' dir='ltr'><strong>nos-</strong></span> 
     </span>
     <span class='ocr_line' id='line_1_25' title="bbox 580 3772 3397 3868; baseline 0.004 -25"><span class='ocrx_word' id='word_1_200' title='bbox 580 3773 703 3844; x_wconf 91' lang='lat' dir='ltr'><strong>tris</strong></span> <span class='ocrx_word' id='word_1_201' title='bbox 731 3794 1004 3868; x_wconf 88' lang='lat' dir='ltr'><strong>semper</strong></span> <span class='ocrx_word' id='word_1_202' title='bbox 1037 3772 1306 3845; x_wconf 89' lang='lat' dir='ltr'><strong>adhesit</strong></span> <span class='ocrx_word' id='word_1_203' title='bbox 1335 3794 1417 3846; x_wconf 90' lang='lat' dir='ltr'><strong>ac</strong></span> <span class='ocrx_word' id='word_1_204' title='bbox 1445 3773 1697 3845; x_wconf 87' lang='lat' dir='ltr'><strong>assistit</strong></span> <span class='ocrx_word' id='word_1_205' title='bbox 1727 3772 2015 3845; x_wconf 86' lang='lat' dir='ltr'><strong>fideliter</strong></span> <span class='ocrx_word' id='word_1_206' title='bbox 2044 3783 2114 3846; x_wconf 90' lang='lat' dir='ltr'><strong>et</strong></span> <span class='ocrx_word' id='word_1_207' title='bbox 2143 3773 2431 3864; x_wconf 88' lang='lat' dir='ltr'><strong>devote,</strong></span> <span class='ocrx_word' id='word_1_208' title='bbox 2466 3781 2672 3867; x_wconf 85' lang='lat' dir='ltr'><strong>juxta</strong></span> <span class='ocrx_word' id='word_1_209' title='bbox 2703 3775 3010 3848; x_wconf 89' lang='lat' dir='ltr'><strong>debitum</strong></span> <span class='ocrx_word' id='word_1_210' title='bbox 3037 3779 3226 3868; x_wconf 82' lang='lat' dir='ltr'><strong>regie</strong></span> <span class='ocrx_word' id='word_1_211' title='bbox 3249 3802 3397 3854; x_wconf 87' lang='lat' dir='ltr'><strong>ma·</strong></span> 
     </span>
     <span class='ocr_line' id='line_1_26' title="bbox 570 3896 3400 3993; baseline 0.001 -24"><span class='ocrx_word' id='word_1_212' title='bbox 570 3897 863 3988; x_wconf 88' lang='lat' dir='ltr'><strong>jestatis,</strong></span> <span class='ocrx_word' id='word_1_213' title='bbox 890 3918 979 3968; x_wconf 95' lang='lat' dir='ltr'><strong>ne</strong></span> <span class='ocrx_word' id='word_1_214' title='bbox 1008 3896 1406 3969; x_wconf 88' lang='lat' dir='ltr'><strong>videremur</strong></span> <span class='ocrx_word' id='word_1_215' title='bbox 1432 3897 1502 3967; x_wconf 95' lang='lat' dir='ltr'><strong>in</strong></span> <span class='ocrx_word' id='word_1_216' title='bbox 1534 3897 1901 3970; x_wconf 89' lang='lat' dir='ltr'><strong>dilectione</strong></span> <span class='ocrx_word' id='word_1_217' title='bbox 1923 3921 2064 3991; x_wconf 92' lang='lat' dir='ltr'><strong>qua</strong></span> <span class='ocrx_word' id='word_1_218' title='bbox 2091 3897 2406 3969; x_wconf 83' lang='lat' dir='ltr'><strong>fovemus</strong></span> <span class='ocrx_word' id='word_1_219' title='bbox 2432 3907 2502 3968; x_wconf 90' lang='lat' dir='ltr'><strong>et</strong></span> <span class='ocrx_word' id='word_1_220' title='bbox 2528 3919 2798 3993; x_wconf 88' lang='lat' dir='ltr'><strong>semper</strong></span> <span class='ocrx_word' id='word_1_221' title='bbox 2821 3901 3052 3973; x_wconf 85' lang='lat' dir='ltr'><strong>fovere</strong></span> <span class='ocrx_word' id='word_1_222' title='bbox 3077 3901 3400 3973; x_wconf 87' lang='lat' dir='ltr'><strong>volumus</strong></span> 
     </span>
     <span class='ocr_line' id='line_1_27' title="bbox 582 4020 3396 4115; baseline 0.004 -26"><span class='ocrx_word' id='word_1_223' title='bbox 582 4022 807 4115; x_wconf 88' lang='lat' dir='ltr'><strong>ipsum</strong></span> <span class='ocrx_word' id='word_1_224' title='bbox 840 4020 1244 4114; x_wconf 90' lang='lat' dir='ltr'><strong>episcopum</strong></span> <span class='ocrx_word' id='word_1_225' title='bbox 1269 4031 1338 4092; x_wconf 88' lang='lat' dir='ltr'><strong>et</strong></span> <span class='ocrx_word' id='word_1_226' title='bbox 1369 4021 1732 4092; x_wconf 87' lang='lat' dir='ltr'><strong>ecclesiam</strong></span> <span class='ocrx_word' id='word_1_227' title='bbox 1764 4021 2208 4093; x_wconf 89' lang='lat' dir='ltr'><strong>Basiliensem</strong></span> <span class='ocrx_word' id='word_1_228' title='bbox 2250 4020 2628 4114; x_wconf 93' lang='lat' dir='ltr'><strong>aliquando</strong></span> <span class='ocrx_word' id='word_1_229' title='bbox 2664 4022 3027 4115; x_wconf 85' lang='lat' dir='ltr'><strong>vacillare,</strong></span> <span class='ocrx_word' id='word_1_230' title='bbox 3071 4025 3396 4099; x_wconf 88' lang='lat' dir='ltr'><strong>universa</strong></span> 
     </span>
     <span class='ocr_line' id='line_1_28' title="bbox 573 4143 3394 4240; baseline 0.003 -25"><span class='ocrx_word' id='word_1_231' title='bbox 573 4148 729 4236; x_wconf 89' lang='lat' dir='ltr'><strong>jura</strong></span> <span class='ocrx_word' id='word_1_232' title='bbox 763 4143 1075 4239; x_wconf 91' lang='lat' dir='ltr'><strong>predicto</strong></span> <span class='ocrx_word' id='word_1_233' title='bbox 1101 4144 1424 4238; x_wconf 88' lang='lat' dir='ltr'><strong>episcopo</strong></span> <span class='ocrx_word' id='word_1_234' title='bbox 1453 4155 1522 4215; x_wconf 91' lang='lat' dir='ltr'><strong>et</strong></span> <span class='ocrx_word' id='word_1_235' title='bbox 1558 4146 1845 4217; x_wconf 87' lang='lat' dir='ltr'><strong>ecclesie</strong></span> <span class='ocrx_word' id='word_1_236' title='bbox 1874 4153 2223 4240; x_wconf 85' lang='lat' dir='ltr'><strong>prenotate</strong></span> <span class='ocrx_word' id='word_1_237' title='bbox 2257 4166 2378 4239; x_wconf 90' lang='lat' dir='ltr'><strong>per</strong></span> <span class='ocrx_word' id='word_1_238' title='bbox 2408 4144 2805 4239; x_wconf 80' lang='lat' dir='ltr'><strong>privilegia,</strong></span> <span class='ocrx_word' id='word_1_239' title='bbox 2852 4167 2975 4240; x_wconf 89' lang='lat' dir='ltr'><strong>per</strong></span> <span class='ocrx_word' id='word_1_240' title='bbox 3026 4159 3394 4223; x_wconf 85' lang='lat' dir='ltr'><strong>consuetu-</strong></span> 
     </span>
     <span class='ocr_line' id='line_1_29' title="bbox 582 4254 3397 4362; baseline 0.002 -24"><span class='ocrx_word' id='word_1_241' title='bbox 582 4267 779 4339; x_wconf 90' lang='lat' dir='ltr'><strong>dines</strong></span> <span class='ocrx_word' id='word_1_242' title='bbox 807 4268 957 4338; x_wconf 90' lang='lat' dir='ltr'><strong>sive</strong></span> <span class='ocrx_word' id='word_1_243' title='bbox 992 4267 1522 4339; x_wconf 86' lang='lat' dir='ltr'><strong>constituciones</strong></span> <span class='ocrx_word' id='word_1_244' title='bbox 1538 4269 1677 4359; x_wconf 89' lang='lat' dir='ltr'><strong>juri</strong></span> <span class='ocrx_word' id='word_1_245' title='bbox 1704 4289 2037 4340; x_wconf 85' lang='lat' dir='ltr'><strong>consonas</strong></span> <span class='ocrx_word' id='word_1_246' title='bbox 2070 4291 2113 4341; x_wconf 93' lang='lat' dir='ltr'><strong>a</strong></span> <span class='ocrx_word' id='word_1_247' title='bbox 2136 4254 2418 4362; x_wconf 76' lang='lat' dir='ltr'><strong>&#39;regibus</strong></span> <span class='ocrx_word' id='word_1_248' title='bbox 2439 4268 2587 4340; x_wconf 87' lang='lat' dir='ltr'><strong>sive</strong></span> <span class='ocrx_word' id='word_1_249' title='bbox 2613 4268 3136 4362; x_wconf 87' lang='lat' dir='ltr'><strong>imperatoribus</strong></span> <span class='ocrx_word' id='word_1_250' title='bbox 3171 4274 3283 4344; x_wconf 84' lang='lat' dir='ltr'><strong>vel</strong></span> <span class='ocrx_word' id='word_1_251' title='bbox 3307 4274 3397 4347; x_wconf 91' lang='lat' dir='ltr'><strong>ab</strong></span> 
     </span>
     <span class='ocr_line' id='line_1_30' title="bbox 581 4389 3394 4492; baseline 0.004 -34"><span class='ocrx_word' id='word_1_252' title='bbox 581 4391 790 4462; x_wconf 88' lang='lat' dir='ltr'><strong>altero</strong></span> <span class='ocrx_word' id='word_1_253' title='bbox 819 4390 933 4460; x_wconf 91' lang='lat' dir='ltr'><strong>cui</strong></span> <span class='ocrx_word' id='word_1_254' title='bbox 972 4389 1046 4461; x_wconf 93' lang='lat' dir='ltr'><strong>id</strong></span> <span class='ocrx_word' id='word_1_255' title='bbox 1079 4391 1275 4461; x_wconf 89' lang='lat' dir='ltr'><strong>licuit</strong></span> <span class='ocrx_word' id='word_1_256' title='bbox 1320 4389 1742 4482; x_wconf 89' lang='lat' dir='ltr'><strong>introducta,</strong></span> <span class='ocrx_word' id='word_1_257' title='bbox 1803 4392 1983 4463; x_wconf 87' lang='lat' dir='ltr'><strong>sicut</strong></span> <span class='ocrx_word' id='word_1_258' title='bbox 2020 4414 2099 4463; x_wconf 90' lang='lat' dir='ltr'><strong>ea</strong></span> <span class='ocrx_word' id='word_1_259' title='bbox 2128 4394 2359 4465; x_wconf 92' lang='lat' dir='ltr'><strong>omnia</strong></span> <span class='ocrx_word' id='word_1_260' title='bbox 2401 4413 2620 4487; x_wconf 90' lang='lat' dir='ltr'><strong>usque</strong></span> <span class='ocrx_word' id='word_1_261' title='bbox 2665 4393 2759 4465; x_wconf 93' lang='lat' dir='ltr'><strong>ad</strong></span> <span class='ocrx_word' id='word_1_262' title='bbox 2814 4403 3043 4466; x_wconf 87' lang='lat' dir='ltr'><strong>nostra</strong></span> <span class='ocrx_word' id='word_1_263' title='bbox 3090 4406 3394 4492; x_wconf 89' lang='lat' dir='ltr'><strong>tempora</strong></span> 
     </span>
     <span class='ocr_line' id='line_1_31' title="bbox 580 4513 3394 4611; baseline 0.003 -28"><span class='ocrx_word' id='word_1_264' title='bbox 580 4514 810 4605; x_wconf 91' lang='lat' dir='ltr'><strong>quiete</strong></span> <span class='ocrx_word' id='word_1_265' title='bbox 850 4524 918 4586; x_wconf 90' lang='lat' dir='ltr'><strong>et</strong></span> <span class='ocrx_word' id='word_1_266' title='bbox 967 4513 1252 4608; x_wconf 85' lang='lat' dir='ltr'><strong>pacifice</strong></span> <span class='ocrx_word' id='word_1_267' title='bbox 1305 4514 1821 4610; x_wconf 87' lang='lat' dir='ltr'><strong>perduxerunt,</strong></span> <span class='ocrx_word' id='word_1_268' title='bbox 1873 4516 1966 4587; x_wconf 93' lang='lat' dir='ltr'><strong>ita</strong></span> <span class='ocrx_word' id='word_1_269' title='bbox 2004 4517 2229 4610; x_wconf 88' lang='lat' dir='ltr'><strong>ipsum</strong></span> <span class='ocrx_word' id='word_1_270' title='bbox 2264 4516 2658 4611; x_wconf 86' lang='lat' dir='ltr'><strong>episcopum</strong></span> <span class='ocrx_word' id='word_1_271' title='bbox 2704 4527 2770 4589; x_wconf 88' lang='lat' dir='ltr'><strong>et</strong></span> <span class='ocrx_word' id='word_1_272' title='bbox 2807 4519 3164 4590; x_wconf 88' lang='lat' dir='ltr'><strong>ecclesiam</strong></span> <span class='ocrx_word' id='word_1_273' title='bbox 3192 4522 3394 4592; x_wconf 80' lang='lat' dir='ltr'><strong>Basi-</strong></span> 
     </span>
     <span class='ocr_line' id='line_1_32' title="bbox 585 4629 3155 4735; baseline 0.004 -29"><span class='ocrx_word' id='word_1_274' title='bbox 585 4638 866 4710; x_wconf 88' lang='lat' dir='ltr'><strong>liensem</strong></span> <span class='ocrx_word' id='word_1_275' title='bbox 894 4638 965 4709; x_wconf 94' lang='lat' dir='ltr'><strong>in</strong></span> <span class='ocrx_word' id='word_1_276' title='bbox 991 4629 1318 4711; x_wconf 86' lang='lat' dir='ltr'><strong>omnibus</strong></span> <span class='ocrx_word' id='word_1_277' title='bbox 1352 4650 1839 4715; x_wconf 86' lang='lat' dir='ltr'><strong>conservantes</strong></span> <span class='ocrx_word' id='word_1_278' title='bbox 1866 4638 2170 4735; x_wconf 80' lang='lat' dir='ltr'><strong>gaudere</strong></span> <span class='ocrx_word' id='word_1_279' title='bbox 2209 4641 2530 4713; x_wconf 89' lang='lat' dir='ltr'><strong>volumus</strong></span> <span class='ocrx_word' id='word_1_280' title='bbox 2562 4641 2792 4715; x_wconf 89' lang='lat' dir='ltr'><strong>debita</strong></span> <span class='ocrx_word' id='word_1_281' title='bbox 2824 4642 3155 4715; x_wconf 87' lang='lat' dir='ltr'><strong>libertate.</strong></span> 
     </span>
    </p>
   </div>
  </div>
 </body>
</html>
