4500 5956
474 623 764 684 [mter.
801 619 894 700 9.]
1468 618 1862 683 HISTORIA
1912 620 2502 685 D1PLOMAT1CA.
3278 621 3400 682 817

472 756 845 854 piantur
870 754 1124 829 amodo
1160 755 1232 826 in
1268 751 1547 827 civitate
1574 767 1643 829 et
1678 756 1922 851 burgis
1957 757 2270 850 ejusdem
2313 756 2615 852 episcopi
2651 762 2719 827 et
2759 752 3048 826 ecclesie
3093 774 3219 825 sue
3266 774 3392 848 pro

476 879 867 953 civibus.
917 879 1242 952 Similiter
1277 879 1591 952 homines
1623 879 1936 972 ejusdem
1965 882 2266 976 episcopi
2303 891 2372 952 et
2408 878 2692 951 ecclesie
2723 899 2874 968 sue,
2911 876 3393 949 ministeriales

488 1003 677 1074 sui
712 1011 783 1076 et
816 1003 1131 1074 homines
1158 1022 1399 1074 eorum
1437 1022 1577 1075 non
1614 1003 2032 1098 recipiantur
2082 1004 2154 1075 in
2196 1004 2435 1095 burgis
2467 1000 2716 1074 nostris
2759 1010 2830 1073 et
2862 999 3195 1073 heredum
3231 1024 3394 1074 nos-

514 1135 828 1199 trorum
867 1148 995 1222 pro
1029 1125 1302 1198 civibus
1338 1147 1379 1196 e
1413 1146 1771 1198 converso.
1812 1128 1882 1198 Si
1918 1148 2082 1199 vero
2120 1126 2333 1220 aliqui
2369 1124 2628 1197 suntin
2660 1122 2901 1216 burgis
2932 1124 3181 1194 nostris
3225 1125 3398 1195 resi-

518 1248 810 1321 dentes
838 1271 1016 1344 quos
1042 1248 1485 1321 residentiam
1520 1249 1914 1321 continuam
1954 1259 2022 1322 et
2052 1250 2483 1322 mansionem
2519 1255 2772 1319 certam
2809 1267 2999 1318 more
3034 1247 3290 1318 civium
3319 1249 3392 1318 in

520 1371 811 1465 burgis
846 1372 1012 1467 ipsis
1043 1372 1348 1444 tenuisse
1375 1372 1773 1462 constiterit,
1799 1374 2000 1445 nobis
2017 1373 2490 1468 relinquentur
2515 1368 2799 1459 ibidem,
2825 1370 2921 1442 ita
2954 1380 3177 1442 tamen
3202 1371 3396 1464 quod

546 1494 662 1567 de
693 1496 895 1567 bonis
914 1502 1114 1567 extra
1130 1494 1522 1588 jacentibus
1560 1495 1842 1569 domino
1877 1494 2046 1568 ville
2075 1496 2145 1566 in
2181 1518 2320 1590 qua
2344 1495 2474 1568 sita
2509 1507 2671 1566 sunt
2705 1494 2970 1566 ratione
2995 1494 3205 1566 banni
3232 1515 3394 1567 cum

555 1618 981 1691 nonvillanis
1014 1619 1160 1691 suis
1196 1618 1267 1689 in
1306 1620 1746 1712 generalibus
1783 1619 2084 1691 collectis
2115 1619 2375 1691 servire
2406 1625 2806 1707 teneantur,
2846 1625 2914 1690 et
2946 1615 3127 1689 idem
3154 1617 3398 1689 homi-

560 1740 780 1813 nibus
815 1739 1125 1832 ejusdem
1165 1742 1471 1837 episcopi
1525 1752 1596 1814 et
1649 1743 1941 1815 ecclesie
1988 1763 2114 1815 sue
2146 1741 2657 1814 observabitur.
2714 1740 2878 1812 Item
2923 1740 3398 1814 ministeriales

569 1885 697 1936 seu
724 1864 1042 1936 homines
1065 1861 1375 1956 eiusdem
1414 1865 1721 1960 episcopi
1759 1876 1830 1937 et
1852 1866 2138 1938 ecclesie
2174 1887 2302 1936 sue
2328 1886 2465 1937 non
2500 1864 2998 1937 convenientur
3030 1864 3138 1935 vel
3178 1865 3402 1959 impe-

574 1997 804 2060 tentur
835 2010 879 2060 a
911 1989 1347 2060 consortibus
1372 1989 1521 2061 suis
1553 2010 1784 2062 coram
1817 1990 2124 2061 scultetis
2159 1999 2227 2061 et
2247 1987 2604 2060 advocatis
2635 1988 2917 2076 nostris,
2954 1988 3086 2059 nisi
3123 2010 3232 2060 res
3261 1988 3399 2059 liti·

578 2112 766 2205 giose
801 2111 1039 2183 sintin
1073 2111 1501 2184 districtibus
1531 2112 1962 2204 eorumdem,
2002 2133 2132 2184 nec
2166 2110 2645 2183 ministeriales
2679 2120 2800 2182 aut
2837 2111 3148 2183 homines
3183 2112 3399 2183 nostri

582 2235 1071 2308 convenientur
1123 2256 1352 2308 coram
1413 2236 1767 2331 episcopo,
1819 2235 2126 2307 scultetis
2159 2235 2274 2307 vel
2307 2233 2661 2306 advocatis
2703 2234 2850 2306 suis
2890 2256 2932 2306 a
2969 2234 3399 2306 consortibus

584 2378 843 2447 eorum,
865 2358 997 2429 nisi
1015 2378 1126 2429 res
1153 2357 1445 2452 litigiose
1468 2358 1604 2430 sint
1635 2358 1705 2429 in
1733 2357 2045 2430 districtu
2070 2379 2199 2430 suo
2228 2357 2560 2452 corporali
2596 2367 2666 2429 et
2687 2357 2973 2429 ecclesie
3004 2379 3154 2428 sue.
3171 2357 3407 2429 Omni·

587 2479 709 2552 bus
733 2481 863 2552 illis
877 2481 1362 2553 nichilominus
1386 2482 1507 2575 qui
1539 2481 1988 2575 pfalburgarii
2011 2490 2500 2575 nuncupantur
2528 2488 2650 2552 aut
2666 2480 2819 2552 aliis
2842 2480 3406 2575 quibuscumque

587 2602 899 2696 superius
935 2602 1339 2691 nominatis,
1376 2602 1435 2674 si
1474 2600 1778 2674 dimissis
1814 2602 1981 2674 locis
2015 2603 2134 2674 ubi
2175 2600 2575 2674 residebant
2612 2602 2701 2674 ad
2754 2622 2880 2672 nos
2922 2601 3034 2672 vel
3087 2599 3402 2673 dominos

589 2743 742 2796 suos
765 2724 1241 2796 ministeriales
1265 2733 1537 2796 nostros
1570 2724 1797 2797 redire
1820 2725 2190 2813 voluerint,
2231 2724 2498 2816 absque
2533 2722 2789 2795 damno
2828 2722 2936 2795 vel
2974 2744 3149 2816 pena
3174 2722 3401 2816 quali·

590 2856 954 2941 tercunque
1004 2848 1106 2920 eis
1137 2855 1412 2943 propter
1454 2848 1588 2920 hoc
1623 2850 2022 2935 constituta,
2063 2869 2225 2920 cum
2275 2846 2615 2918 universis
2653 2846 2863 2918 rebus
2921 2846 3068 2917 suis
3114 2845 3402 2917 liberam

589 2970 914 3044 redeundi
941 2969 1242 3044 habeant
1276 2970 1707 3061 facultatem3
1745 2978 1812 3043 et
1843 2970 2031 3044 idem
2060 2968 2457 3043 hominibus
2491 2969 2803 3063 ejusdem
2834 2968 3135 3065 episcopi
3168 2967 3403 3043 condi·

588 3093 782 3165 tionis
811 3105 880 3166 et
906 3095 1193 3167 ecclesie
1216 3116 1342 3166 sue
1372 3094 1920 3183 conservabitur,
1941 3094 2120 3166 sicut
2152 3094 2224 3164 in
2256 3094 2557 3187 generali
2588 3093 2777 3165 curia
2799 3092 3153 3187 Maguntie
3171 3093 3406 3166 extitit

588 3217 1046 3289 constitutum.
1085 3219 1426 3290 Statutum
1455 3226 1558 3288 est
1593 3218 1877 3312 insuper
1912 3226 1980 3290 et
2008 3218 2433 3313 propositum
2454 3216 2647 3312 quod
2670 3217 2861 3312 apud
2890 3217 3276 3291 Schletstatt
3312 3217 3404 3291 de

588 3348 805 3412 cetero
838 3351 1115 3414 moneta
1142 3361 1279 3412 non
1317 3338 1650 3428 cudatur,
1692 3360 1821 3412 nec
1857 3340 2030 3413 alias
2059 3341 2131 3411 in
2169 3341 2576 3437 episcopatu
2607 3362 2762 3433 suo,
2809 3342 2944 3413 nisi
2980 3342 3102 3414 ubi
3134 3341 3223 3415 de
3245 3344 3406 3435 jure

590 3460 745 3534 cudi
773 3462 1008 3536 debet.
1037 3464 1204 3536 Item
1236 3463 1328 3536 de
1351 3464 1500 3535 foro
1537 3463 1926 3536 Ettenheim
1963 3475 2033 3537 et
2064 3464 2154 3537 de
2180 3465 2483 3537 Malberc
2519 3464 2768 3537 diebus
2794 3467 3052 3559 quibus
3079 3468 3224 3557 jam
3253 3489 3409 3540 ser-

587 3593 782 3656 vatur
811 3585 1063 3659 amodo
1103 3595 1546 3659 conservetur
1572 3584 1706 3683 (l).
1746 3587 1833 3660 Ut
1877 3596 2108 3660 autem
2134 3609 2417 3683 presens
2446 3587 2858 3676 infeudatio,
2901 3590 3308 3684 compositio
3336 3599 3408 3663 et

585 3710 991 3801 permutatio
1019 3709 1500 3783 inviolabiliter
1535 3710 1992 3785 observentur
2028 3721 2098 3784 et
2134 3712 2348 3783 robur
2374 3712 2715 3806 accipiant
2746 3712 3228 3784 inconcussum
3248 3766 3267 3801 ,
3314 3711 3408 3785 ad

587 3839 983 3925 perpetuam
1007 3831 1317 3923 ejusdem
1341 3831 1439 3903 rei
1467 3833 1874 3905 memoriam
1900 3844 1968 3906 et
1996 3834 2310 3907 stabilem
2329 3833 2741 3926 firmitatem,
2764 3856 3049 3930 presens
3075 3836 3407 3930 scriptum

590 3950 732 4025 fieri
768 3963 835 4026 et
870 3955 1094 4048 sigillo
1122 3966 1350 4028 nostre
1381 3956 1762 4047 majestatis
1777 3956 2108 4049 jussimus
2141 3956 2574 4030 communiri.

683 4078 901 4169 Hujus
927 4077 1030 4150 rei
1067 4086 1271 4151 testes
1306 4087 1470 4150 sunt
1504 4105 1522 4149 ε
1568 4078 1799 4151 dilecti
1843 4079 2194 4176 principes
2234 4080 2452 4151 nostri
2484 4076 2777 4152 Sifridus
2819 4079 3231 4152 venerabilis
3263 4080 3412 4152 Mo-

590 4200 1017 4290 guntinensis
1072 4202 1664 4297 archiepiscopus,
1730 4201 2087 4275 Conradus
2156 4203 2373 4276 abbas
2428 4204 2658 4276 Sancti
2709 4202 2919 4290 Galli,
2979 4204 3414 4276 Hermannus

588 4323 891 4396 marchio
935 4322 1026 4396 de
1065 4323 1339 4415 Baden,
1405 4324 1762 4398 Conradus
1814 4327 2232 4420 burgravius
2289 4325 2378 4399 de
2412 4326 2877 4420 Nuremberg,
2938 4326 3292 4400 Gotfridus
3319 4327 3414 4400 de

587 4430 1062 4539 Hochenloch,
1105 4449 1440 4521 Henricus
1473 4458 1542 4522 et
1578 4447 1905 4523 Albertus
1926 4452 2167 4523 fratres
2205 4449 2298 4523 de
2319 4451 2518 4523 Nifen
2539 4503 2558 4541 ,
2613 4452 2947 4523 Henricus
2969 4460 3037 4522 et
3060 4448 3412 4523 Gotfridus

660 4754 730 4829 (t)
769 4755 851 4814 Cf.
881 4772 1045 4831 supra
1064 4759 1475 4835 compositiones
1497 4761 1611 4834 jam
1641 4760 1798 4819 initas
1827 4760 1983 4819 annis
2013 4762 2149 4819 ⁴223
2178 4766 2234 4819 et
2260 4765 2420 4835 ⁴226,
2453 4767 2492 4819 t.
2523 4762 2593 4837 11,
2616 4779 2674 4837 p.
2699 4764 2808 4822 756
2833 4769 2890 4821 et
2914 4765 3038 4822 900.

743 4854 851 4919 IV.
897 4867 1011 4917 Ρη·
1037 4874 1081 4918 2.
2979 4870 3093 4923 108
