4500 5956
499 569 690 627 lauret.
723 565 809 648 8.]
1400 565 1800 628 HISTORIA
1850 564 2435 637 DIPLOMATICA.
3209 573 3319 633 711

501 722 622 774 nes
658 700 1050 796 prepositus
1088 698 1179 791 de
1212 698 1549 773 Omnibus
1588 701 1890 793 SanctiS,
1940 699 2401 791 Marguardus
2441 702 2828 795 prepositus
2861 703 3088 775 Sancti
3134 705 3325 776 Pauli

501 825 571 896 in
596 824 1024 912 Wormacia,
1050 823 1502 897 *Eberhardus
1527 826 2113 921 archipresbyter,
2150 823 2507 897 Conradus
2536 826 2878 919 palatinus
2912 827 3081 900 Beni
3104 882 3123 919 ,
3171 830 3327 901 Fri-

500 946 776 1021 dericus
829 947 980 1031 dux
1027 947 1315 1038 Suevie,
1359 949 1741 1022 Florentius
1793 970 2023 1022 comes
2070 949 2466 1040 Hollandie‚
2530 948 2922 1024 Gerhardus
2965 974 3195 1025 comes
3239 953 3330 1027 de

500 1072 673 1160 Lon,
710 1071 1079 1147 Heinricus
1114 1092 1343 1144 comes
1365 1069 1741 1160 Gelrensis‚
1781 1074 1938 1145 Otto
1973 1072 2063 1147 de
2099 1072 2619 1161 Binthenheim,
2681 1096 2911 1148 comes
2951 1077 3209 1172 Symon
3241 1076 3328 1150 de

501 1193 964 1282 Sarabrukke,
1003 1194 1246 1267 Comes
1281 1194 1642 1268 Heinricus
1677 1194 1767 1268 de
1798 1196 2063 1283 Dietse‚
2120 1196 2354 1290 Poppo
2390 1196 2481 1269 de
2509 1197 2918 1289 Wertheim,
2974 1199 3329 1272 Conradus

502 1316 589 1391 de
622 1317 1085 1411 Buchiesberg
1113 1318 1638 1415 (Bockesberg),
1682 1319 2046 1391 Heinricus
2077 1318 2166 1395 de
2188 1319 2469 1391 Cbuoch
2491 1374 2511 1409 ,
2551 1322 3013 1393 Hartmannus
3041 1322 3131 1394 de
3155 1324 3329 1395 Bue-

502 1441 769 1535 tingen,
828 1443 1173 1537 Rupertus
1206 1442 1299 1515 de
1334 1444 1606 1534 Durne,
1648 1443 2012 1515 Heinricus
2055 1445 2504 1535 marscalcuS,
2557 1443 2916 1517 Cunradus
2965 1444 3321 1540 pincerna,

503 1565 679 1638 Cono
708 1565 801 1638 de
825 1556 1296 1658 Mincenberg,
1338 1567 1710 1639 Anselmus
1727 1568 2164 1657 marscalcus,
2209 1568 2589 1640 Wicelinus
2618 1566 2707 1640 de
2741 1569 2996 1660 Berge,
3039 1568 3328 1643 Anshel-

504 1711 655 1762 mus
688 1689 780 1761 de
811 1690 1121 1783 Roninge
1141 1746 1158 1776 ,
1198 1689 1626 1782 GotefriduS,
1658 1691 1869 1763 etalii
1903 1693 2372 1785 quamplures.

596 1813 885 1906 Signum
917 1812 1185 1886 domini
1212 1815 1543 1889 Friderici
1581 1815 2048 1887 Romanorum
2086 1814 2514 1910 imperatoris
2552 1813 3010 1888 invictissimi.
3066 1815 3327 1911 (Mono-

498 1936 865 2031 qramma.)

592 2061 741 2153 Ego
759 2060 1109 2134 Gotfridus
1138 2059 1516 2156 imperialis
1542 2062 1701 2133 aule
1719 2063 2202 2150 cancellarius,
2226 2062 2382 2133 vice
2402 2061 2716 2133 Cristiani
2730 2062 3130 2156 Maguntine
3141 2062 3326 2136 sedis

502 2184 996 2279 archiepiscopi
1033 2193 1101 2256 et
1135 2183 1502 2257 Germanie
1537 2185 2151 2273 archicancellarii,
2184 2184 2584 2276 recognovi.

593 2307 767 2380 Acta
797 2316 963 2380 sunt
991 2308 1121 2380 bec
1158 2330 1341 2381 anno
1378 2308 1722 2381 dominice
1756 2309 2243 2383 incarnationis
2269 2309 2729 2400 MCLXXXII,
2770 2310 3141 2383 indictione
3169 2311 3321 2400 XV,

502 2444 833 2527 regnante
860 2432 1141 2506 domino
1163 2432 1508 2506 Friderico
1529 2433 1936 2529 imperatore
1953 2433 2468 2527 gloriosissimo,
2488 2454 2671 2505 anno
2689 2434 2885 2525 regni
2906 2436 3059 2525 ejus
3076 2436 3324 2522 XXXI,

503 2557 771 2653 imperii
807 2578 974 2629 vero
1003 2557 1309 2629 XXVIII.

591 2683 843 2754 Datum
865 2681 1238 2775 Maguntiis
1270 2681 1341 2752 in
1363 2680 1702 2775 solempni
1732 2679 1960 2769 curia,
1994 2681 2084 2752 VI
2115 2678 2450 2752 kalendas
2468 2680 2650 2771 junii
2670 2733 2691 2770 ,
2731 2679 3034 2753 feliciter.
3068 2679 3316 2753 Amen.

594 2806 734 2876 Nos
784 2804 995 2897 igitur
1025 2804 1330 2875 inclinati
1363 2804 1681 2899 precibus
1714 2802 1976 2876 civium
2013 2802 2510 2897 predictorum,
2555 2803 2739 2875 idem
2767 2804 3207 2898 privilegium
3242 2804 3330 2876 de

500 2929 713 3002 verbo
754 2927 846 3002 ad
874 2928 1167 3001 verbum
1207 2927 1508 3023 presenti
1540 2927 1794 3024 pagine
1836 2928 2116 3000 inscribi
2164 2928 2478 3015 fecimus,
2526 2927 2938 3000 innovantes
2978 2938 3045 3000 et
3080 2927 3329 2999 confir-

503 3063 768 3125 mantes
802 3053 1209 3130 auctoritate
1234 3053 1425 3145 regia
1461 3052 1848 3142 libertates,
1906 3052 2443 3124 consuetudines
2495 3051 2747 3145 pariter
2801 3063 2871 3123 et
2918 3052 3210 3123 honores
3248 3073 3330 3124 ac

505 3178 731 3249 omnia
768 3198 1048 3271 prorsus
1062 3178 1225 3269 jura
1255 3197 1396 3270 que
1428 3176 1689 3247 civitati
1725 3176 2031 3271 Spirensi
2067 3177 2138 3247 in
2167 3177 2412 3249 eodem
2442 3175 2805 3271 privilegio
2841 3188 3003 3249 sunt
3027 3176 3321 3250 indulta.

505 3301 899 3376 Inhibemus
927 3302 1159 3395 itaque
1194 3301 1479 3373 firmiter
1505 3309 1576 3373 et
1603 3299 1927 3373 distincte
1960 3299 2321 3394 (districte)
2352 3300 2484 3372 sub
2521 3301 2803 3372 obtentu
2842 3301 3071 3394 gracie
3102 3311 3332 3374 nostre

510 3446 589 3497 ne
604 3427 747 3497 ulla
765 3447 1059 3520 persona
1087 3427 1222 3497 alta
1254 3428 1366 3497 vel
1382 3425 1691 3515 humiliS,
1723 3422 2187 3495 ecclesiastica
2215 3425 2330 3496 vel
2364 3425 2718 3514 secularis,
2749 3425 3125 3519 predictam
3156 3426 3326 3496 civi-

510 3557 709 3620 tatem
730 3549 1124 3643 Spirensem
1147 3550 1261 3620 vel
1292 3548 1399 3619 civ
1409 3570 1486 3620 es
1524 3547 1743 3641 ipsius
1769 3556 2006 3618 contra
2036 3558 2341 3618 tenorem
2378 3547 2892 3641 privilegiorum
2914 3550 3331 3642 presentium

510 3682 836 3765 aggravet
866 3669 1099 3766 aliquo
1132 3672 1342 3744 modo
1373 3672 1487 3744 vel
1523 3670 1859 3741 molestet.
1902 3669 1973 3739 Si
2002 3669 2162 3763 quis
2187 3669 2397 3762 igitur
2420 3671 2552 3742 hoc
2581 3679 2982 3765 attemptare
3021 3693 3331 3766 presum-

510 3795 695 3886 serit,
735 3804 962 3890 preter
999 3795 1074 3868 id
1113 3795 1304 3890 quod
1345 3817 1386 3867 a
1420 3804 1652 3866 nostre
1700 3793 2071 3885 maJestatis
2109 3793 2345 3885 gracia
2384 3804 2488 3864 est
2534 3795 2901 3884 exclusus,
2940 3796 3156 3866 solvet
3202 3796 3331 3865 du-

512 3929 737 3991 centas
779 3941 1042 3992 marcas
1071 3920 1224 3992 auri
1258 3941 1382 4015 pro
1414 3940 1622 4014 pena,
1653 3939 1945 4011 quarum
1990 3916 2322 3988 medietas
2370 3915 2569 3988 cedat
2619 3915 2813 4007 fisc0,
2864 3918 3128 4010 reliqua
3168 3940 3331 3991 vero

513 4043 838 4115 medietas
874 4044 1096 4139 passis
1129 4043 1452 4136 injuriam
1482 4043 1932 4138 persolvetur.

601 4168 835 4239 Testes
869 4167 1082 4259 hujus
1113 4168 1212 4240 rei
1249 4178 1412 4241 sunt
1449 4196 1467 4239 :
1512 4167 1870 4241 Conradus
1902 4165 2239 4260 Spirensis
2283 4164 2678 4259 episcopus,
2718 4164 3090 4237 Landolfus
3134 4166 3335 4238 Wor·

516 4290 868 4362 maciensis
894 4291 1170 4364 welectus
1218 4291 1359 4388 (l),
1412 4290 1767 4365 Conradus
1803 4291 1894 4363 de
1940 4289 2170 4363 Steina
2219 4289 2644 4384 prepositus,
2695 4289 2987 4362 Sisridus
3034 4291 3340 4364 decanus

2439 4486 3085 4494 ----—-—·—-—---—--....---.--.--—--‚....w
3103 4490 3124 4494 .-.
3139 4490 3150 4494 -
3165 4490 3178 4494 -
3199 4491 3204 4494 s
3232 4490 3246 4494 -
3260 4489 3321 4494 -..fl

583 4591 650 4664 (⁴)
684 4595 967 4665 Quomodo
998 4597 1093 4656 isti
1122 4598 1230 4655 duo
1260 4597 1489 4672 praelati
1511 4597 1789 4656 rebellioni
1815 4597 2029 4655 ilenrici
2057 4597 2201 4670 regis
2235 4613 2432 4655 manus
2462 4597 2727 4668 dederint,
2756 4614 2826 4655 ex
2848 4598 3146 4655 Annalibus
3187 4600 3340 4654 Wor-

515 4691 858 4749 metientibus
889 4694 1037 4751 clare
1060 4696 1422 4769 comperimus
1453 4715 1468 4753 ε
1503 4716 1530 4750 α
1559 4697 1727 4755 Erant
1749 4696 1897 4754 cives
1926 4696 2210 4770 Spin-enses
2230 4711 2357 4752 cum
2384 4695 2876 4754 wormatiensibus
2911 4696 2966 4752 in
2990 4696 3093 4754 boc
3119 4695 3339 4752 articulo
