4500 5956
646 610 842 671 lamet.
872 609 962 686 9.]
1542 609 1939 671 HISTORIA
1988 611 2569 674 DIPLOMATICA.
3350 611 3463 673 '167

644 744 830 817 curie
887 754 1121 817 nostre
1136 741 1258 839 (l)
1295 744 1368 816 in
1419 742 1690 837 judicio
1739 745 1830 817 sit
1880 756 2295 840 conquestus
2334 745 2530 841 quod
2579 745 2880 842 quedam
2938 746 3122 818 bona
3174 747 3461 821 ecclesie

643 890 764 941 sue
797 889 921 963 per
954 866 1272 940 homines
1307 888 1473 940 5005
1507 867 1804 940 alienata
1837 867 1977 940 sint
2018 868 2254 942 illicite
2296 870 2368 942 in
2409 893 2617 945 suum
2647 880 2717 944 et
2750 870 3038 944 ecclesie
3073 892 3198 944 sue
3229 871 3371 964 prej
3384 894 3463 943 u-

643 991 903 1063 dicium
947 1001 1018 1063 et
1049 1012 1420 1086 gravamen
1440 1043 1462 1082 ,
1496 989 1572 1062 in
1615 990 1862 1064 eadem
1909 993 2101 1064 curia
2150 1003 2380 1067 nostra
2415 992 2905 1067 sententialiter
2944 993 3242 1065 obtinuit
3279 993 3463 1066 bona

644 1115 854 1209 ipsius
886 1114 1176 1187 ecclesie
1203 1113 1492 1187 alienari
1520 1134 1644 1209 per
1696 1114 1970 1209 aliquos
2014 1137 2150 1188 non
2197 1114 2480 1208 debere,
2515 1118 2695 1190 sicut
2730 1116 2823 1190 de
2846 1116 3006 1208 jure
3039 1137 3177 1189 non
3226 1137 3453 1211 posse,

644 1241 778 1313 imo
820 1241 877 1311 si
900 1260 1044 1333 qua
1079 1239 1377 1312 alienata
1404 1238 1637 1312 illicite
1676 1240 1957 1312 inventa
1992 1240 2272 1328 fuerint,
2304 1240 2602 1313 debeant
2632 1240 2965 1314 revocari.
3007 1240 3263 1312 Verum
3295 1239 3464 1332 quia

643 1364 807 1435 nihil
859 1362 1220 1460 prodesset
1270 1362 1433 1435 ferri
1479 1362 1852 1436 sententias
1893 1362 2028 1435 nisi
2077 1384 2314 1436 earum
2372 1364 2753 1457 exequutio
2799 1375 3232 1457 sequeretur,
3284 1361 3460 1435 fide-

643 1489 809 1560 litati
852 1496 1078 1560 vestre
1139 1487 1583 1582 precipiendo
1632 1486 2047 1560 mandamus
2090 1498 2435 1582 quatenus
2491 1489 2725 1560 nullus
2760 1489 2851 1560 sit
2899 1487 3018 1581 qui
3058 1497 3297 1560 contra
3353 1496 3455 1560 te·

645 1634 873 1685 norem
937 1610 1253 1704 ejusdem
1297 1609 1636 1684 sententie
1682 1610 1870 1683 bona
1935 1609 2154 1704 ipsius
2203 1610 2491 1684 ecclesie
2545 1613 2841 1685 alienare
2895 1621 3268 1705 presumat.
3325 1611 3465 1684 Sed

644 1736 699 1807 si
732 1757 872 1831 qua
904 1734 1141 1807 illicite
1180 1735 1478 1808 alienata
1506 1734 1789 1808 inventa
1823 1734 2103 1824 fuerint,
2152 1732 2451 1808 debeant
2475 1735 2570 1807 ad
2597 1736 2715 1826 jus
2756 1733 2974 1827 ipsius
3019 1734 3306 1806 ecclesie
3352 1756 3462 1806 re-

644 1861 897 1934 vocari.
940 1857 1052 1932 Ad
1080 1860 1284 1951 cujus
1318 1858 1421 1931 rei
1459 1859 1857 1932 memoriam
1891 1866 1963 1931 et
1998 1858 2317 1932 stabilem
2358 1858 2776 1946 firmitatem,
2824 1878 3103 1951 presens
3131 1858 3463 1951 scriptum

648 1985 787 2058 lieri
823 1985 1112 2057 fecimus
1142 1992 1212 2056 et
1244 1983 1472 2077 sigillo
1502 1991 1736 2056 nostro
1764 1983 2046 2054 muniri.

734 2110 985 2182 Datum
1027 2105 1218 2201 apud
1259 2107 1733 2201 Hagenovam,
1786 2127 1971 2179 anno
1998 2105 2346 2179 dominice
2376 2105 2863 2180 incarnationis
2908 2105 3006 2178 M.
3029 2105 3154 2177 CC.
3178 2105 3455 2192 XXXV,

647 2253 875 2304 mense
911 2231 1356 2326 septembris,
1394 2251 1581 2304 nona
1617 2229 2019 2302 indictione.

1073 2530 1285 2542 m·-
1298 2533 1965 2542 >mu—0⁶·—

742 2799 1206 2904 Fridericus,
1250 2802 1773 2887 Romanorum
1809 2804 2247 2913 imperator,
2285 2804 2597 2888 innovat
2648 2815 2723 2887 et
2780 2802 3179 2886 confirmat
3212 2803 3464 2911 privi-
3549 2825 3817 2935 {ffit

643 2933 925 3045 legium
979 2934 1079 3019 ab
1134 2936 1456 3020 Henrico
1501 2947 1713 3022 sexto
1755 2948 1969 3048 patre
2015 2963 2156 3021 suo
2194 2962 2398 3023 anno
2440 2939 2676 3045 1195,
2715 2949 2980 3022 octavo
3015 2937 3310 3020 decimo
3346 2936 3469 3020 die

642 3066 999 3173 octobriS,
1038 3067 1424 3153 indultum
1439 3131 1465 3177 ,
1504 3095 1665 3181 quo
1698 3069 2085 3154 abbatiam
2120 3072 2217 3153 de
2255 3070 2668 3181 Altenberg
2699 3071 2798 3153 ab
2834 3071 3045 3152 omni
3079 3070 3462 3178 thelone0,

643 3208 797 3281 tam
833 3199 914 3281 in
952 3210 1155 3284 terra
1187 3228 1424 3312 quam
1461 3201 1543 3284 in
1578 3229 1821 3312 aqua,
1863 3212 2227 3312 perpetuo
2262 3202 2584 3286 liberam
2620 3204 3034 3287 constituit.

799 3413 1035 3495 (Edidit
1069 3416 1458 3496 hecnam,
1492 3414 1862 3479 Urkundenb.
1875 3417 1996 3496 fiir
2018 3415 2111 3477 die
2136 3415 2333 3479 Gesclz.
2361 3415 2459 3477 des
2483 3414 2815 3487 Meam-12..
2846 3435 2960 3478 zw.
2987 3418 3175 3491 Band,
3218 3435 3282 3494 p.
3325 3427 3470 3492 105,

876 3531 944 3582 n·
972 3531 1111 3596 200,
1135 3530 1194 3584 et
1216 3530 1354 3585 erst.
1392 3523 1592 3606 Band,
1624 3540 1683 3601 p.
1712 3532 1852 3597 550,
1882 3532 1948 3583 n⁰
1976 3521 2146 3601 546.)

735 3706 1120 3780 Fridericus
1142 3763 1161 3799 ,
1199 3708 1323 3782 Dei
1356 3709 1574 3802 gratia
1603 3710 2062 3782 Romanorum
2097 3710 2465 3805 imperator
2496 3730 2768 3804 semper
2797 3718 3158 3801 augustuS,
3195 3708 3466 3781 Jerusa-

644 3830 773 3902 lem
804 3840 875 3904 et
908 3832 1139 3906 Sicilie
1169 3855 1320 3905 rex.
1355 3833 1486 3907 Per
1515 3854 1798 3928 presens
1830 3833 2163 3928 scriptum
2200 3842 2438 3905 notum
2477 3832 2767 3904 facimus
2811 3831 3152 3902 universis
3194 3831 3463 3925 imperii

644 3953 964 4029 fidelibus
999 3966 1132 4029 tam
1166 3958 1602 4053 presentibus
1634 3979 1843 4052 quam
1890 3958 2139 4030 futuris
2189 3956 2384 4050 quod
2440 4009 2459 4027 .
2527 4008 2543 4025 .
2606 4008 2623 4025 .
2681 3953 3099 4026 venerabilis
3130 3953 3346 4025 abbas
3375 3952 3466 4028 de

643 4079 870 4151 Monte
908 4080 1137 4154 Veteri
1175 4080 1404 4154 fidelis
1443 4090 1675 4153 noster
1717 4079 2107 4155 celsitudini
2158 4088 2390 4152 nostre
2431 4076 2784 4172 quoddam
2836 4076 3167 4171 scriptum
3215 4077 3378 4149 olim
3423 4100 3468 4151 a

643 4203 922 4277 domino
977 4205 1384 4298 imperatore
1437 4205 1732 4278 Henrico
1774 4206 1995 4279 felicis
2029 4202 2521 4278 recordationis
2556 4201 2950 4274 karrissimo
3006 4210 3198 4295 patre
3234 4210 3465 4274 nostro

643 4329 930 4402 ecclesie
962 4351 1087 4402 sue
1130 4330 1474 4402 indultum
1502 4331 1956 4425 presentavit,
1996 4330 2397 4425 supplicans
2429 4325 2779 4412 humiliter
2801 4334 2870 4399 et
2900 4324 3150 4402 devote
3181 4334 3260 4396 ut
3292 4324 3470 4399 illud

714 4611 788 4686 (4)
824 4611 1038 4670 Scilicet
1059 4611 1311 4671 Albertus
1331 4611 1400 4670 de
1426 4612 1730 4670 Rossevach
1746 4654 1762 4683 ,
1786 4610 1856 4669 de
1881 4625 1992 4686 quo
2012 4610 2171 4669 infra.
2195 4611 2277 4666 Ex
2302 4609 2682 4669 constitutione
2703 4608 3014 4682 Maguntina
3024 4625 3221 4667 munus
3235 4609 3473 4683 justitia-

645 4709 710 4766 rii
733 4724 833 4783 per
856 4710 1249 4767 Allemanniam
1277 4710 1487 4768 noviter
1512 4715 1792 4781 statutum,
1820 4710 1966 4768 hunc
1987 4708 2269 4769 Albertum
2291 4708 2490 4767 obiisse
2516 4706 2855 4765 arbitramur.
