4500 5956
1643 605 2261 668 ADmTAMENTA.
3233 604 3353 666 955

539 745 686 816 suis
735 740 1081 815 universis
1125 739 1398 812 civibus
1441 740 2068 814 wormaciensibus
2116 740 2407 831 gratiam
2458 761 2656 811 suam
2702 748 2773 811 et
2817 758 3022 811 omne
3060 738 3344 812 bonum.

541 862 1086 959 significandum
1140 861 1472 934 duximus
1520 859 1777 960 [vobis]
1831 863 2021 957 quod
2069 885 2195 935 nos
2247 864 2424 935 inter
2468 863 2873 958 episcopum
2920 871 3228 935 vestrum
3286 872 3355 936 et

541 1010 668 1061 vos
706 985 1147 1061 concordiam
1213 987 1505 1059 fecimus
1556 996 1625 1061 et
1683 988 2284 1060 reconciliavimus
2337 1009 2464 1061 vos
2528 988 2619 1061 ad
2670 988 2986 1083 plenum,
3043 990 3355 1062 volentes

541 1121 617 1184 ut
659 1112 1021 1184 consilium
1066 1119 1374 1184 vestrum
1423 1121 1495 1183 et
1528 1111 2111 1183 confraternitates
2151 1120 2416 1184 vestras
2457 1110 2811 1183 dimittatis
2860 1132 3068 1205 super
3118 1114 3352 1184 consi-

543 1236 710 1307 lium
761 1243 1066 1307 nostrum
1103 1244 1174 1308 et
1201 1234 1446 1326 juretis
1478 1233 1688 1306 hanni
1717 1234 2065 1327 justiciam
2105 1256 2316 1330 super
2349 1256 2475 1307 nos
2515 1244 2585 1307 et
2619 1235 2976 1307 consilium
3011 1244 3344 1309 nostrum.

543 1358 992 1431 Decrevimus
1043 1359 1274 1453 itaque
1326 1359 1395 1428 in
1447 1358 1721 1430 instanti
1774 1359 1949 1431 festo
1999 1359 2475 1432 Decollationis
2526 1360 2741 1432 sancti
2795 1360 3121 1433 Iohannis
3166 1362 3354 1455 Bap-

544 1482 698 1554 tiste
728 1480 834 1578 (4)
864 1481 1150 1555 dilectos
1184 1482 1549 1554 familiares
1578 1490 1847 1554 nostros
1878 1483 2343 1555 venerabilem
2380 1484 2854 1574 maguntinum
2889 1482 3359 1578 archiepisco-

545 1628 750 1701 pum,
805 1605 1265 1677 marchionem
1330 1604 1421 1677 de
1469 1605 1742 1696 Baden,
1784 1606 2141 1678 Gerlacum
2193 1606 2283 1679 de
2331 1607 2669 1700 Butingen
2723 1613 2792 1677 et
2833 1607 3216 1702 dapiferum
3269 1608 3358 1682 de

546 1730 877 1824 Walpurc
920 1727 1015 1802 ad
1052 1750 1181 1801 vos
1213 1750 1257 1800 a
1292 1731 1500 1801 latere
1549 1737 1779 1801 nostro
1807 1730 2298 1819 transmittere,
2346 1729 2538 1824 quod
2578 1730 2752 1802 inter
2793 1751 2922 1802 vos
2963 1732 3362 1804 auctoritate

547 1861 781 1926 nostra
816 1861 886 1925 et
923 1853 1193 1948 imperii
1225 1860 1530 1925 statuant
1554 1863 1624 1925 et
1658 1862 2070 1947 componant
2093 1853 2186 1926 ad
2215 1854 2550 1926 honorem
2590 1862 2898 1925 nostrum
2935 1861 3007 1925 et
3053 1854 3354 1948 imperii;

547 1976 952 2049 mandantes
988 1977 1190 2050 vohis
1225 1985 1295 2049 et
1337 1975 1725 2050 firmissime
1758 1978 2209 2072 precipientes
2261 1986 2604 2073 quatenus
2663 1977 2866 2050 dictis
2913 1977 3364 2051 familiaribus

548 2100 795 2172 nostris
825 2099 1121 2173 credatis
1160 2102 1231 2172 in
1268 2100 1404 2172 hiis
1436 2123 1576 2197 que
1619 2101 1820 2173 vohis
1852 2100 2156 2175 dixerint
2185 2109 2255 2175 et
2285 2100 2711 2197 preceperint
2747 2100 3082 2175 facienda.

645 2227 892 2297 Datum
923 2223 1115 2320 apud
1145 2226 1617 2313 Frankenfort,
1658 2227 1748 2298 vl
1780 2226 1943 2299 idus
1969 2226 2276 2319 augusti,
2307 2226 2680 2299 indictione
2709 2225 2790 2299 V.

966 2534 2929 2547 mmm——

655 2814 932 2899 Notitia
969 2814 1604 2897 documentorum
1639 2813 1736 2895 de
1769 2812 2053 2923 quibus
2091 2837 2246 2895 non
2286 2820 2404 2893 sat
2437 2811 2629 2893 bene
2663 2821 2987 2895 constat.

652 3057 867 3131 4232.
908 3058 987 3128 In
1015 3055 1241 3150 questi
1279 3054 1488 3148 tempi
1524 3050 2005 3148 l'imperadore
2045 3052 2368 3125 Federico
2410 3048 2709 3124 secondo
2764 3050 2972 3126 diede
3025 3054 3097 3125 in
3155 3054 3366 3128 feudo

553 3180 620 3251 la
665 3187 912 3271 quarta
955 3186 1154 3272 parte
1200 3176 1498 3265 d'Alice,
1540 3183 1721 3248 terra
1767 3175 1884 3246 nel
1931 3175 2349 3267 Monferato,
2410 3197 2455 3248 a
2495 3175 2843 3249 Bonifazio
2894 3177 3164 3250 Guasco
3200 3180 3368 3270 [civi

550 3296 1095 3395 Alexandrino];
1137 3300 1186 3371 il
1236 3300 1441 3393 quale
1489 3298 1726 3394 poscia
1756 3319 1798 3371 e
1830 3298 1857 3369 i
1886 3299 2039 3371 suoi
2085 3298 2556 3391 discendenti,
2602 3300 2966 3374 acciocche
3013 3301 3073 3374 si
3115 3323 3371 3376 conos-

550 3445 701 3497 sero
749 3423 1091 3497 differenti
1134 3424 1323 3517 dagli
1365 3423 1521 3495 altri
1573 3423 1646 3496 di
1705 3423 1937 3517 quella
1993 3423 2343 3517 famiglia,
2400 3424 2645 3497 furono
2698 3424 3021 3499 chiamati
3072 3425 3370 3501 Guaschi

553 3547 840 3621 d’Alioe.
882 3545 1182 3638 Gmmm,
1222 3546 1468 3620 Annal.
1512 3546 1990 3639 d'Alessandr.,
2028 3570 2104 3642 p.
2144 3549 2264 3620 33.

646 3747 963 3865 Frederic
999 3790 1058 3861 II
1095 3788 1385 3862 accorde
1421 3788 1464 3861 a
1498 3789 1680 3860 Pons
1712 3786 2121 3878 d'Astoaud‚
2158 3811 2245 3861 en
2286 3790 2509 3882 4232,
2544 3812 2642 3862 un
2672 3788 2852 3864 droit
2886 3792 2976 3866 de
3000 3797 3219 3889 peage
3249 3816 3369 3866 sur

553 3915 650 3987 les
685 3923 895 3987 terres
928 3936 1067 4007 que
1096 3913 1196 3984 lui
1221 3913 1411 3985 avait
1439 3911 1742 3984 donnees
1774 3913 1839 3985 le
1871 3921 2095 3985 comte
2131 3911 2223 3985 de
2247 3915 2611 3988 Toulouse.
2654 3915 3140 4010 Prrnou-Cmrr,
3183 3922 3360 3991 Hist.

552 4040 629 4111 de
660 4039 928 4110 lanobl.
971 4037 1067 4109 du
1089 4037 1296 4109 comte
1334 4037 1704 4129 Venaissin,
1746 4044 1796 4107 t.
1836 4038 1891 4127 Ι,
1927 4060 2001 4132 p.
2044 4038 2163 4109 98.

651 4297 865 4372 4232.
890 4293 1373 4369 confirmation
1407 4296 1760 4391 imperiale
1781 4318 1868 4370 en
1888 4297 2130 4370 faveur
2154 4296 2243 4370 de
2266 4293 2581 4392 l'eveque
2599 4295 2689 4371 de
2706 4297 2881 4393 Gap.
2900 4298 3062 4371 Note
3085 4300 3360 4395 envoyde

552 4442 678 4511 par
703 4423 794 4492 Μ.
829 4421 1125 4506 Gautier‚
1148 4421 1606 4493 bibliothecaire
1629 4421 1710 4493 de
1738 4422 1807 4493 la
1828 4423 1979 4493 ville
2003 4420 2082 4492 de
2108 4422 2281 4516 Gap.
2311 4420 2433 4517 (Le
2460 4421 2797 4516 privilege
2823 4422 3043 4517 parait
3076 4424 3362 4522 perdu.)

627 4725 699 4799 (4)
736 4726 949 4784 Scilicet
975 4729 1046 4786 29
1071 4728 1305 4801 augusti.
