4500 5956
1054 621 1176 682 888
2051 619 2476 680 rmnssmcl
2524 620 2868 682 SECUNDI
3493 623 3652 702 [Anu.
3689 623 3861 687 1236.

1057 756 1280 826 sorum
1319 749 1772 824 ebdomedale
1807 751 1877 821 in
1914 753 2223 846 qualibet
2276 755 2482 826 tercia
2531 755 2697 828 feria
2740 754 3225 827 celebrandum
3245 808 3266 845 ,
3305 756 3454 829 sine
3490 759 3868 852 prejudicio

1055 874 1235 966 juris
1268 874 1503 961 alieni,
1536 873 1938 968 recipientes
1972 895 2212 947 omnes
2239 875 2332 948 ad
2373 877 2559 949 idem
2596 879 2819 949 forum
2856 873 3213 949 venientes
3241 888 3310 949 et
3336 877 3430 950 ad
3457 882 3729 974 propria
3763 903 3869 953 re-

1061 1006 1407 1068 vertentes
1449 997 1580 1067 sub
1629 997 1993 1090 specialem
2045 1006 2341 1070 nostram
2389 1009 2458 1071 et
2493 1000 2762 1094 imperii
2802 999 3319 1096 protectionem.
3374 1001 3485 1074 Ad
3527 1005 3727 1096 cujus
3771 1005 3866 1077 rei

1063 1119 1457 1190 memoriam
1495 1128 1563 1190 et
1598 1120 1809 1191 robur
1847 1121 1975 1189 sibi
2014 1121 2079 1189 in
2121 1130 2468 1214 posterum
2509 1123 2916 1213 valiturum,
2951 1145 3232 1218 presens
3274 1126 3603 1219 scriptum
3633 1125 3774 1198 fieri
3801 1139 3869 1197 et

1059 1243 1283 1334 sigillo
1324 1252 1553 1313 nostre
1588 1243 2014 1315 celsitudinis
2036 1244 2371 1336 jussimus
2408 1245 2839 1317 communiri.

1159 1367 1407 1435 Datum
1446 1364 1634 1460 apud
1680 1368 2037 1456 Werdam,
2078 1390 2262 1440 anno
2303 1368 2644 1441 dominice
2681 1370 3164 1441 incarnationis
3209 1370 3569 1444 millesimo
3604 1371 3869 1446 ducen-

1062 1489 1302 1560 tesimo
1341 1490 1680 1561 tricesimo
1714 1500 1939 1582 sexto,
1984 1512 2219 1563 mense
2235 1493 2426 1584 julii,
2463 1513 2643 1564 none
2669 1491 3089 1565 indictionis.

1169 2078 1622 2182 FridericuS‚
1663 2080 2184 2160 Romanorum
2220 2079 2661 2187 imperator,
2705 2081 2801 2161 ad
2839 2080 3271 2188 petitionem
3301 2077 3870 2188 Salzburgensis

1065 2209 1648 2318 archiepiscopi,
1680 2209 2011 2292 dictante
2057 2211 2425 2291 sententia
2463 2211 2893 2319 principum
2915 2274 2939 2319 ,
2979 2222 3179 2294 vetat
3221 2238 3319 2294 ne
3363 2212 3536 2320 quis
3580 2218 3871 2293 revocet

1063 2343 1411 2424 homines
1450 2369 1495 2423 a
1531 2352 1763 2423 strata
1808 2342 2115 2449 publica
2151 2343 2336 2451 quin
2376 2343 2660 2425 vadant
2694 2345 2793 2425 ad
2827 2343 3118 2451 forum,
3161 2345 3308 2425 nisi
3350 2344 3628 2425 habeat
3673 2368 3867 2450 pro-

1063 2475 1268 2583 prios
1304 2500 1500 2583 quos
1535 2500 1886 2556 revocare
1921 2486 1996 2556 et
2030 2476 2388 2557 reducere
2422 2485 2694 2583 potest.

1227 2685 1469 2762 (Inedlt.
1497 2702 1569 2745 ex
1600 2682 1956 2765 Salzburqer
1981 2683 2487 2760 Kammerbia‘cloer,
2517 2692 2664 2746 tom.
2693 2688 2744 2759 I,
2774 2684 2878 2745 fol.
2914 2694 3053 2760 204,
3084 2686 3254 2747 MSS.
3284 2688 3349 2746 ln
3371 2685 3611 2746 archivo
3639 2686 3868 2747 Vindo-

1293 2792 1579 2863 bonensi;
1612 2795 1784 2867 quus
1810 2795 2037 2868 copiam
2071 2792 2392 2853 liberaliter
2427 2791 2597 2851 nobis
2632 2794 2724 2851 vir
2757 2795 3029 2870 egregius
3054 2791 3106 2851 J.
3145 2793 3246 2853 Fr.
3281 2792 3640 2854 Boebmerus
3673 2798 3866 2853 trans·

1290 2900 1501 2972 misit.)

1156 3078 1577 3161 FridericuS‚
1622 3080 1744 3151 Dei
1783 3080 2014 3169 gracia
2057 3079 2515 3150 Romanorum
2555 3078 2920 3171 imperator
2953 3098 3223 3172 semper
3256 3088 3630 3170 augustu8‚
3670 3080 3865 3150 Jeru-

1063 3203 1273 3273 salem
1309 3211 1377 3273 et
1410 3202 1637 3272 Sicilie
1666 3222 1816 3272 rex.
1861 3201 1989 3272 Per
2025 3222 2306 3294 presens
2350 3202 2679 3294 scriptum
2718 3211 2955 3273 notum
2995 3200 3137 3274 fieri
3182 3202 3505 3274 volumus
3530 3202 3869 3273 universis

1065 3334 1415 3420 presentes
1442 3324 1697 3395 litteras
1735 3325 2142 3417 inspecturis
2163 3377 2182 3411 ,
2218 3323 2414 3416 quod
2444 3346 2598 3396 cum
2637 3346 2761 3396 nos
2793 3324 3250 3398 resideremus
3282 3326 3353 3396 in
3386 3334 3608 3396 castro
3640 3333 3869 3397 nostro

1061 3447 1315 3520 Werde
1346 3469 1500 3518 cum
1542 3448 1970 3542 principibus
2006 3457 2075 3519 et
2112 3449 2266 3518 aliis
2304 3449 2699 3542 proceribus
2731 3450 3013 3537 nostris,
3051 3449 3338 3543 petitum
3378 3458 3483 3520 est
3518 3470 3644 3543 pro
3679 3460 3870 3542 parte

1065 3571 1292 3643 dilecti
1341 3570 1669 3665 principis
1712 3570 1922 3642 nostri
1968 3570 2047 3641 Ε.
2093 3569 2506 3641 venerabilis
2550 3571 3065 3662 Salzburgensis
3101 3570 3592 3664 archiepiscopi
3642 3591 3866 3642 coram

1067 3696 1267 3768 nobis
1300 3722 1317 3766 ε
1358 3696 1415 3766 si
1443 3695 1849 3786 generaliter
1877 3693 2192 3766 homines
2230 3704 2473 3766 euntes
2497 3716 2624 3789 per
2653 3705 2928 3765 stratam
2972 3694 3325 3788 publicam
3357 3691 3451 3764 ad
3489 3695 3715 3765 forum
3745 3692 3868 3765 de-

1059 3820 1266 3892 beant
1307 3821 1396 3892 ab
1428 3820 1670 3892 eadem
1713 3827 1921 3890 strata
1974 3819 2254 3913 publica
2300 3819 2608 3890 revocari
2659 3826 2727 3890 et
2771 3819 2925 3910 cogi
2967 3839 3088 3913 per
3120 3818 3390 3911 aliquos
3431 3817 3531 3888 ire
3564 3837 3687 3911 per
3720 3816 3869 3887 vias

1063 3945 1369 4038 privatas
1427 3941 1520 4014 ad
1568 3945 1711 4016 fora
1762 3964 1910 4014 sua.
1986 3945 2209 4037 Super
2265 3964 2406 4036 quo
2460 3941 2761 4013 dictante
2814 3942 3150 4013 sententia
3203 3940 3590 4035 principum
3647 3938 3870 4011 extitit

1063 4070 1569 4162 promulgatum
1611 4095 1628 4138 ε
1662 4065 1854 4161 quod
1902 4089 2040 4139 non
2084 4068 2241 4138 licet
2293 4066 2503 4137 alicui
2551 4066 2913 4161 prohibere
2948 4066 3351 4137 hominibus
3387 4086 3515 4136 nec
3547 4084 3869 4135 revocare

1056 4213 1175 4264 eos
1211 4214 1253 4264 a
1304 4202 1511 4263 strata
1564 4191 1876 4286 publica,
1915 4191 2087 4285 quin
2133 4190 2395 4262 vadant
2437 4190 2531 4263 ad
2574 4192 2796 4262 forum
2847 4189 2968 4260 ubi
3023 4190 3286 4283 possint
3338 4210 3464 4261 sua
3507 4185 3867 4259 commoda

1062 4336 1418 4405 exercere;
1458 4316 1654 4387 salvo
1695 4314 1754 4387 si
1788 4315 1947 4409 quis
1993 4313 2202 4386 habet
2238 4313 2546 4408 proprios
2586 4334 2763 4408 quos
2803 4321 3027 4407 potest
3067 4334 3393 4386 revocare
3433 4322 3501 4384 et
3538 4310 3866 4384 reducere

1055 4437 1235 4508 sicut
1284 4439 1455 4509 vult.
1494 4436 1604 4510 Ad
1656 4439 1856 4529 cujus
1896 4436 1995 4509 rei
2034 4437 2435 4509 memoriam
2475 4445 2858 4531 presentem
2887 4436 3211 4532 paginam
3248 4435 3392 4508 fieri
3435 4435 3722 4507 fecimus
3760 4433 3866 4504 si·-

1048 4560 1213 4654 gillo
1252 4570 1481 4632 nostro
1518 4562 1876 4632 munitam.

1143 4685 1375 4756 Testes
1426 4693 1654 4756 autem
1697 4692 1858 4754 sunt
1892 4708 1909 4752 ε
1944 4683 2021 4753 Τ.
2073 4680 2489 4754 venerabilis
2525 4681 2963 4754 Treverensis
2994 4682 3578 4777 archiepiscopus,
3614 4683 3696 4755 E.
3732 4683 3863 4753 Ba·
