4500 5956
701 1188 976 1285 ”ww
990 1215 1005 1240 ‚

1072 658 1197 724 858
2072 650 2508 714 rmnssmm
2555 650 2905 712 sEcumm
3514 655 3674 732 [Au.
3713 654 3883 720 1236.

1180 1159 1641 1266 FridericuS,
1682 1160 2201 1243 Romanorum
2254 1159 2692 1268 imperator,
2732 1160 3169 1244 Hermanno
3204 1161 3575 1271 magistro
3608 1161 3881 1245 domus

1075 1293 1711 1377 Theutonicorum
1748 1293 2066 1374 Sanctae
2099 1293 2380 1376 Mariae
2432 1302 2505 1375 et
2541 1291 2906 1375 fratribus
2956 1293 3123 1402 ejus
3176 1293 3580 1377 confirmat
3630 1294 3883 1377 colla-

1072 1426 1355 1508 tionem
1399 1425 1799 1534 cujusdam
1854 1426 2129 1507 domus
2182 1450 2360 1506 cum
2415 1433 2626 1506 curte
2678 1426 2885 1533 apud
2927 1424 3388 1534 Bopardiam
3430 1453 3478 1508 a
3525 1426 3884 1535 Lutgardi

1073 1561 1170 1642 de
1213 1557 1933 1641 Waltmanshausen
1989 1558 2276 1640 eisdem
2314 1557 2623 1640 factam.

1233 1774 1549 1854 (Edidits.
1579 1774 1659 1835 Η.
1686 1774 1965 1846 nunnus,
1998 1772 2139 1834 Cod.
2167 1772 2406 1854 diplom.
2435 1772 2567 1838 ord.
2596 1774 2663 1837 S.
2692 1774 2921 1836 Mariae
2953 1772 3347 1853 Theuton..‚p
3390 1784 3541 1854 105,
3569 1787 3640 1837 n⁰
3668 1785 3780 1850 94,
3809 1795 3885 1839 ex

1313 1883 1529 1960 origin.
1552 1884 1616 1943 in
1641 1881 1882 1943 archivo
1907 1880 2270 1961 vindobon.)

1170 2066 1585 2156 Fridericus‚
1620 2067 1749 2139 Dei
1790 2068 2007 2159 gratia
2058 2067 2518 2138 Romanorum
2576 2067 2944 2161 imperator
2988 2087 3258 2164 semper
3303 2078 3665 2163 augustus,
3715 2070 3888 2143 Ibe-

1075 2192 1371 2264 rusalem
1407 2200 1475 2264 et
1509 2191 1764 2287 Sycilie
1812 2213 1966 2262 rex,
2003 2190 2131 2262 Per
2184 2211 2470 2284 presens
2514 2190 2850 2285 scriptum
2901 2200 3134 2285 patere
3176 2192 3502 2265 volumus
3548 2194 3887 2268 universis

1073 2316 1343 2411 imperii
1393 2315 1714 2388 fidelibus
1766 2327 1902 2387 tam
1946 2314 2376 2409 presentibus
2427 2336 2638 2407 quam
2691 2315 2940 2385 futuris
2981 2316 3175 2407 quod
3221 2317 3429 2388 frater
3459 2318 3888 2390 Hermannus

1070 2440 1483 2514 venerabilis
1523 2440 1845 2532 magister
1896 2438 2144 2510 domus
2187 2438 2765 2511 Theutonicorum
2811 2438 3058 2511 Sancte
3093 2439 3307 2512 Marie
3348 2439 3419 2509 in
3467 2439 3887 2513 iherusalem

1071 2576 1141 2638 et
1181 2567 1419 2637 fratres
1462 2566 1646 2657 ejuS,
1696 2561 1934 2635 fideles
1986 2562 2243 2652 nostri,
2300 2561 2865 2656 supplicaverunt
2915 2569 3146 2634 nostre
3195 2562 3586 2635 celsitudini
3641 2584 3887 2658 propo-

1072 2689 1303 2762 nendo
1334 2690 1660 2782 quatinus
1699 2687 1864 2781 quia
1908 2684 2274 2779 Lutgardis
2315 2683 2404 2758 de
2453 2685 3191 2759 Waltmannenshusen
3243 2686 3463 2759 vidua
3509 2689 3886 2760 contulerat

1073 2813 1204 2885 sibi
1254 2822 1323 2885 et
1356 2812 1592 2885 domui
1640 2833 1766 2884 sue
1809 2810 1999 2906 apud
2036 2809 2450 2904 Bopardiam
2499 2809 2854 2904 quandam
2903 2810 3188 2882 domum
3238 2832 3437 2883 suam
3485 2832 3644 2884 cum
3701 2824 3890 2884 curte

1073 2960 1281 3032 quam
1344 2935 1434 3009 de
1490 2936 1691 3009 bonis
1734 2937 1879 3009 suis
1930 2934 2301 3008 mobilibus
2346 2944 2643 3026 emerat,
2701 2933 3085 3007 secundum
3129 2933 3320 3028 quod
3362 2955 3486 3030 per
3540 2935 3889 3009 obtentam

1075 3061 1462 3156 generalem
1506 3063 1579 3132 in
1624 3060 1962 3157 Bopardie
2014 3061 2205 3131 curia
2263 3061 2667 3132 sententiam
2720 3080 2832 3132 res
2883 3057 2973 3131 de
3022 3059 3227 3131 bonis
3282 3059 3655 3133 mobilibus
3714 3083 3891 3133 con-

1076 3185 1364 3278 quisitas
1414 3186 1596 3256 licite
1648 3185 1759 3256 cui
1813 3185 2022 3257 vellet
2073 3185 2382 3256 conferre
2430 3194 2696 3278 poterat
2745 3192 2812 3256 et
2864 3186 3130 3278 legare,
3189 3182 3620 3255 collationem
3674 3185 3892 3278 ipsius

1080 3308 1281 3380 dictis
1324 3309 1648 3401 magistro
1693 3318 1760 3380 et
1804 3308 2125 3379 fratribus
2171 3308 2422 3379 factam
2467 3318 2684 3380 ratam
2724 3307 2981 3380 habere
3024 3316 3092 3379 et
3141 3306 3230 3379 de
3279 3315 3510 3378 nostra
3556 3306 3689 3378 sibi
3728 3328 3892 3378 con-

1081 3432 1353 3504 firmare
1398 3432 1615 3525 gratia
1661 3432 2128 3525 dignaremur.
2167 3432 2308 3503 Nos
2348 3441 2578 3504 autem
2603 3434 2809 3525 justis
2843 3453 3082 3505 eorum
3126 3431 3747 3526 supplicationibus
3793 3433 3892 3503 fa-

1079 3557 1474 3630 vorabiliter
1501 3565 1910 3640 annuente8‚
1943 3555 2373 3628 collationem
2407 3555 2723 3649 ejusdem
2751 3555 3000 3628 domus
3031 3577 3189 3628 cum
3230 3564 3458 3645 curte,
3494 3556 3671 3626 sicut
3708 3555 3891 3645 juste

1080 3703 1205 3777 per
1237 3680 1547 3753 eamdem
1575 3680 1987 3773 Lutgardam
2022 3679 2200 3751 facta
2231 3687 2368 3771 est,
2399 3686 2617 3750 ratam
2644 3679 2980 3750 habemus
3013 3687 3083 3750 et
3114 3678 3205 3751 de
3236 3678 3473 3749 innata
3500 3677 3715 3749 nostri
3748 3677 3891 3748 cul-

1079 3804 1286 3877 minis
1332 3804 1551 3899 gralia
1592 3802 1854 3876 eisdem
1898 3802 2225 3895 magistro
2268 3810 2339 3875 et
2381 3800 2706 3873 fratribus
2737 3799 3263 3888 confirmamus;
3295 3799 3633 3893 presentis
3662 3798 3893 3893 scripti

1079 3929 1486 4002 mandantes
1524 3926 1748 4000 edicto
1781 3928 2109 4020 quatinus
2140 3928 2373 3998 nullus
2421 3925 2831 4012 advocatus,
2875 3925 3242 4011 scultetu5‚
3284 3924 3561 3994 nullave
3603 3943 3895 4016 persona

1080 4056 1214 4127 alta
1250 4055 1364 4126 vel
1398 4053 1709 4141 humilis,
1751 4052 2205 4125 ecclesiastica
2257 4060 2379 4123 aut
2407 4050 2790 4140 mundana,
2830 4047 3173 4143 predictos
3205 4047 3609 4140 magistrum
3647 4056 3718 4120 et
3753 4048 3897 4119 fra-

1081 4187 1218 4251 tres
1268 4186 1504 4249 contra
1573 4176 1907 4270 presentis
1982 4176 2486 4249 ratihabitionis
2551 4184 2622 4247 et
2678 4172 3211 4246 confirmationis
3264 4181 3497 4244 nostre
3568 4172 3894 4267 paginam

1082 4311 1335 4373 temere
1389 4301 1723 4395 impetere
1785 4302 1897 4371 vel
1967 4302 2328 4372 molestare
2381 4308 2759 4392 presumat.
2817 4297 3022 4382 Quod
3078 4298 3198 4391 qui
3249 4294 3741 4390 presumpserit
3788 4293 3896 4363 in-

1084 4425 1552 4517 dignationem
1599 4433 1900 4496 nostram
1952 4444 2031 4495 se
2062 4422 2336 4494 noverit
2370 4421 2833 4494 incursurum.
2874 4420 2988 4494 Ad
3023 4422 3226 4512 cujus
3259 4420 3361 4491 rei
3395 4419 3697 4490 futuram
3742 4436 3891 4487 me-

1083 4677 1172 4754 (οἱ.
1199 4676 1339 4734 intra
1364 4694 1420 4751 p.
1449 4675 1594 4750 882),
1622 4677 1690 4735 ad
1721 4693 1962 4735 mensem
1986 4678 2191 4736 maium
2224 4683 2283 4736 et
2313 4677 2538 4737 forsitan
2569 4678 2699 4737 dum
2729 4676 2881 4736 curia
2904 4673 3270 4735 confluentiae
3299 4672 3684 4743 celebraretur,
3719 4685 3896 4743 ency—

1078 4776 1268 4836 clicam
1291 4773 1651 4848 reponendam
1672 4789 1799 4832 esse
1821 4790 2120 4833 censemus.
