4500 5956
1132 504 1253 567 sos
2122 504 2563 567 rmnmucr
2611 506 2966 568 suenum
3576 507 3739 587 [An.
3778 509 3959 575 1236.

1296 636 1496 719 (Edit.
1542 655 1638 717 ap.
1683 640 1994 718 Rumon,
2031 638 2166 702 Cod.
2217 638 2453 723 diplom
2507 640 2705 703 histor.
2755 638 3217 723 Meqapolieanae
3256 638 3401 702 med.
3443 642 3603 720 aevi,
3652 641 3850 705 fascic.
3895 645 3958 718 1,

1373 762 1436 824 p.
1469 754 1545 806 26
1578 743 1900 824 (Schwerin
1931 755 2106 824 1789,
2135 749 2220 828 4⁰)
2247 765 2324 810 ex
2349 747 2790 809 confirmatione
2811 746 3102 809 Ludovici
3129 750 3497 825 imperatoris
3523 749 3598 809 de
3619 765 3776 810 anno
3808 758 3960 811 1814

1375 853 1439 912 in
1466 851 1707 911 archivo
1733 853 1929 913 ducali
1959 851 2408 913 SchwerInensi.
2439 852 2634 930 Hujus
2661 851 2950 932 privilegii
2976 854 3207 930 copiam
3243 855 3417 914 solita
3454 870 3564 915 sua
3596 853 3962 915 humanitate

1372 955 1544 1017 nobis
1569 955 1708 1018 fecit
1732 956 2140 1032 Boehmerus.)

1230 1121 1647 1213 Fridericus‚
1686 1124 1808 1197 Dei
1841 1126 2074 1219 gracia
2105 1125 2568 1199 Romanorum
2609 1126 2974 1224 imperator
3022 1147 3292 1222 semper
3340 1137 3680 1222 augustus
3699 1182 3720 1221 ‚
3762 1129 3964 1203 Jeru-

1135 1247 1348 1318 salem
1400 1256 1470 1319 et
1509 1246 1759 1344 Sycilie
1808 1271 1933 1322 rex
1959 1304 1977 1337 ,
2032 1249 2377 1323 universis
2423 1260 2771 1347 presentes
2825 1251 3081 1323 litteras
3133 1250 3584 1346 inspecturis,
3640 1251 3964 1327 fidelibus

1137 1369 1326 1461 suis,
1392 1372 1693 1461 graciam
1759 1394 1954 1446 suam
2012 1383 2080 1448 et
2141 1397 2347 1449 omne
2412 1375 2697 1448 bonum.
2769 1375 3202 1473 supplicavit
3268 1375 3661 1450 celsitudini
3730 1386 3965 1451 nostre

1135 1492 1486 1566 Iohannes
1521 1494 1611 1566 de
1645 1494 2248 1591 Mecbkelinburg,
2308 1496 2532 1571 fidelis
2574 1506 2842 1589 noster,
2883 1507 3227 1591 quatenus
3280 1498 3467 1571 bona
3516 1507 3584 1571 et
3612 1501 3768 1592 iura
3801 1522 3955 1591 sua,

1134 1637 1275 1711 que
1311 1626 1447 1688 tam
1479 1616 1550 1687 in
1586 1619 1786 1711 aquis
1813 1641 2024 1712 quam
2063 1620 2136 1690 in
2171 1620 2367 1693 terris
2397 1622 2587 1714 justo
2614 1620 2811 1692 titulo
2843 1621 3209 1714 hucusque
3237 1620 3573 1717 possedit,
3616 1621 3750 1694 sibi
3789 1645 3963 1695 con-

1134 1738 1407 1813 firmare
1454 1761 1580 1835 pro
1635 1751 1829 1836 parte
1876 1752 2104 1816 nostra
2152 1753 2220 1816 et
2259 1743 2528 1839 imperii
2582 1742 2674 1816 de
2717 1752 2949 1817 nostra
3001 1745 3236 1838 gracia
3291 1744 3761 1840 dignaremur.
3821 1748 3964 1820 Nos

1134 1864 1346 1957 igitur
1381 1864 1529 1935 suis
1565 1865 1883 1958 precibus
1918 1877 2326 1958 annuenteS‚
2384 1868 2565 1941 bona
2600 1878 2670 1941 et
2696 1869 2855 1960 jura
2888 1889 3014 1941 sua
3038 1921 3058 1961 ,
3099 1868 3278 1941 sicut
3317 1889 3402 1942 ea
3440 1871 3673 1942 omnia
3714 1880 3852 1943 tam
3887 1870 3960 1941 in

1131 1988 1336 2083 aquis
1377 2011 1586 2082 quam
1643 1989 1714 2059 in
1764 1989 1957 2062 terris
1997 1992 2182 2082 juste
2231 2000 2303 2064 et
2353 1991 2847 2065 rationabiliter
2897 1993 3230 2065 hactenus
3283 1990 3667 2065 dinoscitur
3715 2014 3962 2088 posse-

1132 2111 1347 2201 disse,
1388 2112 1792 2186 auctoritate
1830 2122 2061 2187 nostra
2093 2123 2161 2187 et
2189 2116 2454 2210 imperii
2491 2116 2623 2188 sibi
2652 2114 2986 2189 duximus
3014 2114 3513 2190 confirmanda.

1232 2236 1481 2308 Datum
1535 2236 1724 2332 apud
1779 2238 2161 2332 Hagenow,
2223 2258 2407 2311 anno
2454 2237 2802 2312 dominice
2851 2240 3338 2312 incarnationis
3391 2242 3481 2312 Μο
3501 2240 3627 2312 CC⁰
3647 2241 3958 2332 XXXV0,

1136 2381 1375 2456 mense
1410 2360 1780 2452 februario,
1820 2361 1916 2432 IX
1952 2360 2352 2434 indictione.

752 2903 1056 3002 Jffissffl,
1245 2898 1653 3008 Gregorius
1724 2924 1922 3007 papa
1974 2881 2391 3007 Friderico‚
2441 2897 2964 2983 Romanorum
3021 2900 3496 3009 imperatori,
3556 2899 3815 2982 scribit
3865 2899 3966 2981 de

1135 3033 1539 3115 concordia
1612 3056 1847 3141 quam
1903 3031 2071 3112 iniit
2122 3031 2320 3113 inter
2371 3031 2626 3141 ipsum
2690 3042 2765 3115 et
2830 3034 3027 3117 cives
3082 3032 3556 3117 Acconenses
3621 3032 3964 3141 aliosque

1135 3164 1352 3273 regni
1397 3163 2030 3273 ierosolymitani,
2073 3174 2450 3273 quantum
2487 3166 2587 3247 ad
2615 3165 2792 3276 jura
2827 3166 3065 3275 ipsius
3109 3168 3367 3277 regni3
3407 3192 3645 3278 quam
3688 3165 3966 3249 obser—

1138 3295 1471 3421 yandam
1506 3295 1823 3378 mandat
1861 3293 2012 3404 (1).

1307 3479 1545 3559 (Inedit.
1575 3488 1634 3542 et
1660 3488 1909 3543 extract.
1940 3498 2014 3543 ex
2042 3480 2234 3542 indice
2261 3478 2552 3562 epistolar.
2593 3482 2854 3567 Greqorii
2877 3485 2983 3562 IX,
3012 3501 3152 3546 ann.
3186 3485 3310 3565 IX,
3337 3495 3405 3546 n⁰
3443 3494 3579 3560 390,
3599 3502 3696 3564 ap.
3727 3485 3953 3548 collect.

1380 3586 1631 3665 Laporte
1656 3587 1739 3648 du
1763 3588 1957 3667 Theil,
1986 3590 2051 3649 in
2078 3589 2360 3650 Biblioth.
2390 3591 2600 3668 imper.
2632 3592 2999 3666 Parisiensl.)

1235 3749 1488 3820 Datum
1515 3746 1825 3839 Viterbii,
1858 3748 2036 3821 vl111
2065 3748 2399 3822 kalendas
2437 3750 2689 3843 martii,
2719 3772 2905 3824 anno
2938 3772 3147 3824 nono.

1213 4044 1285 4117 (4)
1323 4044 1531 4103 Adsunt
1552 4060 1766 4120 quoque
1786 4047 1840 4102 iu
1865 4045 2041 4104 indice
2062 4047 2360 4105 litterarum
2379 4047 2622 4121 Gregorii
2656 4053 2970 4121 argumenta
2996 4047 3223 4105 duarum
3252 4048 3479 4105 aliarum
3513 4046 3859 4121 epistolarum
3888 4047 3963 4104 de

1135 4140 1325 4197 eodem
1364 4144 1576 4215 negotio
1616 4160 1631 4198 z
1663 4144 1822 4200 unius
1853 4146 2188 4219 praeceptori
2222 4151 2279 4203 et
2308 4144 2564 4201 fratribus
2606 4144 2885 4218 hospitalis
2922 4144 3144 4201 Sanctae
3188 4145 3388 4203 uariae
3422 4145 3870 4203 'theutonicorum
3907 4144 3968 4200 in

1136 4237 1348 4309 Accon3
1377 4239 1561 4312 incipit
1588 4241 1805 4296 :Juoeta
1829 4240 2081 4314 formam.
2108 4243 2228 4298 Dat.
2250 4240 2501 4311 viterbii,
2527 4242 2606 4298 XI
2631 4241 2738 4299 kal.
2764 4242 2940 4299 martii
2970 4242 3057 4315 (⁴9
3088 4241 3275 4316 febr.),
3303 4253 3368 4299 n⁰
3395 4247 3519 4312 39st
3539 4274 3614 4285 —
3638 4242 3853 4300 alterius
3879 4256 3971 4298 ar-

1136 4333 1476 4408 chiepiscopo
1506 4335 1782 4394 Nazareno
1810 4342 1867 4394 et
1905 4325 2157 4412 episcopo
2183 4338 2480 4396 Acconensi
2495 4380 2511 4408 ,
2555 4354 2665 4412 qua
2699 4330 2958 4411 significat
2993 4354 3134 4413 papa
3157 4339 3480 4398 discordiam
3505 4353 3646 4413 quae
3685 4344 3803 4396 erat
3828 4338 3972 4394 inter

1135 4429 1461 4487 Fridericum
1486 4430 1860 4504 imperatorem
1885 4439 1941 4490 et
1964 4434 2110 4492 cives
2130 4434 2470 4493 Acconenses
2494 4433 2730 4509 aliosque
2761 4437 3010 4494 homines
3043 4438 3193 4510 regni
3217 4436 3515 4494 Jerusalem
3544 4435 3808 4494 amicabili
3838 4451 3870 4492 a
3904 4451 3970 4492 se

1131 4523 1297 4583 fuisse
1322 4526 1700 4599 compositione
1727 4528 1976 4600 sopitam.
2006 4530 2198 4605 Incipit
2230 4549 2243 4586 :
2277 4532 2413 4589 Cum
2441 4532 2656 4589 divina.
2705 4535 2823 4590 Dat.
2863 4533 3118 4604 viterbii,
3148 4534 3245 4592 vn
3282 4533 3390 4591 kal.
3434 4533 3612 4590 martii
3645 4533 3742 4607 (23
3782 4532 3967 4605 rehu),

1134 4637 1197 4681 n⁰
1224 4627 1350 4681 389.
