4500 5956
629 624 825 683 luntcr.
858 619 947 698 9.]
1530 610 1921 674 HISTORIA
1969 609 2557 673 DIPLOMATIGA.
3328 602 3439 660 ’ΠΙ

629 763 882 829 sumat.
919 749 1123 838 Quod
1151 746 1274 843 qui
1313 746 1801 843 presumpserit
1845 744 2390 841 indignationem
2423 754 2727 818 nostram
2777 764 2855 814 se
2884 738 3156 814 noverit
3203 737 3445 808 incur—

631 899 893 952 surum.
927 873 1043 947 Ad
1078 871 1281 962 cuius
1311 868 1749 964 protectionis
1778 879 2013 942 nostre
2038 868 2447 942 memoriam
2476 878 2547 941 et
2585 867 2793 939 robur
2827 865 2900 935 in
2933 872 3281 957 posterum
3313 882 3449 933 va-

634 1003 950 1091 liturum,
1012 1014 1294 1093 presens
1355 992 1691 1088 scriptum
1744 991 1895 1066 fieri
1963 1002 2035 1065 et
2081 992 2310 1087 sigillo
2363 991 2736 1083 maJestatis
2812 997 3043 1060 nostre
3119 984 3451 1078 jussimus

635 1122 979 1219 insigniri.

731 1251 981 1321 Datum
1013 1243 1201 1338 apud
1230 1244 1674 1338 Hagenowe‚
1721 1260 1902 1312 anno
1933 1238 2281 1312 dominice
2312 1236 2801 1310 incarnationis
2831 1234 2925 1306 M·
2955 1233 3081 1306 CC⁰
3104 1231 3321 1304 XXX⁹
3344 1230 3403 1300 V
3428 1284 3447 1320 ‚

643 1393 874 1446 mense
898 1368 1308 1465 septembris
1326 1422 1346 1459 ,
1387 1385 1569 1439 none
1603 1362 2021 1439 indictionis.

758 1919 1168 2030 Gregorius
1203 1947 1404 2030 papa
1438 1919 1910 2003 Fridericum
1947 1919 2480 2030 imperatorem
2517 1924 2778 2000 monet
2811 1915 3233 2025 iniquitatis
3268 1913 3464 1998 filios

653 2054 782 2165 qui
843 2079 1000 2137 non
1062 2053 1343 2138 vellent
1383 2053 1804 2137 Ecclesiam
1864 2053 2185 2162 imperio
2230 2051 2433 2135 uniri
2448 2114 2472 2158 ‚
2532 2049 2868 2133 occultas
2922 2074 3275 2159 spargere
3317 2048 3461 2130 lit-

656 2202 847 2270 teras
905 2213 1103 2299 quas
1162 2189 1261 2270 de
1314 2186 1776 2270 conscientia
1831 2185 2114 2268 summi
2165 2182 2543 2295 pontificis
2595 2182 3058 2265 mendaciter
3122 2192 3469 2263 asserunt

653 2343 1044 2425 emanare3
1112 2320 1302 2401 dum
1365 2317 1836 2401 collaterales
1897 2316 2377 2426 imperatoris
2429 2315 2717 2397 litteras
2771 2338 3078 2423 quoque
3135 2314 3470 2423 dirigant

653 2451 934 2560 quibus
981 2478 1131 2561 pax
1176 2451 1467 2534 turbari
1502 2450 1771 2560 possit.
1812 2448 2025 2533 Unde
2078 2459 2298 2559 rogat
2341 2458 2426 2531 ut
2461 2447 2583 2529 his
2621 2445 3020 2528 fraudibus
3064 2471 3467 2529 occurrens

653 2608 742 2666 os
775 2583 1043 2693 iniqua
1077 2584 1555 2693 loquentium
1571 2644 1595 2686 ‚
1642 2583 2034 2692 sicutipse
2068 2608 2285 2665 versa
2321 2582 2480 2664 vice
2516 2579 2723 2680 facit,
2764 2577 3136 2662 obstruat.

817 2796 1024 2873 (Edid.
1057 2797 1336 2875 Herm,
1366 2795 1577 2858 Kaises-
1592 2794 1824 2857 F'n’edr.
1854 2797 1934 2871 11,
1958 2796 2223 2871 docum„
2254 2812 2315 2873 p.
2351 2804 2491 2873 852,
2519 2804 2585 2854 n⁰
2611 2802 2720 2869 223
2749 2810 2825 2853 ex
2851 2800 3064 2870 regest.
3094 2792 3338 2871 Gregor.
3360 2793 3466 2866 IX,

890 2909 959 2961 n·
988 2909 1136 2980 2³6,
1167 2918 1311 2962 anu.
1341 2899 1479 2981 IX.)

754 3084 1178 3184 [Gregorius,
1203 3084 1403 3184 etc.,]
1428 3086 1776 3161 Friderico
1802 3089 2264 3161 Romanorum
2282 3084 2701 3180 imperatori,
2731 3094 2865 3158 etc.
2889 3085 3208 3160 Consueti
3240 3087 3476 3159 fecun-

656 3208 820 3285 dius
841 3213 914 3282 in
935 3232 1119 3306 aqua
1144 3212 1418 3284 turbata
1440 3212 1718 3308 piscari,
1738 3212 1930 3309 pacis
1959 3210 2402 3284 dulcedinem
2433 3209 2667 3282 mortis
2693 3210 3221 3284 amaritudinem
3248 3211 3480 3285 existi·

652 3343 877 3427 mant,
900 3335 1242 3406 seminant
1258 3336 1410 3407 lites
1437 3345 1505 3407 et
1518 3335 1749 3429 jurgia
1767 3345 1848 3407 ut
1871 3356 1964 3408 ex
1994 3336 2080 3406 iis
2099 3333 2481 3429 iniquitatis
2504 3332 2896 3428 manipulos
2911 3343 2979 3406 et
2997 3335 3273 3407 sceleris
3291 3337 3480 3409 lucra

652 3466 947 3529 metant.
969 3457 1338 3531 Efficacius
1357 3468 1590 3532 autem
1609 3458 1806 3531 dolos
1836 3459 2067 3532 hostes
2097 3457 2453 3531 domestici
2479 3456 2961 3529 machinantur
2987 3459 3108 3551 qui
3139 3470 3325 3532 recta
3352 3459 3478 3534 do·

646 3581 1005 3653 minorum
1040 3601 1250 3676 opera
1304 3580 1799 3678 depravanteS,
1857 3583 2080 3654 lucem
2120 3584 2438 3655 tenebras
2474 3588 2784 3652 statuunt
2806 3593 2874 3654 et
2905 3583 3320 3677 quibusdam
3354 3606 3484 3657 ve-

648 3703 934 3777 nenatis
977 3703 1529 3778 immixtionibus
1574 3704 1781 3779 corda
1808 3705 2195 3801 principum
2242 3709 2543 3781 caritatis
2590 3708 2928 3780 bitumine
2976 3707 3293 3801 colligata
3328 3708 3486 3781 dis-

649 3828 983 3920 solvunt,
1027 3837 1140 3919 ut,
1183 3829 1544 3902 vulnerata
1571 3850 1768 3928 pace,
1809 3850 1974 3902 suas
1998 3850 2324 3902 exercere
2368 3832 2663 3905 malitias
2693 3831 2977 3902 liberius
3004 3832 3277 3904 valeant
3306 3854 3482 3925 quas

655 3950 1034 4024 concordie
1060 3960 1367 4047 tempore
1384 3952 1473 4024 ab
1493 3952 1789 4026 obscuro
1818 3952 2171 4026 fraudium
2186 3953 2258 4024 in
2284 3955 2506 4028 lucem
2538 3954 2919 4050 producere
2939 3974 3077 4025 non
3101 3953 3476 4029 audebant.

651 4074 787 4148 His
809 4074 998 4146 enim
1017 4074 1318 4147 Sathane
1349 4077 1643 4149 stimulis
1659 4077 1894 4173 sepius
1912 4076 2127 4149 Sedes
2143 4075 2534 4172 Apostolica
2557 4077 2914 4174 pungitur,
2936 4097 2982 4149 a
3005 4077 3262 4170 quibus
3277 4078 3487 4153 etiam

663 4196 1001 4269 immunis
1052 4197 1426 4293 imperialis
1460 4200 1654 4273 curia
1688 4221 1828 4273 non
1875 4201 2193 4274 habetur.
2235 4200 2412 4274 Nam
2448 4185 2607 4274 cum
2642 4202 2806 4275 olim
2852 4221 2976 4295 pro
3015 4201 3320 4296 quodam
3357 4224 3489 4276 ne-

666 4320 859 4411 ‘gotio
919 4329 1041 4393 tuo
1093 4323 1605 4418 scripserimus,
1674 4324 1853 4397 sicut
1899 4325 2400 4416 intelleximuS‚
2459 4326 2747 4421 quidam
2790 4325 3175 4420 iniquitatis
3219 4324 3342 4403 filii
3368 4329 3494 4424 qui

678 4466 1118 4540 nequaquam
1150 4447 1409 4521 vellent
1444 4449 1824 4522 Ecclesiam
1856 4450 2143 4547 imperio
2192 4452 2471 4525 vinculo
2503 4449 2888 4524 dilectionis
2921 4450 3136 4542 uniri,
3193 4453 3498 4526 occultas

680 4568 933 4643 litteras
972 4580 1043 4642 et
1077 4572 1360 4645 cedulas
1408 4572 1577 4646 dicti
1614 4574 1871 4669 negotii
1907 4575 2401 4648 executoribus
2437 4575 2956 4647 transmiserunt
3001 4596 3090 4646 ne
3143 4573 3233 4647 ad
3281 4576 3502 4671 ipsius

686 4694 1223 4785 prosecutionem
1259 4697 1746 4792 procederent3
1785 4707 2169 4772 asserentes
2202 4697 2626 4772 mendaciter
2659 4698 2855 4792 quod
2890 4719 3130 4773 eorum
3160 4699 3381 4774 littere
3416 4700 3506 4774 de

3610 1932 3757 1975 Anuli

3514 1988 3572 2032 20
3594 1961 3855 2040 septembris
3865 2014 3875 2024 .
