4500 5956
1033 584 1156 646 852
2025 584 2450 647 ramnum!
2500 582 2840 643 SECUNm
3471 585 3637 663 [Ass.
3674 587 3844 650 1236.

1034 718 1226 792 rifice
1282 741 1642 814 prepares,
1703 723 2197 816 potestatibus,
2254 719 2556 792 consiliis
2598 727 2806 811 atque
2849 716 3331 789 communibus
3362 718 3720 793 civitatum
3748 721 3848 817 (a)

1033 843 1601 932 MediolanensiS,
1638 845 2101 932 Novariensis,
2153 842 2650 936 pergamensis,
2705 840 3196 931 vercellensis,
3246 841 3842 931 Alexandriensis,

1029 968 1405 1040 Brixiensis
1437 978 1505 1040 et
1535 968 1917 1042 Laudensis
1955 991 2050 1042 ex
2100 979 2292 1062 parte
2337 975 2569 1039 nostra
2607 964 2990 1060 precipiens
3024 975 3104 1035 ut
3136 965 3628 1040 ambasiatores
3653 989 3838 1058 suos,

1027 1092 1386 1163 civitatum
1427 1091 1730 1184 ipsarum
1767 1092 2130 1165 autoritate
2171 1091 2511 1177 munitos,
2562 1089 2634 1159 in
2674 1087 2858 1160 dicta
2903 1095 3136 1160 nostra
3184 1089 3375 1161 curia
3415 1087 3509 1162 ad
3544 1101 3844 1164 nostram

1029 1213 1354 1286 studeant
1403 1215 1817 1307 presentiam
1874 1215 2223 1288 destinare
2280 1241 2297 1285 :
2352 1214 2473 1306 qui
2526 1233 2649 1307 pro
2697 1220 2889 1305 parte
2940 1211 3469 1284 universitatum
3520 1235 3836 1308 suarum,

1029 1347 1166 1409 tam
1202 1358 1411 1432 super
1442 1338 1646 1409 Terre
1675 1340 1920 1410 Sancte
1951 1338 2238 1432 negocio
2275 1359 2484 1429 quam
2514 1356 2724 1430 super
2760 1335 3241 1406 reformatione
3264 1335 3533 1430 imperii
3567 1346 3637 1410 et
3658 1342 3842 1431 justo

1024 1484 1107 1534 ac
1140 1459 1429 1556 pacifico
1455 1471 1634 1531 statu
1665 1471 1864 1552 terre,
1897 1462 2147 1534 nostris
2171 1471 2241 1534 et
2276 1460 2542 1554 imperii
2572 1480 2646 1531 se
2669 1457 3014 1530 mandatis
3036 1469 3416 1553 exponant.
3444 1462 3840 1556 Scripsisse·

1025 1605 1179 1655 mus
1211 1583 1448 1676 utique
1476 1584 1938 1676 predictarum
1968 1582 2529 1655 universitatibus
2556 1581 2849 1674 singulis
2879 1581 3269 1673 civitatum,
3303 1582 3433 1653 nisi
3460 1584 3655 1675 quod
3689 1606 3840 1657 esse

1021 1715 1490 1802 preposterum
1525 1706 1913 1800 principum
1947 1718 2333 1779 nostrorum
2361 1705 2645 1778 consilia
2679 1703 3125 1778 crediderunt
3157 1712 3234 1775 ut
3264 1703 3701 1780 devotionem
3734 1709 3838 1802 ip·

1020 1852 1251 1903 sarum
1285 1830 1744 1924 imperialium
1772 1830 2046 1924 apicum
2074 1831 2408 1924 scriptura
2443 1829 2831 1924 preveniat,
2869 1850 2997 1900 nec
3025 1837 3409 1901 nostrarum
3440 1831 3837 1926 prescriptio

1020 1951 1373 2024 literarum
1406 1953 1648 2026 merito
1688 1962 1944 2046 poterat
1979 1953 2114 2024 illis
2149 1953 2438 2045 gratiam
2478 1961 2774 2024 nostram
2809 1971 3183 2045 exponere,
3212 1951 3333 2043 qui
3373 1972 3524 2023 eam
3562 1955 3835 2046 assequi

1018 2096 1156 2147 non
1194 2076 1530 2146 nituntur.
1568 2076 1711 2147 Nos
1742 2085 1974 2147 autem
2009 2076 2223 2168 gratis
2256 2075 2621 2169 auspiciis,
2673 2075 2744 2143 in
2775 2074 2946 2146 festo
2982 2074 3169 2145 beati
3211 2074 3491 2146 Ioannis
3536 2076 3837 2170 Baptiste

958 2265 964 2270 .
1017 2199 1336 2295 proxime
1380 2219 1562 2269 nunc
1589 2199 1844 2285 futuro,
1880 2198 2271 2291 aquilarum
2305 2198 2611 2269 victricia
2641 2196 2841 2289 signa
2880 2196 3317 2268 movebimus
3341 2197 3430 2268 ab
3461 2198 3824 2291 Augnsta:

1015 2321 1518 2414 subsequenter
1560 2321 1632 2391 in
1671 2323 1842 2393 sesto
1868 2321 2052 2393 beati
2087 2320 2323 2393 Jacobi
2352 2319 2606 2392 dictam
2637 2340 2878 2411 regere
2911 2319 3172 2389 curiam
3207 2319 3675 2413 disponentes,
3716 2321 3833 2394 illo

1013 2444 1214 2518 nobis
1248 2445 1430 2517 viam
1468 2445 1754 2517 feliciter
1787 2443 2221 2533 ostendente,
2265 2444 2386 2538 qui
2420 2444 2616 2516 novit
2650 2464 3054 2538 prosperum
3087 2443 3213 2514 iter
3249 2442 3574 2536 dirigere,
3610 2466 3693 2516 ac
3730 2447 3834 2519 fa-

1012 2569 1235 2642 ciente
1270 2568 1391 2662 qui
1424 2576 1671 2662 potest.

680 3188 859 3246 ma...]
1108 3151 1563 3259 FridericuS,
1603 3154 2123 3237 Romanorum
2160 3157 2606 3266 imperator,
2646 3157 2807 3268 regi
2842 3155 3255 3240 Bohemiae
3291 3163 3366 3238 et
3403 3155 3570 3238 aliis
3604 3156 3828 3264 prin-

1001 3282 1297 3391 cipibus
1370 3285 1530 3367 suis
1601 3286 1849 3369 varios
1918 3295 1993 3368 et
2043 3314 2396 3371 enormes
2466 3314 2818 3371 excessus
2892 3314 2940 3369 a
2995 3289 3190 3370 duce
3254 3287 3605 3369 Austriae
3665 3295 3824 3368 tam

1000 3414 1202 3496 circa
1252 3415 1658 3524 imperium
1711 3443 1949 3526 quam
1984 3419 2065 3499 in
2119 3420 2361 3528 ipsius
2413 3430 2616 3504 terra
2668 3430 3136 3531 perpetratos
3187 3420 3436 3502 fusius
3488 3430 3819 3525 enarrat,

997 3555 1409 3656 monetque
1446 3558 1532 3631 ut
1566 3548 1647 3630 in
1697 3549 1864 3660 ejus
1898 3554 2444 3636 correctionem
2486 3562 2563 3636 et
2610 3554 3146 3639 exterminium
3182 3555 3613 3662 insurgant.

1162 3761 1347 3840 (Edit.
1388 3779 1486 3839 ap.
1532 3763 1702 3823 Petri
1725 3762 1795 3823 de
1834 3764 1960 3824 Vin.
1992 3766 2216 3844 Epist„
2246 3767 2353 3827 lib.
2387 3768 2510 3848 111,
2534 3786 2665 3846 cap.
2695 3770 2773 3842 V;
2803 3777 2863 3830 et
2885 3785 2984 3845 ap.
3015 3770 3424 3841 limmata,
3461 3783 3598 3827 cum
3638 3768 3816 3841 notis,

1237 3869 1300 3927 in
1325 3868 1491 3928 Fast.
1525 3868 1802 3947 Campil„
1825 3870 1998 3931 decas
2022 3872 2131 3945 IV,
2165 3869 2212 3952 S
2239 3873 2299 3946 1,
2339 3891 2400 3950 p.
2435 3883 2575 3935 832.
2607 3874 2755 3936 Coll.
2786 3890 2923 3935 cum
2957 3874 3210 3935 codicib.
3240 3873 3454 3947 Paris„
3483 3875 3634 3932 inter
3668 3888 3819 3948 quos

1234 3973 1649 4050 Notre-Dame,
1679 3983 1747 4034 η’
1774 3984 1916 4054 202,
1944 3983 2006 4038 et
2029 3979 2092 4038 S.
2119 3975 2312 4039 Germ,
2330 3977 2584 4059 Han-lay,
2611 3990 2679 4040 ιι·
2706 3989 2847 4055 455,
2879 3983 3177 4040 variantes
3200 3979 3520 4040 nonnullas
3539 3978 3815 4038 lectIones

1233 4077 1516 4138 afferunt.
1565 4082 1699 4141 Non
1734 4081 2126 4143 dubitandum
2160 4086 2308 4161 quin
2342 4086 2642 4162 encyclica
2673 4088 2770 4161 sit,
2810 4086 2944 4146 iicet
2970 4087 3035 4145 in
3075 4086 3374 4162 impressis
3413 4098 3631 4143 nomen
3663 4083 3816 4158 regis

1232 4182 1549 4246 Bohemiae
1574 4187 1900 4262 specialiter
1937 4190 2271 4264 inseratur.)

1086 4362 1506 4458 Fridericus,
1551 4378 1717 4459 etc„
1763 4372 1910 4463 regi
1952 4372 2310 4467 Bohemie,
2367 4384 2498 4447 etc.
2543 4376 2750 4448 Inviti
2788 4375 3122 4449 trahimur
3158 4375 3248 4448 ad
3306 4384 3492 4446 tuam
3528 4383 3596 4447 et
3631 4372 3811 4446 alio-

1069 4548 1153 4629 (a)
1198 4550 1272 4610 In
1315 4554 1601 4630 impresso
1639 4555 1917 4619 Cumanis
1922 4578 1958 4635 ,·
1983 4562 2045 4620 in
2072 4562 2207 4623 cod.
2233 4563 2402 4626 Harl.
2443 4564 2790 4641 Cumarum,
2838 4569 2964 4628 sive
2998 4582 3307 4645 perperam
3346 4581 3453 4642 pro
3478 4564 3800 4638 civitatum»

982 4656 1107 4714 sive
1141 4671 1204 4715 re
1237 4658 1366 4735 ipsa
1400 4660 1477 4720 de
1514 4661 1718 4723 Cumis
1756 4671 1966 4742 agatur
1977 4685 1997 4740 ς
2027 4683 2178 4743 quae
2214 4669 2358 4731 urbs
2383 4676 2526 4732 tunc
2553 4673 2818 4733 societati
2844 4672 3312 4734 Lombardorum
3336 4668 3704 4731 adhaerebat.
