4500 5956
502 614 699 677 lxmcr.
733 613 825 691 8.]
920 674 925 683 ‚
1410 612 1802 674 HISTORIA
1851 612 2434 678 DIPLOMATICA.
3214 627 3351 688 715.

508 792 854 876 quatenus
890 781 1216 875 injuriam
1263 782 1567 877 ipsorum
1607 782 1809 854 sicuti
1847 791 2147 855 nostram
2189 784 2592 879 vindicetis,
2640 796 2711 860 et
2752 788 2985 863 ledere
3037 790 3329 867 nitentes

507 928 588 979 ac
622 906 683 979 si
721 906 993 1000 regiam
1032 905 1455 996 majestatem
1486 905 1799 995 leserint,
1842 905 2213 999 reprimere
2248 928 2387 978 non
2425 908 2749 982 omittatis
2784 909 2916 1005 (l).

618 1493 1028 1603 HenricuS‚
1082 1494 1602 1578 Romanorum
1638 1519 1771 1576 rex
1785 1554 1810 1601 ,
1852 1492 2198 1576 officiatis
2235 1495 2395 1578 suis
2437 1497 2535 1578 de
2575 1497 3076 1583 Dinkelsbiihl
3093 1561 3117 1607 ,
3155 1501 3327 1586 Ro-
3420 1527 3713 1634 8⁸33·

517 1627 848 1737 tenburg
863 1688 886 1734 ,
924 1627 1395 1736 Nordlingen
1432 1636 1507 1709 et
1529 1627 1842 1730 Werda,
1885 1622 1966 1707 in
2000 1627 2340 1711 favorem
2376 1631 2814 1713 monasterii
2851 1631 2948 1714 de
2971 1632 3284 1716 Ahusen
3302 1697 3325 1741 ‚
3421 1636 3477 1678 ³⁰
3492 1635 3709 1688 muru.

516 1759 898 1844 interdicit
947 1785 1044 1842 ne
1097 1784 1461 1868 personas
1512 1758 2055 1841 ecclesiasticas
2116 1761 2197 1840 in
2252 1786 2484 1843 causa
2536 1763 2911 1845 criminali
2965 1764 3083 1847 vel
3134 1766 3335 1850 civili

511 1892 804 2002 judicio
840 1892 1207 1975 saeculari
1245 1903 1446 1975 stare
1481 1900 1801 2000 cogant,
1841 1904 2106 1974 contra
2140 1893 2482 2001 ipsarum
2515 1896 3008 1979 voluntatem.

675 2078 869 2187 (mit.
906 2107 972 2166 ln
1007 2104 1276 2185 Scnurz,
1326 2104 1502 2185 (ἴση).
1547 2104 1763 2166 Hister.
1812 2103 2291 2187 Brandmburq„
2343 2107 2582 2186 Sylloge
2630 2117 2738 2187 72,
2769 2118 2836 2168 n·
2890 2119 2987 2171 35.
3020 2112 3199 2173 -Et
3239 2129 3336 2190 ap.

760 2213 1028 2275 Nonum.
1061 2213 1244 2285 Boio„
1272 2218 1422 2273 tom.
1450 2211 1653 2284 XXX,
1683 2227 1819 2288 pars
1854 2220 1931 2286 1⁸,
1961 2229 2024 2288 p.
2057 2220 2196 2287 234,
2228 2222 2297 2271 n⁰
2327 2221 2465 2284 732,
2493 2229 2569 2272 ex
2598 2215 2866 2291 originali
2894 2218 3055 2278 unde
3080 2218 3338 2296 sigillum

688 2396 693 2397 ἶ
758 2320 824 2379 ln
848 2335 954 2380 ora
979 2318 1465 2419 siplstralaesum
1492 2317 1782 2413 appendet
1805 2316 2028 2417 exnfllis
2053 2318 2253 2377 sericls
2275 2320 2556 2441 purpurei
2579 2318 2842 2411 coloris.)

612 2508 751 2596 fl.,·
772 2505 902 2578 Dei
926 2500 1159 2598 'gratia
1180 2504 1661 2577 Romanorum
1696 2526 1825 2577 rex
1859 2513 1930 2577 et
1963 2525 2236 2598 semper
2269 2514 2607 2598 augustus
2630 2558 2652 2595 ‚
2685 2504 3018 2579 'fidelibus
3054 2509 3202 2579 suis
3249 2509 3340 2582 de

528 2627 1044 2723 Dinkelspuhel,
1087 2627 1180 2700 de
1220 2627 1636 2718 Rotenburc,
1689 2626 1779 2700 de
1818 2627 2279 2721 Nordelingen
2306 2637 2377 2700 et
2407 2626 2496 2701 de
2522 2628 2776 2703 Werde
2802 2630 3130 2703 ministris
3174 2654 3335 2705 nec-

528 2775 661 2825 non
706 2752 1048 2824 universis
1080 2751 1394 2823 officiatis
1424 2752 1571 2823 suis
1604 2760 1989 2846 presentem
2021 2751 2288 2822 literam
2325 2751 2772 2844 inspecturis,
2814 2754 3104 2845 gratiam
3141 2775 3337 2826 suam

528 2884 594 2947 et
642 2874 1199 2947 omnebonum.
1259 2873 1441 2943 Cum
1497 2873 1570 2942 in
1621 2881 1915 2966 utroque
1957 2874 2115 2963 jure
2171 2871 2586 2965 prohibitum
2645 2873 2734 2944 sit
2781 2894 2869 2945 ne
2915 2877 3073 2966 quis
3123 2875 3343 2967 judex

527 3000 853 3074 secularis
894 2997 1323 3093 spiritualem
1361 2987 1737 3090 personam*
1763 2997 2067 3090 aliquam
2108 2997 2220 3068 vel
2253 2996 2556 3068 Ecclesie
2605 2996 3057 3091 pertinentem
3110 3021 3341 3074 coram

527 3145 599 3196 se
635 3132 840 3214 cogat
884 3131 1067 3194 stare
1106 3120 1378 3213 judicio
1420 3121 1738 3210 seculari,
1793 3140 2058 3213 nosque
2113 3129 2391 3214 propter
2441 3109 2766 3192 favorem¹
2795 3143 3003 3215 quem
3040 3124 3346 3217 gerimus

528 3247 774 3320 dilecto
812 3245 1013 3317 nobis
1053 3245 1289 3316 abbati
1333 3252 1403 3317 et
1436 3244 1806 3317 conventui
1845 3242 2239 3315 monasterii
2272 3241 2362 3317 de
2402 3242 2723 3334 Abusen‚
2768 3245 2929 3335 jura
2965 3245 3181 3341 ipsius
3222 3269 3344 3320 ec-

531 3370 737 3443 clesie
765 3370 1060 3441 velimus
1116 3389 1528 3440 conservare
1570 3367 1942 3461 specialius
1988 3366 2286 3455 illibata3
2328 3367 2742 3439 mandamus
2785 3369 2987 3441 vobis
3032 3371 3164 3442 sub
3211 3373 3348 3444 ob-

534 3503 718 3565 tentu
757 3493 979 3586 gratie
1010 3505 1241 3562 nostre
1268 3489 1551 3562 firmiter
1594 3490 2048 3585 precipientes
2090 3499 2434 3583 quatenus
2472 3493 2705 3563 nullus
2751 3502 3058 3564 vestrum
3083 3495 3175 3566 sit
3222 3496 3343 3589 qui

530 3614 788 3687 dictum
824 3615 1142 3686 abbatem
1193 3614 1307 3685 vel
1352 3613 1653 3706 aliquem
1689 3634 1969 3685 suorum
2007 3612 2466 3704 subditorum,
2503 3614 3114 3688 ecclesiasticarum
3176 3639 3346 3711 per-

528 3760 879 3831 sonarum,
931 3740 1005 3811 in
1052 3759 1264 3812 causa
1305 3736 1645 3812 criminali
1696 3738 1812 3810 vel
1866 3737 2055 3813 civili
2092 3748 2327 3812 contra
2356 3739 2667 3834 ipsorum
2700 3740 3124 3813 voluntatem
3180 3762 3345 3836 pre-

604 4045 671 4119 (⁴)
706 4047 917 4104 Desunt
942 4046 1158 4103 omnino
1180 4042 1582 4120 chronologicae
1616 4050 1792 4115 notae,
1820 4048 1877 4101 et
1899 4043 1962 4100 P.
1990 4041 2310 4113 Ildefonsus‚
2343 4040 2595 4099 historiae
2623 4042 2826 4116 patriae
2842 4041 3067 4115 diligens
3098 4058 3345 4117 perscru-

529 4147 680 4216 tator,
702 4143 913 4200 litteras
937 4144 1158 4200 ineunte
1182 4148 1381 4201 mense
1407 4141 1686 4200 novembri
1721 4143 1861 4201 ⁴227
1881 4140 2074 4214 Turegi
2095 4139 2249 4198 datas
2271 4154 2394 4196 esse
2415 4137 2707 4209 existimat3
2739 4155 2805 4197 eo
2831 4141 2975 4212 quod
3007 4139 3112 4197 hoc
3133 4141 3347 4200 circiter

529 4244 769 4313 tempore
801 4239 1193 4298 Solodorenses
1212 4239 1356 4314 regis
1377 4244 1514 4296 nutu
1529 4239 1766 4311 excitati,
1802 4237 2111 4297 wernhero
2143 4236 2211 4293 de
2232 4236 2502 4292 Luternau
2519 4235 2899 4293 monasterium
2933 4235 3114 4294 Sancti
3142 4237 3343 4296 Urbani

533 4333 864 4409 frequentius
899 4336 1220 4394 molestante
1235 4377 1254 4406 ‚
1281 4340 1518 4394 casu-um
1549 4336 1669 4409 eius
1711 4335 2021 4407 Gutenberg
2058 4332 2438 4391 destruxerint.
2474 4331 2633 4391 Certo
2672 4333 2875 4391 certius
2912 4339 3093 4393 tamen
3130 4337 3339 4396 oscitat.

528 4433 736 4508 Nempe
755 4451 854 4493 rex
890 4433 1219 4509 inscriptioni
1251 4433 1409 4507 sigilli
1432 4433 1517 4491 sui
1541 4434 1750 4491 titulum
1777 4439 1828 4489 et
1849 4432 1967 4489 dum
1990 4433 2187 4491 Suavis
2214 4446 2323 4488 non
2351 4436 2476 4488 ante
2500 4446 2702 4487 annum
2744 4434 2873 4490 ⁴23⁴
2912 4431 3137 4505 adjecit,
3166 4450 3344 4509 neque

532 4526 628 4583 filii
661 4531 776 4603 ejus
798 4546 939 4604 quos
966 4530 1021 4585 in
1048 4530 1399 4588 instrumento
1436 4530 1554 4604 ipso
1579 4536 1842 4587 memorat
1875 4529 2032 4587 citius
2068 4527 2216 4585 nasci
2252 4533 2560 4601 potueruut.
2601 4527 2781 4596 Quum
2826 4534 3005 4586 autem
3034 4529 3104 4586 ad
3132 4530 3345 4589 ultimos

529 4625 682 4696 regni
707 4625 918 4684 Henrici
947 4627 1115 4685 nostri
1147 4641 1318 4685 annos
1343 4626 1548 4685 litterae
1569 4627 1887 4700 pertineant,
1916 4625 2194 4700 privilegio
2220 4625 2557 4698 praecedenti
2590 4625 2685 4682 ubi
2714 4625 2782 4683 de
2811 4626 2996 4699 regina
3023 4627 3222 4684 mentio
3253 4627 3342 4700 fit,

528 4718 883 4780 Boehmerum
910 4724 1081 4781 secuti
1103 4723 1209 4781 hoc
1227 4722 1540 4781 mandatum
1566 4722 1952 4782 subnectimus.
