4500 5956
1711 638 2324 703 Annl'rAMEN'rA.
3299 641 3420 702 943

1055 915 2084 928 -ο-ᾑ--οῴ---αοοῄ-
2094 912 2972 923 ‚ae-mffl——ffl-ffl

710 1164 1124 1275 Gregorius
1160 1189 1358 1274 papa
1410 1189 1676 1273 pacem
1711 1165 1905 1246 inter
1956 1163 2453 1268 Fridericum,
2510 1162 3027 1246 Romanorum
3081 1161 3420 1270 impera-
3521 1176 3650 1272 &2⁸²³

604 1307 877 1405 torem,
918 1307 995 1380 et
1030 1297 1356 1381 barones
1390 1296 1609 1406 regni
1644 1296 2301 1405 Hierosolymitani
2344 1294 2614 1376 initam
2648 1293 3072 1376 confirmat.

764 1510 1109 1591 (Memorat.
1141 1513 1206 1571 in
1239 1506 1435 1571 Indice
1472 1507 1690 1591 epistol.
1724 1511 1960 1591 (ἕτερον.
1997 1510 2103 1585 IX,
2134 1510 2364 1572 collect.
2393 1510 2644 1588 Laporte
2667 1509 2751 1570 du
2775 1508 2977 1583 Theil,
3007 1525 3098 1586 ap.
3134 1507 3411 1568 Biblioth.

840 1620 1050 1695 imper.
1079 1618 1292 1692 Parls„
1322 1633 1464 1678 ann.
1496 1617 1664 1687 VIII,
1692 1626 1758 1676 n·
1787 1613 1880 1694 2.)

701 1802 952 1875 Datum
982 1802 1323 1891 Laterani,
1370 1801 1463 1873 XI
1493 1799 1825 1874 kalendas
1857 1799 2116 1894 aprilis,
2158 1797 2595 1895 pontificatus
2624 1820 2806 1871 anno
2844 1807 3114 1871 octavo,

596 2629 828 2736 derit3
869 2654 1192 2713 monens
1241 2640 1326 2711 ut
1360 2629 1604 2712 eidem
1642 2656 1778 2738 per
1812 2629 2120 2711 nuntios
2157 2627 2746 2710 satisfactionem
2782 2628 3116 2710 debitam
3151 2626 3415 2710 offerat

596 2763 713 2847 vel
752 2789 834 2846 se
876 2762 1336 2846 ordinationi
1372 2760 1752 2845 Ecclesiae
1787 2762 2173 2845 Romanae
2215 2760 2663 2844 committat.

755 2973 884 3054 (cf.
914 2992 1113 3053 supra,
1146 2992 1201 3053 p.
1237 2985 1377 3036 481.
1408 2975 1580 3036 Nunc
1606 2975 1908 3052 epistolam
1930 2977 2221 3054 integram
2244 2975 2453 3035 damus
2482 2992 2556 3035 ex
2595 2974 2735 3034 Mas
2767 2973 3027 3046 Luam,
3058 2973 3305 3035 Histoire
3340 2972 3408 3035 de

832 3079 951 3142 l’fle
985 3081 1054 3142 de
1098 3079 1325 3161 Chypre
1359 3100 1490 3142 sous
1524 3079 1855 3160 lupo-inm
1889 3080 1958 3141 de
1998 3079 2058 3141 la
2093 3081 2316 3141 maison
2352 3080 2421 3141 de
2453 3081 2776 3161 Lusiqnan,
2809 3087 2856 3141 t.
2886 3081 3012 3154 111,
3042 3098 3104 3158 p.
3155 3089 3305 3154 640,
3335 3097 3409 3140 ex

830 3195 1046 3268 regest.
1076 3188 1322 3268 Gregor.
1356 3188 1466 3264 IX,
1498 3205 1639 3249 ann.
1671 3189 1839 3262 vm,
1868 3191 2039 3266 epist.
2078 3197 2212 3263 184,
2242 3191 2306 3247 in
2328 3186 2567 3248 archivo
2588 3187 2917 3260 Vaticano.)

691 3372 1058 3469 Gregorius
1088 3376 1480 3469 episcopus,
1517 3395 1761 3445 servus
1794 3394 2148 3445 servorum
2185 3373 2336 3463 Dei,
2363 3373 2575 3446 nobili
2608 3373 2759 3445 viro
2788 3373 3080 3445 Iohanni
3120 3373 3208 3446 de
3247 3374 3411 3444 Bel-

594 3497 733 3571 lino
767 3499 1083 3594 spiritum
1118 3498 1380 3570 consilii
1426 3496 1745 3569 sanioris.
1788 3495 1901 3569 Ad
1947 3518 2148 3569 aures
2192 3506 2457 3569 nostras
2495 3497 2770 3569 noveris
2799 3498 3191 3591 pervenisse
3223 3497 3412 3590 quod

596 3633 668 3691 tu
711 3621 952 3714 iniqua
1009 3619 1453 3714 suggestione
1510 3617 1874 3708 seductus,
1918 3617 2348 3690 carissimum
2394 3620 2466 3688 in
2530 3617 2792 3690 Christo
2839 3617 3056 3688 filium
3108 3628 3410 3690 nostrum

592 3743 1016 3816 Fridericum
1047 3745 1405 3833 illustrem,
1438 3743 1898 3814 Romanorum
1934 3741 2406 3835 imperatorem
2453 3763 2721 3835 semper
2762 3752 3168 3834 augustum,
3209 3743 3412 3813 Jeru-

592 3867 806 3940 salem
854 3876 923 3939 et
974 3866 1205 3940 Sicilie
1252 3888 1512 3960 regem,
1552 3865 1956 3957 gravissime
2008 3864 2397 3954 offendisti,
2439 3864 2826 3936 celsitudini
2877 3864 3214 3959 imperiali
3274 3887 3409 3936 non

594 3989 907 4063 deferens
940 4013 1066 4063 nec
1100 4012 1479 4086 precavens
1512 3990 1636 4062 tibi
1674 3989 1806 4086 ipsi
1846 4000 1923 4062 ut
1958 3990 2353 4083 hujusmodi
2390 3987 2807 4060 difficultatis
2839 3991 3200 4061 articulum
3253 3990 3411 4061 evi-

594 4124 830 4188 tasses.
868 4114 1047 4199 Quia
1081 4136 1249 4187 vero
1288 4135 1594 4209 congrua
1653 4125 1760 4186 est
1799 4114 2197 4187 adhibenda
2232 4114 2502 4185 vulneri
2553 4113 2935 4204 medicina,
2988 4113 3408 4187 nobilitatem

595 4251 783 4312 tuam
826 4261 1183 4313 monemus
1232 4249 1301 4311 et
1348 4237 1704 4311 hortamur
1751 4247 2006 4310 attente
2050 4248 2119 4309 et
2168 4238 2291 4309 tibi
2339 4237 2762 4308 consulimus
2815 4237 2998 4309 bona
3057 4234 3196 4310 fide
3236 4261 3411 4332 qua-

595 4363 779 4434 tinus
810 4384 970 4434 cum
1009 4364 1390 4435 consultius
1428 4383 1581 4434 esse
1627 4371 1946 4434 noscatur
1992 4370 2068 4432 ut
2094 4362 2226 4433 sibi
2273 4383 2395 4456 per
2426 4382 2501 4432 se
2532 4361 2795 4454 absque
2835 4362 3206 4434 coactionis
3252 4364 3410 4436 vio-

594 4485 804 4558 lentia
847 4485 1165 4577 satisfiat,
1210 4509 1333 4582 per
1386 4485 1670 4559 idoneos
1725 4484 2002 4558 nuntios
2050 4508 2227 4579 quos
2272 4488 2335 4558 ei
2374 4486 2828 4558 transmittere
2862 4508 3001 4558 non
3047 4499 3414 4582 postponas

595 4611 1123 4710 satisfactionem
1173 4610 1401 4684 eidem
1456 4611 1808 4684 ultroneus
1853 4609 2096 4682 offeras
2141 4610 2230 4683 de
2284 4607 2601 4705 dampnis
2643 4619 2712 4682 et
2753 4611 3023 4702 injuriis
3066 4613 3405 4704 irrogatis.

591 4736 732 4807 Nos
767 4732 951 4808 enim
988 4735 1078 4810 de
1114 4735 1481 4810 securitate
1520 4745 1640 4808 tua
1676 4743 1744 4809 et
1774 4744 2049 4809 tuorum
2097 4745 2166 4808 et
2202 4744 2270 4808 te
2311 4736 2736 4811 restituendo
2780 4737 2850 4808 in
2882 4738 3169 4832 gratiam
3218 4760 3410 4810 suam

3654 1180 3726 1220 ani
3739 1211 3750 1227 ,

3603 1234 3750 1275 martii

3581 1286 3699 1328 1234.
