4500 5956
1188 640 1312 702 796
2190 638 2622 705 rmnnmcr
2669 638 3017 703 saeuum
3635 638 3797 719 [Anu.
3834 641 4013 706 1235.

1190 774 1594 847 memoriam
1647 782 1719 848 et
1763 776 1836 848 in
1877 785 2230 872 posterum
2278 772 2668 848 firmitatem
2688 827 2710 866 ,
2759 794 3041 871 presens
3090 772 3420 867 scriptum
3471 768 3620 846 fieri
3668 783 3737 847 et
3789 774 4020 871 sigillo

1189 899 1566 990 maJestatis
1615 908 1850 971 nostre
1878 899 2213 990 jussimus
2246 897 2682 972 communiri.

1282 1023 1536 1095 Datum
1579 1021 1929 1115 Auguste,
1977 1043 2163 1096 anno
2204 1021 2552 1096 dominice
2597 1019 3087 1093 incarnationis
3137 1018 3498 1094 millesimo
3541 1020 4017 1096 ducentesimo

1189 1144 1530 1218 tricesimo
1564 1145 1842 1240 quint0,
1892 1167 2130 1220 mense
2176 1145 2600 1236 novembris,
2641 1143 3036 1217 indictionis
3072 1165 3278 1236 none,
3317 1144 3696 1240 imperante
3735 1144 4015 1219 domino

1186 1276 1422 1341 nostro
1471 1267 1815 1341 Friderico
1836 1322 1856 1360 ,
1898 1270 2024 1343 Dei
2064 1270 2286 1365 gratia
2322 1267 2776 1342 invictissimo
2806 1268 3269 1340 Romanorum
3303 1266 3712 1364 imperatore
3747 1290 4019 1364 semper

1186 1399 1511 1486 augusto,
1544 1392 1918 1465 Jerusalem
1950 1403 2021 1466 et
2054 1393 2290 1466 Sicilie
2325 1412 2514 1486 rege,
2551 1413 2734 1465 anno
2769 1388 3040 1486 imperii
3075 1389 3227 1482 ejus
3260 1399 3460 1464 sexto
3493 1390 3792 1479 decimu,
3815 1390 4018 1486 regni

1188 1516 1566 1590 Jerusalem
1605 1515 1906 1608 decime,
1948 1517 2144 1610 regni
2188 1537 2360 1590 vero
2401 1515 2631 1589 Sicilie
2665 1514 3008 1588 tricesimo
3042 1512 3366 1610 septimo,
3410 1514 3722 1588 feliciter.
3758 1513 4011 1588 Amen.

1613 1815 2578 1827 mm
2584 1813 3574 1827 σὴψ-’,ψ

792 2077 1111 2177 ᾓᾞῶἱέ
1286 2075 1701 2162 Renovatio
1775 2079 2150 2163 societatis
2211 2079 2716 2164 Lombardiae
2739 2143 2763 2189 ,
2823 2078 3103 2162 scilicet
3172 2078 3371 2161 inter
3447 2078 3961 2165 Mediolanum
3981 2144 4009 2191 ,

1176 2209 1522 2294 Laudam
1547 2270 1571 2318 ,
1641 2210 2092 2319 Novariam,
2159 2210 2743 2319 Alexandriam,
2785 2210 3108 2317 CumaS,
3148 2209 3591 2315 Trivisium,
3630 2212 4008 2321 Paduam,

1177 2340 1637 2451 Bononiam,
1678 2341 2050 2451 Brixiam,
2090 2343 2561 2453 Faventiam,
2592 2342 2717 2428 oui
2754 2344 3123 2427 accedunt
3155 2350 3490 2454 potestas
3524 2350 3600 2427 et
3634 2343 4016 2428 ambaxa-

1176 2483 1380 2558 tores
1416 2474 1475 2558 F
1475 2474 1831 2559 errariae.

1334 2690 1525 2764 (Edit.
1558 2707 1658 2769 ap.
1699 2690 2072 2765 Mum-roal,
2103 2690 2396 2773 Antiquit-
2435 2688 2576 2752 Ital.
2614 2687 2764 2751 med.
2796 2690 2951 2765 aevi,
2994 2696 3043 2753 t.
3072 2689 3181 2765 IV,
3208 2707 3272 2769 p.
3305 2696 3615 2765 331-334,
3650 2706 3730 2751 ex
3765 2688 4012 2751 archivo

1410 2798 1695 2871 Estensi.)

2557 2956 2613 3028 Ι.

1271 3132 1351 3203 In
1405 3131 1651 3204 Christi
1699 3132 2003 3204 nomine.
2063 3130 2270 3204 Anno
2319 3132 2631 3225 ejusdem
2678 3131 3067 3205 Nativitatis
3112 3129 3477 3205 millesimo
3532 3131 4011 3206 ducentesimo

1174 3255 1529 3350 trigesimo
1565 3255 1835 3349 quinto,
1872 3254 2250 3328 indictione
2285 3257 2462 3347 VIII,
2504 3256 2765 3347 Brixie,
2796 3267 3102 3351 tempore
3135 3254 3446 3349 Gregorii
3487 3274 3663 3352 pape
3690 3265 3761 3327 et
3783 3253 4004 3326 Fede-

1174 3379 1305 3449 rici
1340 3378 1796 3472 imperatoris,
1832 3376 1949 3451 die
1991 3378 2155 3450 lune
2188 3379 2249 3451 V
2285 3378 2582 3452 intrante
2624 3380 3021 3468 novembri,
3063 3378 3502 3474 presentibus
3533 3377 3816 3452 domino
3859 3378 4006 3449 Bo-

1177 3524 1454 3598 napaxe
1494 3502 1708 3575 milite
1746 3501 2011 3575 domini
2062 3502 2391 3575 Iohannis
2447 3501 2539 3575 de
2588 3504 2789 3577 Porta
2827 3504 3181 3598 potestatis
3217 3504 3543 3595 Ferraria,
3591 3503 4009 3576 Christofaro

1176 3627 1442 3700 notario
1471 3625 1969 3699 Mediolanensi
2001 3634 2071 3700 et
2103 3626 2420 3700 Iohanne
2456 3626 2545 3700 de
2579 3627 2739 3701 Sala
2772 3628 3039 3701 notario
3071 3627 3161 3701 de
3191 3627 3531 3715 Bononia,
3574 3626 3862 3699 testibus
3891 3647 4007 3698 ro-

1172 3750 1355 3842 gatis
1388 3757 1457 3821 et
1482 3749 1782 3840 vocatis,
1821 3749 1895 3821 in
1932 3770 2203 3824 camera
2230 3751 2375 3823 sale
2409 3750 2673 3825 domini
2705 3750 2921 3826 Guale
2955 3752 3257 3847 episcopi
3293 3751 3555 3842 Brixie,
3597 3751 3838 3845 ibique
3874 3748 4003 3822 do·

1173 3874 1409 3945 minus
1455 3872 1800 3945 Iohannes
1846 3872 1937 3947 de
1979 3873 2180 3946 Porta
2217 3873 2393 3946 civis
2447 3874 2681 3948 Brixie
2735 3884 2807 3948 et
2856 3874 3166 3948 Ferraria
3212 3883 3514 3970 potestas
3554 3883 3623 3947 et
3677 3871 4007 3946 dominus

1175 3996 1634 4069 Guizardinus
1678 3996 2075 4070 Contrarias
2110 4008 2181 4070 et
2225 3997 2552 4072 dominus
2599 3997 3056 4072 Nascimbene
3105 3997 3361 4091 judex,
3399 3997 3885 4070 ambaxatores
3933 4007 4005 4070 et

1174 4131 1470 4194 rectores
1506 4122 1894 4194 communis
1938 4121 2282 4213 Ferraria,
2332 4121 2609 4196 nomine
2657 4132 2727 4195 et
2779 4121 2935 4195 vioe
2987 4120 3154 4194 dicti
3192 4118 3609 4210 communis,
3650 4118 4006 4215 protestati

1173 4244 1455 4315 fuerunt
1495 4254 1564 4317 et
1603 4266 1931 4340 expresse
1979 4244 2310 4318 dixerunt
2362 4245 2664 4319 dominis
2712 4245 3189 4320 Bartholomeo
3223 4244 3313 4318 de
3345 4244 3785 4317 Nascinturre
3835 4251 4006 4316 tunc

1173 4365 1456 4437 antiano
1492 4367 1839 4440 societatis
1874 4368 2320 4462 Lombardie,
2355 4370 2677 4443 Ursulino
2710 4369 2800 4443 de
2824 4369 3005 4462 Bari,
3047 4368 3260 4442 Guala
3294 4366 3385 4441 de
3418 4366 3690 4456 Libida,
3720 4366 4006 4439 Alberto

1172 4488 1529 4583 Boniperti
1585 4490 1675 4563 de
1715 4492 2022 4583 Novara,
2077 4493 2297 4588 Spitio
2336 4493 2704 4585 Inooardo,
2750 4494 3026 4566 Ruffino
3069 4492 3161 4567 de
3205 4490 3551 4565 Mandello
3592 4491 3684 4566 de
3732 4487 4002 4563 Medio—

1173 4613 1371 4701 lano,
1418 4611 1718 4686 Gerardo
1761 4615 2132 4708 Ercolano,
2182 4617 2570 4712 Napuliono
2601 4617 2692 4691 de
2727 4617 2991 4691 Laerdo
3023 4618 3114 4691 de
3159 4614 3491 4689 Faventia
3533 4623 3604 4686 et
3645 4612 4002 4687 Griffolino

1173 4736 1265 4811 de
1294 4735 1520 4808 Griffis
1553 4734 1643 4809 de
1676 4737 1936 4830 Brixia,
1986 4747 2149 4811 tunc
2181 4741 2562 4813 rectoribus
2592 4742 2936 4815 societatis
2960 4741 3297 4837 predicte,
3338 4737 3529 4835 quod
3553 4736 3774 4833 parati
3803 4746 4005 4810 erant
