4500 5956
1685 598 1953 660 mmlx
2001 596 2402 659 Noumuu.

509 726 640 784 Otto
664 726 729 783 de
755 726 1131 800 Lcnyinbach,
1159 729 1284 784 547.
1307 756 1311 760 -

511 811 640 868 Otto
670 811 733 868 de
757 811 1207 881 Montcbeliardo,
1229 810 1378 885 regni
1399 810 1830 885 lerosolymitani
1852 829 1943 872 oo-

581 895 931 964 mestabulus,
963 898 1087 952 279.

513 979 640 1036 otto
664 978 727 1035 de
754 978 1162 1051 Stuzzelinyen,
1193 981 1317 1035 488.

514 1061 641 1118 otto
668 1061 988 1132 Belmostus,
1012 1061 1238 1119 Bubaldi
1262 1061 1422 1132 filius,
1450 1065 1577 1133 958,
1602 1068 1713 1122 not.
1742 1068 1796 1119 1.

512 1146 641 1203 ouo
671 1146 1016 1218 Βυτροηρία,
1048 1149 1171 1201 319.

513 1227 890 1285 Oudelhardus
919 1230 984 1285 cle
1018 1230 1245 1298 Vivicis,
1276 1231 1380 1283 833
1408 1233 1463 1285 et
1489 1234 1601 1285 not.
1631 1233 1684 1285 1.

513 1313 597 1382 Ρ.,
627 1311 768 1369 filius
795 1312 880 1381 C.,
906 1311 1156 1369 Clusinus
1177 1311 1363 1385 judex,
1394 1314 1484 1378 55,
1511 1318 1624 1369 not.
1653 1317 1704 1368 1.

511 1396 765 1466 Paqanus
789 1396 1023 1464 Burrus,
1049 1393 1189 1450 filius
1215 1394 1423 1464 Uberti,
1452 1396 1579 1451 707.

511 1479 767 1549 Paqunus
791 1476 855 1533 de
886 1477 943 1533 la
969 1480 1164 1548 Turre,
1195 1480 1323 1546 707,
1352 1480 1479 1536 798.

510 1560 819 1618 Palmerius
842 1560 905 1617 de
929 1560 1157 1633 Angelo,
1189 1562 1312 1618 429.

512 1643 746 1714 Paulus,
779 1644 951 1702 abbas
979 1645 1159 1702 Sancti
1187 1644 1402 1718 Georgii
1428 1645 1496 1702 de
1523 1645 1782 1716 venetiis,
1815 1650 1938 1704 315.

511 1731 869 1800 Peregrinus,
896 1728 1078 1800 judex,
1110 1729 1232 1798 417,
1266 1729 1386 1784 418.

512 1813 840 1883 Peregrinus
862 1811 1032 1868 Sutor
1052 1811 1118 1868 dc
1141 1812 1340 1881 Becco,
1369 1814 1494 1868 429.

515 1895 822 1968 Perfectus,
857 1897 977 1952 429.

515 1979 746 2035 Perinus
767 1978 1061 2036 Incoardus
1076 2020 1091 2047 ,
1122 1980 1247 2034 707.

513 2059 861 2116 Pemhardus
876 2101 892 2131 ,
922 2063 1050 2117 546.

515 2142 890 2213 Perithoi-dus,
920 2159 1132 2214 comes,
1169 2145 1294 2201 545.

513 2224 854 2297 Pertholdus,
875 2241 1082 2296 comes,
1108 2229 1233 2283 546.

514 2311 786 2379 Pon-issa,
821 2313 945 2368 544.

513 2392 846 2450 Petrobcllus
868 2393 934 2450 dc
958 2393 1229 2450 Comi-ata
1253 2393 1316 2450 de
1341 2393 1679 2465 Gomaredo,
1705 2395 1831 2451 707.

514 2477 847 2549 Petronilla,
879 2478 1154 2536 abbatissa
1181 2478 1355 2537 Castri
1383 2478 1586 2551 Caroli,
1620 2480 1743 2536 371.

516 2563 709 2619 Petrus
723 2605 739 2633 ‚
781 2563 1205 2637 Raceburgensis
1247 2564 1559 2637 episcopus,
1592 2568 1718 2635 821,
1758 2569 1862 2624 822
1888 2571 1945 2623 et

587 2651 698 2701 not.
731 2649 784 2701 1.

517 2730 711 2785 Petrus
725 2772 739 2798 ,
767 2727 1103 2785 Rebellensis
1138 2744 1236 2785 seu
1268 2729 1600 2789 Ravellensis
1624 2729 1910 2803 episcopus
1923 2772 1938 2801 ,

590 2815 712 2882 374,
745 2813 868 2882 414,
902 2813 1026 2871 942.

517 2898 710 2954 Petrus
737 2896 801 2953 de
831 2897 1023 2969 Capua
1039 2938 1054 2966 ,
1083 2896 1263 2954 Sancti
1297 2895 1513 2968 Georgii
1540 2896 1606 2952 ad
1624 2895 1805 2954 velum
1830 2912 1941 2953 au-

588 2997 741 3038 reum
760 2981 1018 3039 diaconus
1040 2978 1357 3050 cardinalis,
1387 2981 1510 3050 465,
1541 2983 1666 3050 466,
1694 2983 1820 3037 811.

518 3068 708 3123 Petrus
726 3108 741 3136 ,
762 3066 956 3139 judex,
986 3064 1240 3137 magister
1263 3065 1560 3135 rationum,
1589 3066 1716 3122 217.

518 3152 738 3219 Petrus,
768 3150 952 3219 miles,
980 3149 1112 3206 241.

520 3233 708 3289 Petrus
724 3275 738 3303 ,
767 3231 1011 3289 notarius
1036 3232 1106 3288 de
1131 3230 1327 3289 Sancto
1352 3229 1591 3298 Matheo,
1625 3231 1748 3300 428,
1781 3223 1905 3288 429.

518 3317 739 3385 Petms,
767 3314 921 3370 urbis
946 3315 1148 3372 Romae
1173 3312 1504 3388 praefectuS,
1531 3315 1627 3370 751
1644 3356 1658 3371 .

518 3400 709 3456 Petrus
735 3399 930 3470 Albus,
959 3400 1081 3456 470.

519 3482 708 3538 Petrus
732 3483 1043 3553 Avisanus,
1076 3481 1200 3536 469.

521 3565 711 3621 Petrus
736 3565 1026 3622 Calvenese
1047 3607 1062 3634 ,
1096 3564 1221 3620 470.

518 3649 709 3705 Petrus
737 3648 800 3705 de
826 3647 1080 3718 Abanza,
1110 3650 1232 3706 429.

521 3733 715 3788 Petrus
742 3732 805 3788 de
832 3732 1142 3800 Actenasio,
1180 3733 1303 3789 429.

520 3815 713 3872 Petrus
741 3814 806 3871 de
837 3816 1065 3885 Amata,
1089 3816 1212 3873 470.

519 3901 712 3956 Pctms
737 3899 801 3956 de
827 3899 1161 3971 Bubenberq,
1187 3898 1445 3956 scultetus
1490 3897 1559 3955 de
1597 3897 1786 3968 Berno,
1812 3897 1940 3969 719,

591 3989 701 4040 not.
728 3987 781 4041 1.

519 4068 714 4124 Petrus
736 4067 799 4124 de
831 4067 1056 4137 Fui-ino,
1086 4068 1210 4123 469.

519 4153 712 4208 Petrus
730 4151 793 4208 de
809 4152 1105 4222 Guartino,
1132 4166 1230 4207 seu
1253 4150 1505 4220 Varcino,
1528 4164 1626 4207 seu
1646 4149 1941 4220 Guarcino,

587 4236 815 4309 scriptor
840 4250 1012 4308 papae
1030 4277 1045 4303 ,
1073 4236 1196 4304 440,
1226 4234 1350 4289 441.

519 4319 712 4379 Petrus
739 4318 802 4375 de
830 4319 1101 4388 Lamano,
1146 4317 1384 4375 notarius
1409 4317 1478 4375 de
1502 4316 1786 4387 Placentia,
1818 4318 1942 4374 434.

518 4400 712 4458 Petrus
738 4401 802 4458 de
822 4403 1116 4473 Maqistro,
1151 4401 1273 4456 470.

518 4485 711 4540 Petrus
738 4483 802 4540 de
826 4482 1114 4553 Palomba,
1137 4485 1258 4542 429.

520 4567 712 4624 Petrus
736 4566 799 4623 de
826 4566 1087 4634 Romano,
1113 4567 1353 4624 notarius
1372 4609 1388 4637 ,
1414 4567 1538 4624 348.

519 4650 710 4706 Petrus
753 4649 817 4706 de
862 4650 1066 4707 Sancto
1116 4650 1405 4722 Germano,
1430 4650 1595 4725 judex
1609 4692 1623 4720 ,
1658 4651 1948 4710 advocatus

591 4730 739 4802 fisci,
773 4733 897 4802 364,
931 4733 1055 4788 417.

717 4831 824 4893 IV.
844 4848 957 4892 rm
974 4850 1020 4895 2.

3399 603 3554 665 1025

2124 732 2319 787 Petrus
2343 728 2407 785 de
2432 728 2638 785 Sancto
2660 728 2842 796 Petro,
2870 729 2999 785 705.

2123 816 2318 872 Petrus
2346 814 2411 869 de
2438 810 2646 868 Sancto
2673 810 2956 881 Severino,
2991 812 3116 867 470.

2124 901 2320 957 Petrus
2351 897 2415 954 de
2440 897 2658 967 Scryio,
2693 898 2817 953 470.

2126 983 2317 1039 Petrus
2345 980 2408 1037 de
2435 981 2585 1050 Sico,
2610 978 2742 1035 alias
2764 977 2829 1034 de
2853 978 3016 1035 Senis
3032 975 3058 1048 ,’
3068 979 3409 1051 justitiarius,
3428 985 3551 1052 133,

2199 1071 2313 1123 not.
2348 1069 2402 1120 1.

2127 1150 2318 1205 Petrus
2339 1148 2404 1203 de
2437 1149 2616 1216 Tocco,
2646 1146 2965 1213 advocatuS,
2999 1148 3123 1203 470.

2123 1232 2317 1289 Petrus
2343 1231 2406 1288 de
2432 1233 2626 1301 Vinea,
2656 1247 2883 1303 magnae
2921 1232 3101 1288 curiae
3131 1233 3423 1306 imperialis
3454 1235 3553 1305 iu-

2191 1314 2329 1384 dex,
2374 1316 2478 1370 176
2515 1319 2571 1372 et
2605 1319 2719 1370 not.
2742 1318 2792 1383 1,
2828 1315 2930 1371 402
2960 1320 3016 1370 et
3040 1322 3151 1372 not.
3180 1319 3235 1387 2,
3270 1318 3392 1388 409,
3426 1319 3552 1388 410,

2196 1399 2323 1468 411,
2352 1399 2473 1466 415,
2499 1398 2621 1465 418,
2651 1396 2773 1467 419,
2807 1398 2931 1466 423,
2961 1398 3082 1468 450,
3114 1403 3236 1470 503,
3269 1403 3395 1472 504,
3425 1404 3552 1472 515,

2193 1484 2459 1551 522,523,
2482 1482 2608 1550 524,
2637 1482 2760 1550 541,
2781 1482 2910 1550 774,
2930 1483 3053 1551 776,
3082 1485 3207 1553 876,
3231 1487 3548 1555 904,ιιοι.2.

2121 1564 2314 1620 Petrus
2358 1564 2709 1636 Frunjapune
2735 1606 2751 1632 ,
2792 1563 3098 1637 praefectus
3135 1568 3334 1624 Romae
3357 1612 3371 1638 ,
3423 1572 3549 1640 921,

2195 1654 2308 1703 not.
2341 1650 2392 1701 1.

2121 1731 2317 1786 Petrus
2346 1729 2719 1801 Fronziycna,
2746 1728 2983 1786 notarius
3003 1731 3071 1786 de
3094 1730 3288 1805 (Ἆγι-ο,
3318 1737 3440 1793 434.

2122 1816 2319 1871 Petrus
2344 1812 2550 1870 Odonis
2570 1855 2585 1883 ,
2611 1813 2741 1880 782,
2772 1814 2897 1868 783.

2124 1899 2322 1954 Petrus
2346 1895 2636 1969 Teupolus,
2665 1899 2789 1953 925.
3454 1946 3458 1951 .

2121 1978 2433 2053 Philippus,
2458 1976 2784 2035 coloniensis
2802 1979 3256 2053 archiepiscopus,
3278 1986 3403 2050 317,
3423 1986 3548 2053 547,

2194 2063 2323 2130 710,
2355 2062 2483 2129 751,
2519 2063 2646 2119 752.

2122 2143 2434 2219 Philippus,
2461 2160 2557 2201 rex
2578 2138 2963 2216 Romanoruin,
2984 2150 3111 2217 509,
3131 2152 3255 2219 510,
3282 2153 3407 2220 512,
3423 2152 3549 2217 679,

2194 2228 2324 2297 734,
2356 2233 2468 2284 not.
2502 2231 2569 2298 3;
2602 2230 2727 2291 819,

2119 2312 2412 2387 Philippus
2448 2312 2511 2369 de
2538 2312 2777 2368 Bolland
2799 2326 2896 2371 seu
2913 2312 3237 2384 Bollandia,
3263 2316 3390 2386 277,
3422 2318 3551 2387 291,

2194 2398 2323 2466 511,
2351 2399 2477 2465 657,
2509 2399 2635 2467 863,
2669 2399 2794 2452 893.

2120 2478 2415 2554 Philippus
2453 2479 2516 2536 de
2554 2479 2883 2537 Hoheuvelse
2905 2497 3004 2538 seu
3029 2481 3345 2555 Hohensels,
3373 2490 3546 2557 pater,

2193 2564 2320 2633 841,
2348 2566 2473 2632 863,
2507 2564 2632 2632 864,
2664 2565 2789 2633 865,
2821 2568 2946 2622 893.

2121 2645 2415 2721 Philippus
2442 2646 2505 2702 de
2534 2645 2892 2715 Hohenvelse,
2925 2645 3092 2717 filius,
3120 2650 3244 2717 864,
3275 2652 3398 2706 865.

2122 2730 2413 2804 Philippus
2441 2729 2504 2786 de
2540 2728 2909 2802 Rychenberc,
2937 2732 3061 2785 890.

2123 2813 2414 2887 Philippus
2441 2811 2506 2868 de
2537 2813 2745 2881 Trecis,
2770 2812 2896 2881 774,
2928 2817 3040 2868 not.
3068 2816 3120 2867 1.

2121 2897 2412 2971 Philippus
2436 2895 2883 2952 deValkenstcine
2903 2910 3000 2952 seu
3019 2894 3396 2967 Wallenstein,
3418 2899 3514 2954 841
3529 2939 3544 2967 ,

2122 3064 2413 3139 Philippus
2444 3064 2507 3121 de
2539 3060 2898 3134 Virnenbury,
2924 3063 3050 3121 726.

2121 3149 2411 3223 Philippus
2441 3148 2641 3221 Rufus,
2672 3149 2798 3203 793.

2122 3233 2409 3304 Pilqrinus
2431 3232 2495 3288 de
2520 3232 2883 3302 Emer-inqui,
2910 3232 3034 3287 556.
3134 3279 3137 3282 ,

2119 3316 2435 3389 Piliyrinus
2464 3314 2528 3374 de
2559 3314 2888 3381 Palishcim,
2917 3317 3043 3371 586.

2121 3402 2356 3458 Peneius
2387 3398 2453 3456 de
2479 3398 2761 3469 Astoaldo,
2786 3400 2911 3455 955.

2121 3483 2460 3542 Probusde.
2602 3484 2806 3551 .,783.
3536 3536 3543 3545 ‚

2120 3568 2415 3640 Procopius
2437 3565 2500 3622 de
2523 3568 2770 3635 Hatera,
2794 3563 3034 3621 notarius
3054 3564 3268 3633 curiae,
3296 3566 3553 3636 magister

2192 3652 2492 3721 rationum,
2524 3653 2648 3719 219,
2680 3652 2861 3718 not.l;
2891 3651 3015 3718 389,
3047 3650 3171 3718 390,
3198 3650 3321 3704 394.

2119 3732 2452 3790 Prudentius
2475 3733 2538 3787 de
2558 3734 2756 3801 Roma,
2784 3733 2877 3787 321
2894 3773 2908 3785 .

2116 3815 2344 3883 Quallia
2362 3814 2425 3871 cle
2446 3816 2714 3885 Gorzano,
2737 3813 2852 3870 sive
2876 3813 3061 3870 Gailla
3082 3813 3145 3870 de
3168 3814 3407 3884 Gurzan,
3426 3815 3543 3872 sive

2187 3898 2474 3956 Galeatius
2499 3897 2562 3954 de
2587 3897 2860 3967 Gurcano,
2880 3899 3004 3966 386,
3024 3898 3147 3968 403,
3165 3899 3266 3954 404
3286 3903 3342 3954 et
3359 3905 3469 3956 not.
3486 3903 3506 3953 1
3524 3939 3538 3952 .

2117 3987 2202 4054 R„
2233 3986 2467 4042 Sanctae
2486 3983 2683 4040 Mariae
2704 3982 2761 4037 in
2784 3981 3066 4038 cosmedin
3092 3980 3394 4052 cardinalis,
3416 3985 3542 4052 884,

2123 4069 2569 4221 affligamus
2589 4148 2894 4220 episcopus,
2909 4145 3254 4204 cancellarius
3274 4147 3418 4219 regis
3437 4148 3546 4206 An-

2123 4233 2617 4387 n.,gh331loi⁵ssi1sis
2643 4313 2956 4387 episcopus,
2983 4314 3108 4370 542.

2123 4403 2211 4468 R„
2238 4415 2421 4457 comes
2449 4397 2775 4467 cornubiae,
2800 4398 2925 4453 542.

2123 4481 2420 4551 liuboldus,
2459 4496 2641 4539 comes
2665 4481 2733 4537 de
2755 4478 3137 4549 Ortemberch,
3163 4485 3290 4539 751.

2124 4568 2449 4637 Rainerius,
2474 4565 2648 4623 abbas
2686 4565 2755 4623 de
2792 4566 2974 4623 Monte
3004 4565 3213 4623 Amiate
3238 4567 3295 4622 in
3317 4567 3507 4625 Tuscia
3528 4611 3543 4637 ,

2122 4651 2417 4789 Buzzi-ius
2453 4733 2602 4789 Zoni
2619 4775 2634 4803 ,
2664 4733 2790 4803 798,
2821 4732 2947 4801 904,
2976 4737 3084 4788 not.
3112 4735 3167 4788 2.

3129 4838 3239 4890 ¹29
