4500 5956
1053 561 1175 623 eso
2097 557 2445 620 namuel
2495 558 2826 619 sssr‘rmr
3503 560 3661 644 [An.
3701 562 3868 624 1234.

1066 694 1299 775 nitate
1353 692 1709 775 ecclesiae
1765 694 2021 776 Sancti
2079 692 2396 775 Servatii
2442 692 2521 772 in
2575 692 2916 800 Trajecto
2980 692 3396 801 adimplere
3439 719 3594 776 non
3650 720 3879 775 cura-

1067 826 1295 932 verit,
1346 826 1491 933 ipsi
1544 826 1623 905 in
1677 826 1797 906 his
1851 852 2049 935 quae
2102 827 2303 907 idem
2359 824 2757 932 episcopus
2800 836 3005 908 tenet
3054 826 3155 908 ab
3199 826 3554 934 imperio,
3606 826 3881 908 scilicet

1067 958 1455 1063 theloneo,
1496 969 1802 1041 moneta
1818 1019 1842 1066 ,
1881 959 1913 1068 j
1921 959 2171 1041 udicio
2215 968 2289 1040 et
2333 958 2502 1039 aliis
2544 958 3090 1067 temporalibus
3106 1021 3128 1066 ,
3172 959 3468 1041 nullam
3504 960 3571 1041 ei
3608 959 3882 1043 faciant

1066 1090 1600 1183 obedientiam.

1236 1302 1489 1383 (Inedlt.
1523 1321 1599 1366 ex
1627 1282 1877 1366 chartul.
1909 1304 1971 1365 S.
2016 1304 2270 1366 Servasti
2303 1304 2558 1383 Traject.
2605 1321 2705 1384 ap.
2746 1304 2899 1366 Bibl.
2931 1322 3055 1384 reg.
3093 1306 3319 1379 Paris„
3356 1311 3504 1367 tom.
3541 1306 3652 1380 111,
3699 1305 3802 1368 fol.
3848 1318 3885 1366 5

1305 1408 1527 1488 verso.)
2434 1445 2437 1448 ⁴

1168 1589 1508 1662 Henricns
1529 1643 1549 1679 ,
1604 1590 1726 1661 Dei
1793 1591 2011 1683 gratia
2073 1591 2535 1663 Romanorum
2569 1611 2697 1662 rex
2742 1600 2813 1661 et
2846 1610 3114 1684 semper
3143 1599 3481 1684 augustus
3502 1644 3520 1677 ,
3569 1588 3889 1663 fidelibus

1073 1714 1220 1785 suis
1251 1712 1530 1802 Leodii,
1573 1713 1898 1804 Trajecti‚
1944 1714 2172 1786 Sancti
2206 1713 2585 1809 TrudoniS,
2624 1714 3099 1810 Hoyensibus,
3139 1714 3647 1807 Tongrensibus
3674 1723 3744 1787 et
3775 1715 3890 1786 Di·

1075 1837 1403 1909 nantibus
1428 1836 1736 1909 scultetis
1768 1846 1836 1909 et
1879 1837 2223 1909 universis
2257 1814 2650 1909 hominibus
2682 1837 2970 1930 gratiam
3000 1859 3198 1909 suam
3240 1847 3309 1908 et
3343 1859 3546 1909 omne
3597 1837 3880 1909 bonum.

1077 1959 1247 2031 Cum
1277 1958 1570 2034 ecclesia
1601 1960 1832 2032 Sancti
1850 1961 2139 2032 Servatii
2174 1961 2263 2033 de
2300 1962 2605 2051 Trajecto
2633 1982 2774 2054 que
2810 1961 3073 2055 capella
3101 1970 3327 2034 nostra
3362 1971 3431 2033 et
3450 1961 3717 2054 imperii
3744 1983 3892 2033 esse

1076 2084 1536 2176 dignoscitur,
1578 2093 1817 2179 utpote
1847 2105 1987 2178 que
2015 2106 2057 2155 a
2081 2084 2265 2157 divis
2290 2086 2745 2157 Romanorum
2784 2084 3322 2178 imperatoribus
3361 2091 3431 2155 et
3469 2084 3749 2175 regibus
3791 2094 3892 2156 est

1077 2207 1359 2278 fundata
1396 2215 1464 2278 et
1498 2207 1592 2280 ad
1632 2208 1856 2301 ipsum
1900 2208 2263 2302 imperium
2295 2209 2589 2303 pertinet
2617 2208 3046 2299 immediate,
3099 2230 3142 2280 a
3177 2206 3536 2279 Leodiensi
3574 2208 3893 2302 episcopo

1077 2339 1521 2423 gravaretur,
1572 2350 1663 2402 ex
1695 2351 1779 2402 eo
1823 2331 2015 2424 quod
2046 2330 2595 2422 Jurisdictionem
2642 2331 2714 2401 in
2752 2329 3068 2403 eamdem
3106 2330 3463 2403 ecclesiam
3516 2330 3651 2401 sibi
3695 2352 3893 2401 usur-

1076 2475 1242 2551 pare
1264 2454 1486 2527 voluit
1515 2476 1726 2550 quam
1757 2476 1895 2527 non
1928 2455 2262 2543 habebat,
2305 2455 2464 2530 licet
2502 2477 2596 2528 ex
2629 2455 3068 2551 providentia
3107 2455 3295 2549 regia
3338 2453 3429 2525 ad
3465 2453 3894 2548 probandam

1074 2580 1518 2652 intentionem
1543 2588 1845 2652 nostram
1869 2579 2060 2672 quod
2081 2579 2324 2652 eadem
2354 2580 2806 2672 Trajectensis
2834 2580 3121 2653 ecclesia
3138 2581 3229 2652 ad
3258 2601 3386 2651 nos
3408 2587 3477 2650 et
3502 2579 3888 2672 imperium,

1076 2704 1266 2775 nullo
1291 2702 1500 2775 modo
1543 2703 1678 2775 sihi
1719 2703 2124 2799 pertineret,
2181 2703 2370 2777 diem
2408 2713 2477 2776 et
2523 2703 2753 2775 locum
2805 2703 3034 2776 eidem
3088 2703 3409 2798 episcopo
3444 2700 3898 2797 peremptorie

1076 2827 1601 2921 prefixissemus
1630 2837 1699 2901 et
1724 2828 2098 2923 plurimum
2125 2827 2354 2899 eidem
2401 2825 2887 2899 detulissemus
2932 2848 3024 2900 ne
3083 2837 3320 2900 contra
3365 2826 3591 2919 ipsum
3627 2824 3898 2898 videre-

1077 2972 1234 3023 mur
1269 2971 1676 3046 properare3
1728 2951 1898 3045 quia
1932 2949 2209 3025 tandem
2243 2948 2437 3047 apud
2461 2951 2816 3043 Luteram,
2856 2972 3014 3022 cnm
3045 2949 3272 3022 dilecti
3306 2947 3644 3044 capellani
3689 2945 3898 3019 nostri

1080 3074 1391 3145 canonici
1428 3075 1892 3166 Trajectenses
1909 3076 2054 3166 jam
2080 3076 2406 3170 expensis
2435 3085 2503 3147 et
2536 3075 2890 3148 laboribus
2917 3074 3487 3164 exhaurirentur,
3526 3095 3685 3145 cum
3730 3071 3895 3165 ipsis

1080 3196 1153 3267 in
1177 3196 1337 3288 jure
1377 3197 1617 3269 deesse
1656 3218 1794 3270 non
1825 3219 2179 3293 possemus
2214 3199 2288 3269 in
2324 3220 2466 3293 quo
2503 3220 2747 3271 sumus
2784 3199 3106 3270 omnibus
3142 3196 3522 3286 debitores,
3578 3219 3735 3269 cum
3781 3195 3896 3268 die

1080 3321 1535 3414 peremptorio
1572 3320 1757 3393 idem
1796 3321 2160 3416 episcopus
2199 3342 2339 3393 non
2385 3322 2878 3416 comparuisset
2918 3342 3048 3392 nec
3088 3342 3214 3415 pro
3257 3342 3332 3392 se
3357 3323 3657 3412 jurasset
3702 3318 3900 3391 exhi-

1080 3441 1248 3515 bere
1285 3443 1371 3538 (Ρ)
1398 3445 1898 3538 responsalem,
1941 3444 2243 3517 dictante
2270 3446 2605 3518 sententia
2631 3446 3020 3541 principum
3058 3454 3126 3516 et
3155 3453 3553 3538 magnatum
3583 3442 3891 3537 imperii,

1077 3570 1196 3660 jus
1226 3567 1418 3661 quod
1453 3567 1640 3641 idem
1668 3569 2031 3664 episcopus
2067 3569 2201 3640 sibi
2236 3568 2511 3642 dicebat
2534 3577 2920 3664 competere
2950 3568 3023 3638 in
3053 3567 3339 3639 ecclesia
3372 3576 3745 3638 memorata
3771 3565 3901 3659 ipsi

1085 3695 1411 3790 episeopo
1451 3703 1521 3766 et
1561 3717 1690 3767 sue
1734 3695 2023 3767 ecclesie
2064 3694 2660 3787 abjudicassemus
2696 3703 2764 3766 et
2813 3693 2886 3763 in
2932 3691 3260 3787 expensis
3289 3691 3487 3762 sactis
3520 3713 3561 3762 a
3602 3699 3903 3782 temporo

1086 3819 1356 3914 incepte
1394 3818 1568 3910 litis,
1606 3829 1881 3891 centum
1905 3818 2233 3891 videlicet
2258 3819 2510 3890 marcis
2546 3816 3062 3890 Coloniensibus
3095 3836 3271 3908 quas
3294 3836 3415 3909 per
3440 3814 3902 3905 juramentum

1087 3943 1539 4016 ostenderunt
1575 3942 1744 4015 dicti
1772 3943 2082 4015 canonici
2124 3964 2202 4015 se
2239 3941 2660 4038 expendisse
2702 3941 3056 4013 taxatione
3105 3939 3444 4032 legitima,
3495 3939 3722 4032 ipsum
3759 3935 3904 4029 epi-

1091 4085 1373 4158 scopum
1394 4062 1871 4162 dux[er]imus
1898 4064 2502 4139 condemnandum
2530 4063 2637 4162 (4)
2664 4074 2733 4137 et
2758 4062 3280 4136 mandassemus
3307 4062 3530 4134 eidem
3556 4070 3701 4132 uta
3726 4067 3906 4130 mota

1091 4188 1462 4260 vexatione
1497 4190 2009 4281 conquiesceret
2054 4190 2341 4262 ecclesie
2395 4198 2767 4262 memorate
2807 4197 2876 4259 et
2928 4187 3293 4281 pecuniam
3330 4184 3633 4258 solveret
3666 4203 3909 4278 preno-

1093 4317 1348 4398 tatam3
1385 4311 1549 4402 quia
1587 4333 1754 4383 vero
1785 4312 2009 4385 dictus
2040 4314 2404 4408 episcopus
2444 4313 2851 4385 mandatum
2884 4320 3190 4383 nostrum
3238 4331 3376 4381 non
3424 4308 3697 4381 curavit
3743 4307 3907 4379 hac-

1093 4439 1295 4502 tenus
1330 4431 1745 4527 adimplere,
1786 4455 1876 4507 ne
1902 4435 1992 4508 de
2013 4435 2197 4507 illata
2223 4436 2424 4507 nobis
2454 4435 2703 4525 injuria
2723 4434 3043 4506 videatur
3070 4432 3509 4505 commodum
3534 4439 3903 4526 reportare,

1165 4682 1234 4757 (4)
1272 4682 1352 4741 ct.
1381 4698 1562 4756 supra,
1581 4699 1639 4758 p.
1666 4685 1789 4741 eu.
