4500 5956
1509 598 1762 657 INDEX
1810 598 2512 659 DOCUMENTORUM.
3302 603 3415 665 981

589 798 854 921 Q

1437 918 1633 980 {orum
1664 922 2048 987 ebdomadale
2083 928 2210 987 sine
2253 924 2612 1001 praejudicio
2644 926 2799 1000 ,iuris
2824 924 3032 1003 alieni,
3061 928 3123 985 in
3158 930 3423 1006 qualibet

1437 1016 1583 1077 feria
1612 1022 1783 1080 tertia
1806 1023 2250 1100 celebrandum,
2281 1020 2571 1081 concedit.
3305 1036 3416 1088 887

917 1111 1035 1188 Ap.
1055 1113 1299 1173 Werde.
1357 1145 1439 1160 —
1475 1115 1573 1176 Ad
1598 1119 1937 1193 petitionem
1963 1120 2401 1197 salzburgensis
2424 1117 2863 1195 archiepiscopi,
2894 1118 3151 1180 dictante
3178 1129 3417 1184 senten-

1434 1213 1519 1271 tia
1566 1216 1928 1294 principum,
1959 1222 2118 1276 vetat
2153 1232 2230 1276 ne
2274 1216 2411 1292 quis
2451 1220 2684 1274 revocet
2727 1213 2991 1275 homines
3017 1232 3054 1275 a
3080 1222 3265 1278 strata
3300 1236 3415 1295 pu-

1433 1307 1587 1368 blica
1612 1312 1755 1386 quin
1783 1312 2009 1372 vadant
2032 1311 2109 1372 ad
2134 1311 2353 1384 forum,
2377 1312 2492 1369 nisi
2518 1310 2734 1369 habeat
2756 1312 3023 1387 proprios
3061 1329 3210 1389 quos
3238 1332 3413 1374 revo-

1433 1419 1565 1464 care
1602 1413 1811 1481 potest.
3297 1421 3411 1472 888

627 1115 799 1191 Julio.

604 1505 670 1557 11
695 1498 852 1576 julii.
1010 1496 1189 1576 Apud
1350 1530 1432 1544 —-
1470 1500 1785 1562 Gebhardo
1808 1503 1884 1564 de
1909 1504 2186 1564 Arnstein
2213 1505 2452 1564 nuntiat
2477 1520 2563 1576 se,
2592 1503 2729 1563 licet
2752 1508 3003 1581 quatuor
3030 1508 3322 1568 exercitus
3346 1510 3407 1568 in

919 1592 1275 1672 Augustam.
1429 1598 1730 1659 Austriam
1764 1604 2184 1671 transmiserit,
2216 1617 2375 1661 nunc
2413 1616 2547 1660 cum
2583 1603 2845 1660 maximo
2871 1607 3177 1677 potentatu
3204 1621 3410 1667 versus

1428 1693 1661 1754 Italiam
1706 1696 1782 1756 ab
1818 1695 2088 1774 Augusta
2125 1702 2317 1756 eastra
2358 1713 2467 1756 sua
2510 1712 2776 1768 movere,
2805 1695 3190 1775 hortaturque
3233 1706 3304 1760 ut
3348 1703 3408 1761 in

1427 1808 1537 1852 suo
1562 1794 1802 1854 servitio
1827 1795 2210 1855 confortetur.
3292 1807 3406 1857 889

583 1891 651 1944 13
688 1885 846 1961 julii.
1008 1883 1187 1962 Apud
1349 1917 1426 1930 —
1464 1887 1738 1965 Philippo
1785 1889 1861 1949 de
1911 1890 2300 1968 Rychenberc
2351 1892 2709 1966 procuratori
2763 1891 2995 1950 comitis
3048 1892 3289 1952 Henrici
3335 1894 3407 1954 de

912 1981 1268 2062 Augustam.
1424 1981 1650 2042 Werda
1676 1985 2037 2060 caeterisque
2057 1984 2353 2062 judicibus
2378 1984 2624 2044 mandat
2660 1990 2731 2044 ut
2764 2001 2904 2062 erga
2945 1988 3104 2046 cives
3129 1987 3404 2065 Argenti-

1422 2092 1633 2137 nenses
1679 2081 1982 2158 privilegia
2025 2081 2245 2140 eisdem
2287 2090 2563 2141 concessa
2606 2080 2945 2152 observent,
2976 2084 3307 2158 specialiter
3333 2102 3407 2146 ne

1419 2180 1591 2235 extra
1616 2175 1821 2236 urbem
1847 2179 1911 2235 in
1932 2179 2036 2253 jus
2063 2178 2374 2239 trahantur
2413 2194 2550 2239 cum
2594 2180 2659 2237 in
2699 2180 2941 2238 civitate
2975 2195 3082 2240 sua
3113 2183 3405 2257 justitiam

1418 2270 1609 2332 facere
1633 2274 1755 2333 sint
1779 2277 1992 2350 parati.
3282 2289 3398 2340 890

584 2373 655 2424 28
680 2366 840 2442 julii.
936 2368 1008 2427 In
1038 2371 1244 2429 castris
1338 2398 1417 2410 —
1457 2366 1772 2429 Generales
1815 2370 2114 2431 nundinas
2158 2371 2319 2447 apud
2361 2370 2606 2431 Lubeck
2650 2372 2824 2431 annis
2862 2371 3108 2449 singulis
3167 2389 3203 2433 a
3251 2373 3401 2435 festo

923 2465 986 2524 in
1014 2466 1270 2541 praediis
1415 2466 1786 2527 Pentecostes
1823 2483 2012 2544 usque
2037 2468 2117 2528 ad
2145 2467 2365 2528 festum
2393 2469 2592 2529 Sancti
2630 2466 2832 2528 Jacobi
2868 2468 3245 2531 celebrandas
3273 2479 3397 2532 sta-

924 2561 1250 2640 Augustae.
1414 2565 1530 2624 tuit
1550 2608 1568 2637 ,
1597 2566 1992 2643 omnibusque
2034 2564 2307 2627 fidelibus
2342 2566 2582 2626 mandat
2609 2571 2677 2625 ut
2701 2566 2780 2625 ad
2806 2581 2907 2625 eas
2932 2564 3043 2626 snb
3064 2584 3171 2627 sua
3197 2575 3258 2627 et
3281 2570 3396 2629 im-

1413 2663 1558 2736 perii
1586 2664 1898 2723 securitate
1928 2665 2191 2723 veniant.
3278 2673 3388 2725 891

997 2754 1177 2831 Apud
1332 2789 1414 2801 —
1449 2757 1569 2817 Pro
1616 2758 1845 2819 devotis
1899 2761 2156 2820 servitiis
2193 2761 2415 2819 civium
2467 2757 2977 2834 Maguntinorum,
3013 2759 3098 2817 eis
3142 2762 3395 2836 gratiam

902 2850 1258 2931 Augustam.
1410 2853 1552 2915 facit
1573 2861 1643 2915 ut
1660 2856 1862 2916 nulius
1887 2863 2057 2917 extra
2083 2859 2384 2918 civitatem
2412 2872 2514 2916 eos
2540 2854 2618 2915 ad
2638 2870 2814 2914 suum
2842 2855 3131 2931 judicium
3159 2858 3392 2919 trahere

1400 2952 1621 3028 possit,
1660 2953 1776 3014 nisi
1812 2955 1874 3013 in
1909 2955 2150 3014 civitate
2184 2969 2294 3014 sua
2319 2951 2810 3030 conquerentibus
2835 2950 2909 3012 de
2935 2953 3077 3030 ipsis
3098 2955 3391 3031 justitiam

1408 3048 1829 3125 denegaverint
1853 3049 2148 3110 exhibere.
3271 3059 3386 3111 892

989 3143 1171 3219 Apud
1328 3178 1408 3192 —
1446 3146 1662 3207 Scribit
1702 3145 1980 3208 officiatis
2023 3150 2086 3207 in
2126 3162 2378 3225 quorum
2396 3146 2802 3224 jurisdictIone
2826 3146 2981 3206 bona
3009 3149 3232 3208 civium
3258 3148 3392 3209 Ma-

896 3236 1249 3317 Augustam.
1407 3245 1791 3320 guntinorum
1819 3244 1934 3303 sita
1956 3251 2098 3304 sunt
2114 3286 2133 3315 ,
2177 3249 2245 3303 ut
2285 3242 2491 3302 eadem
2539 3242 2698 3302 bona
2739 3248 2944 3302 eontra
2984 3245 3290 3320 antiquam
3318 3245 3388 3304 li-

1405 3337 1691 3399 bertatem
1730 3340 1906 3399 novis
1947 3339 2208 3400 collectis
2247 3345 2309 3399 et
2343 3338 2622 3416 precariis
2656 3337 2869 3398 amodo
2896 3340 3175 3416 impetere
3201 3339 3389 3400 desis-

1404 3441 1557 3496 tant.
3086 3444 3227 3513 893,
3273 3444 3390 3496 894

912 3624 977 3682 in
1001 3626 1228 3685 eastris.
1399 3631 1547 3690 tiam
1571 3629 1796 3706 praedii
1824 3609 2200 3690 Helchenriet
2234 3636 2531 3706 acceptat,
2561 3636 2624 3689 et
2665 3635 2800 3704 post
2840 3635 3075 3704 tempus
3114 3634 3386 3688 aecurate

1398 3723 1771 3800 designatum
1797 3738 1921 3782 una
1946 3738 2083 3783 cum
2111 3724 2422 3784 advocatia
2448 3724 2784 3783 monasterii
2827 3721 3030 3782 usibus
3070 3722 3193 3781 suis
3238 3721 3379 3780 sub·

1391 3821 1612 3897 jectam
1639 3833 1763 3878 esse
1784 3817 2064 3881 declarat.
3265 3825 3380 3876 895

593 3910 774 3999 [circa
877 3951 1286 3974 .......
1317 3948 1400 3961 -
1438 3913 1655 3975 Comiti
1682 3913 2012 3976 sabaudiae
2047 3931 2155 3993 pro
2179 3915 2409 3974 devotis
2447 3917 2578 3990 ejus
2600 3919 2662 3972 et
2685 3913 2939 3988 acceptis
2963 3913 3219 3972 servitiis
3244 3929 3380 3990 gra-

559 4008 822 4093 Julium.]
1395 4015 1485 4070 tes
1511 4011 1662 4087 agit,
1704 4011 1987 4070 nuntians
2030 4027 2094 4071 se
2137 4026 2281 4070 mox
2323 4011 2378 4068 ei
2417 4009 2661 4068 miiitiae
2698 4008 2880 4068 decus
2926 4023 3337 4069 concessurum
3356 4051 3375 4082 ‚

1394 4113 1713 4182 monetque
1739 4113 1808 4166 ut
1845 4123 1981 4168 cum
2009 4109 2074 4167 in
2100 4106 2517 4168 Lomhardiam
2546 4108 2770 4179 veniet,
2798 4107 2922 4182 ipse
2947 4121 3144 4165 comes
3169 4121 3375 4181 aspec-

1391 4203 1555 4265 tibus
1577 4206 1702 4264 suis
1725 4210 2009 4265 occurrat.
3257 4211 3373 4263 896

542 4310 813 4379 augusto.
924 4301 996 4361 In
1023 4301 1228 4362 castris
1314 4335 1393 4347 —
1431 4302 1720 4378 Episcopo
1759 4303 2094 4363 Brixinensi
2132 4304 2197 4363 in
2237 4307 2407 4381 cujus
2447 4307 2605 4362 terra
2641 4305 2877 4377 propter
2915 4298 3376 4360 imbecillitatem

844 4413 944 4475 ap.
959 4398 1281 4459 Brixinam.
1392 4401 1520 4475 ejus
1552 4401 1788 4475 justitia
1830 4400 2028 4476 vigere
2070 4399 2277 4469 desiit,
2323 4398 2590 4459 concedit
2632 4402 2703 4457 ut
2743 4397 2961 4474 regalia
3000 4396 3277 4456 ecclesiae
3313 4400 3377 4456 in

1394 4497 1520 4556 suis
1545 4494 1825 4555 manibus
1850 4498 2129 4573 resignet,
2144 4511 2297 4572 quae
2322 4497 2447 4571 ipse
2465 4493 2744 4555 custodiri
2769 4499 2830 4553 et
2854 4494 3155 4568 procurari
3172 4491 3372 4566 faciet,

1392 4590 1747 4667 quibusdam
1785 4607 1892 4666 pro
1918 4594 2347 4652 sustentatione
2380 4593 2539 4652 vitae
2582 4590 2845 4668 ejusdem
2885 4592 3143 4668 episcopi
3184 4606 3377 4650 reser-

1391 4691 1546 4749 vatis
1573 4689 1876 4749 reditibus.
3258 4694 3371 4747 897
