4500 5956
759 1863 886 1917 Apud

674 1914 947 1971 Nurembetg
959 1949 970 1969 ,

730 1973 759 2010 4
776 1971 911 2023 junii.

1061 546 1183 609 658
2106 545 2465 606 HENRICI
2513 544 2851 607 SEPTnss
3511 549 3671 627 [Ant.
3713 551 3888 615 1234.

1060 679 1319 787 itaque
1363 678 1715 762 universo
1763 680 2091 763 exercitu
2135 678 2835 788 crucesignatorum
2874 677 3037 788 (1),
3090 679 3170 760 in
3216 681 3546 763 crastino
3584 683 3886 766 Ascen-

1062 811 1297 894 sionis
1358 811 1589 894 iidem
1644 813 1989 923 Stagingi
2046 821 2503 921 superantur
2555 821 2632 893 et
2683 838 2730 893 a
2792 822 2995 894 terra
3048 838 3189 897 sua
3241 813 3588 897 funditus
3640 819 3887 899 extir-

1063 953 1370 1051 pantur.
1388 1005 1405 1024 .
1423 1007 1441 1024 .
1488 946 1836 1042 Quorum
1871 946 1951 1025 in
1999 944 2383 1053 praedicto
2426 943 2627 1027 bello
2683 943 2975 1026 circiter
3022 945 3122 1026 ad
3165 945 3323 1028 duo
3357 946 3602 1028 millia
3637 949 3889 1056 perie-

1061 1085 1241 1159 runt
1278 1075 1440 1186 (2),
1493 1078 1755 1185 paucis
1799 1077 2329 1185 superstitibus
2375 1077 2473 1157 ad
2514 1076 2801 1159 vicinos
2845 1076 3194 1159 Frisones
3240 1078 3876 1189 confugientibus

1064 1210 1380 1293 Genera.
1427 1209 1690 1293 CoLoN.
1735 1237 1860 1319 ap.
1903 1209 2286 1318 Boanum,
2326 1217 2621 1312 Fontes,
2663 1217 2723 1290 t.
2766 1208 2870 1316 11,
2912 1235 2991 1317 p.
3036 1213 3222 1293 566.

2512 1544 3390 1557 ——u-nn—*o—*n———o-

1164 1844 1569 1953 HenricuS‚
1612 1847 2130 1929 Romanorum
2166 1873 2336 1954 rex,
2380 1848 2744 1930 advocato
2779 1856 2854 1928 et
2902 1846 3415 1956 burgensibus
3451 1849 3548 1931 de
3585 1848 3881 1960 Turego

1056 1964 1373 2059 mandat
1420 1987 1504 2059 ut
1548 1979 2096 2061 monasterium
2140 1981 2237 2060 de
2284 1978 2564 2088 Cappel
2610 2005 2750 2088 pro
2794 1979 3025 2061 domo
3079 1978 3419 2086 ejusdem
3466 1982 3673 2089 apud
3717 1980 3883 2063 Tu-

1052 2134 1324 2218 regum
1363 2109 1709 2192 libertate
1745 2110 1896 2194 frui
1924 2110 2399 2219 permittant,
2440 2136 2686 2220 neque
2724 2111 2803 2191 in
2840 2111 3123 2191 steiura
3157 2138 3394 2221 quam
3421 2111 3684 2194 civitas
3718 2112 3881 2222 regi

1052 2253 1438 2348 praestare
1473 2243 1737 2350 debet,
1775 2243 1981 2325 idem
2016 2243 2358 2326 conferre
2394 2255 2706 2353 cogant,
2750 2244 2858 2326 ita
2895 2253 2981 2325 ut
3016 2270 3242 2352 super
3279 2245 3427 2327 hoc
3460 2244 3882 2328 claustrum

1054 2374 1198 2457 sibi
1234 2375 1511 2457 iterum
1547 2400 1702 2458 non
1739 2385 2104 2458 recurrat.

1212 2616 1502 2696 (Memor.
1542 2624 1603 2678 et
1637 2623 1885 2679 extract.
1932 2634 2031 2696 ap.
2076 2618 2229 2680 Gan.
2265 2618 2483 2678 Marsa
2524 2633 2642 2678 von
2689 2618 2976 2692 Knemis,
3016 2616 3227 2680 Archiv
3242 2616 3361 2698 siiv-
3404 2617 3588 2681 Schw.
3635 2615 3831 2681 Gesclt.
3856 2663 3874 2692 ,

1291 2731 1339 2785 t.
1371 2725 1433 2801 1,
1462 2741 1523 2802 p.
1558 2722 1689 2802 91.)

1029 3044 1040 3056 ἱ
1106 2898 1113 2903 .
1147 2940 1398 3013 Datum
1431 2939 1897 3033 Nuremberg,
1937 2938 1996 3010 11
2024 2960 2241 3012 nonas
2272 2937 2487 3030 J'unii‚
2525 2936 2901 3011 indictione
2933 2937 3082 3012 v11.

1059 3298 1206 3355 cinos
1231 3297 1486 3371 populos,
1516 3296 1679 3354 immo
1711 3301 1767 3353 et
1796 3296 2021 3354 comites
2048 3301 2103 3352 et
2124 3296 2409 3369 episcopos
2448 3295 2591 3353 bello
2615 3296 2816 3370 pluries
2848 3301 2976 3353 sunt
3002 3295 3231 3371 agressi,
3264 3311 3425 3370 saepe
3455 3295 3710 3364 victores,
3755 3310 3874 3352 raro

1056 3394 1202 3451 victi.
1229 3413 1256 3447 n
1279 3395 1548 3452 Hactenus
1570 3393 1890 3451 Godefridus
1919 3392 2263 3450 Coloniensis.
2291 3393 2397 3476 pp.
2429 3393 2636 3450 CAsssr.
2651 3436 2665 3465 ‚
2690 3393 3043 3467 Sammlun9‚
3074 3397 3209 3465 ⁴23,
3236 3393 3387 3451 adest
3412 3392 3602 3450 foedus
3627 3393 3766 3449 inter
3791 3408 3879 3449 ar·

1055 3491 1452 3565 chiepiscopum
1479 3497 1535 3547 et
1566 3491 1847 3548 ecclesiam
1875 3492 2217 3546 Bremensem
2248 3505 2316 3545 ex
2336 3505 2441 3546 una
2464 3496 2616 3563 parte
2644 3496 2700 3548 et
2729 3491 3029 3565 burgenses
3053 3494 3371 3548 Bremenses
3404 3506 3472 3547 ex
3506 3490 3674 3546 altera
3696 3495 3879 3546 contra

1055 3589 1337 3662 Stadingos
1362 3589 1554 3645 initum
1587 3608 1600 3644 ε
1632 3610 1658 3643 α
1689 3589 1904 3645 Diutina
1946 3588 2342 3661 Stethingorum
2379 3589 2512 3645 adeo
2540 3589 2894 3647 invalescente
2927 3591 3131 3648 insania
3167 3591 3313 3663 quod
3361 3605 3467 3646 non
3496 3589 3669 3645 solum
3700 3587 3872 3660 impe·

1054 3686 1202 3745 rialis
1238 3687 1574 3744 auctoritatis
1597 3687 2040 3760 proscriptionem
2068 3691 2507 3758 promeruerunt,
2532 3701 2722 3742 verum
2752 3688 2918 3744 etiam
2942 3693 3123 3744 sancte
3147 3686 3334 3743 matris
3358 3686 3596 3743 Ecclesie
3619 3686 3876 3742 offensam

1055 3787 1110 3843 in
1142 3791 1351 3844 tantum
1376 3785 1716 3843 incurrerunt
1738 3785 1882 3858 quod
1920 3785 2158 3858 ipsorum
2186 3782 2635 3856 incorrigibilibus
2663 3784 3061 3857 requirentibus
3091 3784 3399 3842 excessibus
3413 3827 3428 3856 ,
3453 3783 3702 3840 dominus
3738 3797 3876 3854 papa

1056 3887 1202 3958 ipsos
1239 3884 1505 3942 hereticos
1544 3884 1864 3954 decernens,
1909 3881 2131 3940 consilio
2174 3886 2384 3938 maturo
2426 3896 2639 3938 crucem
2692 3898 2816 3938 cum
2860 3882 3097 3939 maxima
3142 3880 3471 3954 indulgentia
3519 3880 3588 3937 ad
3636 3880 3877 3952 ipsorum

1053 3985 1428 4042 exterminium
1469 3984 1731 4059 predicari
1766 3982 2038 4040 mandavit
2044 4023 2150 4039 .....
2182 3986 2375 4040 Datum
2415 3986 2604 4041 Breme
2619 4026 2634 4055 ,
2666 3998 2805 4039 anno
2841 3981 3055 4041 Domini
3080 3981 3484 4050 mccxxxm,
3510 3982 3589 4037 XI
3623 3980 3878 4039 kalendas

1055 4084 1258 4157 aprilis.
1283 4102 1309 4136 n
1335 4083 1419 4140 cf.
1441 4099 1637 4155 supra,
1665 4088 1705 4137 t.
1728 4082 1798 4137 111
1817 4126 1831 4152 ,
1863 4099 1921 4154 p.
1955 4082 2058 4137 497
2087 4087 2143 4138 et
2163 4088 2274 4139 not.
2301 4085 2353 4137 4.

1130 4180 1201 4254 (t)
1239 4179 1403 4252 CuJus
1433 4179 1698 4237 exercitus
1725 4178 1889 4236 duces
1916 4177 2139 4236 aderant
2170 4179 2603 4254 archiepiscopus
2629 4177 2961 4249 Bremensis,
2985 4157 3108 4234 *dux‘
3130 4174 3473 4244 Brahantiae,
3505 4174 3722 4232 comites
3750 4174 3880 4231 Hol-

1056 4275 1296 4345 landiae,
1340 4275 1614 4332 Gelrensis
1652 4281 1707 4331 et
1735 4275 2024 4333 Clevensis.
2065 4275 2169 4344 Qui
2209 4292 2398 4333 omnes
2431 4283 2632 4334 terram
2664 4278 3039 4349 Stadingorum
3071 4273 3231 4331 simul
3262 4273 3578 4330 invaserunt
3610 4272 3696 4328 die
3734 4270 3874 4328 vice-

1055 4376 1192 4435 simo
1216 4372 1446 4446 septimo
1478 4372 1627 4441 maii,
1654 4378 1714 4427 ut
1734 4372 1960 4445 legimus
1984 4389 2075 4447 ap.
2099 4373 2380 4431 Albertum
2406 4373 2718 4433 Stadensem
2733 4419 2747 4446 ,
2772 4375 3034 4433 Emonem
3056 4378 3112 4430 et
3132 4374 3463 4441 meconem,
3494 4376 3550 4427 et
3575 4370 3632 4426 in
3659 4370 3873 4427 Hister.

1056 4475 1336 4546 imperat„
1361 4485 1448 4542 ap.
1474 4469 1752 4526 Mencken.

1128 4569 1199 4643 (2)
1235 4568 1412 4625 Cladis
1449 4567 1622 4624 locum
1650 4565 1970 4624 Oldenesche
1999 4567 2321 4641 (Alteneseh)
2360 4568 2612 4626 Albertus
2644 4570 2916 4629 Stadensis
2940 4575 3110 4629 vocat.
3150 4570 3421 4626 Numerus
3449 4571 3629 4624 autem
3663 4564 3874 4624 Stadiu-

1056 4683 1247 4743 gorum
1273 4666 1569 4724 occisorum
1597 4664 1762 4721 multo
1786 4667 1976 4737 major,
2002 4666 2132 4722 dum
2156 4682 2254 4724 sex
2279 4666 2443 4724 millia
2462 4647 2814 4740 superaverit.
