4500 5956
630 557 826 615 Ικυιοτ.
863 545 983 630 10.]
1518 545 1909 606 HISTORIA
1963 542 2549 606 DIPLOMATIGA.
3318 542 3438 603 927

632 682 776 776 pari
814 690 887 753 et
919 678 1217 773 gratuita
1269 678 1624 750 voluntate
1658 678 1730 747 in
1778 676 2160 750 remedium
2216 676 2596 747 animarum
2640 695 2921 745 suarum
2959 674 3050 746 de
3100 692 3431 748 consensu

631 802 1092 895 legitimorum
1126 799 1463 872 heredum
1498 821 1778 871 suorum
1819 799 2256 871 contulerunt
2294 819 2419 891 per
2452 816 2700 868 manus
2743 796 3079 869 salmanni
3117 799 3441 870 fratribus

629 921 982 1017 hospitalis
1018 922 1265 992 Sancte
1295 920 1505 997 Marie
1538 918 1787 992 domus
1823 919 2396 991 Theutonicorum
2436 918 2506 987 in
2538 917 3029 1005 Nucerinberc,
3062 919 3247 992 bona
3280 941 3431 1010 sua,

629 1043 950 1117 videlicet
1000 1043 1360 1131 macelloe,
1416 1051 1681 1131 curtae,
1733 1049 1801 1114 et
1855 1042 1987 1114 alia
2039 1062 2178 1135 que
2226 1040 2708 1134 possidebant,
2758 1040 2886 1111 sita
2931 1040 3106 1111 infra
3156 1053 3437 1113 stratam

631 1165 975 1260 publicam
1026 1174 1094 1237 et
1132 1165 1489 1236 ecclesiam
1539 1165 1764 1236 Sancti
1809 1163 2121 1235 Mauricii
2164 1162 2365 1255 pleno
2407 1163 2566 1252 jure
2613 1170 2940 1256 perpetuo
2989 1164 3433 1256 possidenda.

629 1288 773 1361 Tali
818 1286 1058 1360 addita
1111 1287 1504 1359 conditione
1554 1295 1633 1358 ut
1678 1284 1888 1358 iidem
1931 1287 2362 1356 Hermannus
2411 1293 2480 1355 et
2531 1303 2709 1354 uxor
2748 1287 2896 1375 ejus
2939 1285 3143 1357 ambo
3190 1288 3442 1380 pariter

630 1412 741 1483 vel
773 1411 942 1483 alter
976 1409 1305 1503 ipmrum,
1348 1418 1502 1504 post
1548 1409 1814 1482 obitum
1855 1408 2162 1496 alterius,
2202 1407 2274 1478 in
2313 1407 2551 1499 vigilia
2583 1406 2974 1479 Nativitatis
3007 1407 3252 1479 Christi
3284 1410 3441 1481 sin-

633 1533 812 1626 gulis
859 1533 1061 1606 annis
1103 1531 1341 1626 quoad
1389 1532 1696 1604 vixerint
1740 1532 1985 1603 libram
2031 1552 2240 1601 unam
2289 1528 2943 1622 Nucerinbergensis
2995 1542 3264 1604 monete
3310 1555 3443 1605 no-

634 1655 816 1727 mine
865 1677 1112 1727 census
1157 1654 1248 1727 de
1296 1654 1460 1750 ipsis
1509 1655 1710 1727 bonis
1756 1655 2023 1727 solvere
2061 1654 2359 1725 debeant
2407 1651 2730 1724 fratribus
2771 1656 3194 1742 memoratis,
3237 1657 3441 1728 nullis

633 1797 868 1849 eorum
900 1776 1301 1868 heredibus,
1339 1798 1517 1871 quos
1549 1797 1735 1848 nunc
1783 1777 2039 1847 babent
2070 1775 2180 1846 vel
2212 1775 2660 1868 imposterum
2691 1775 3090 1866 habuerint,
3130 1777 3223 1849 ad
3258 1778 3445 1852 dicta

635 1900 815 1972 bona
854 1900 995 1971 ullo
1030 1907 1336 1995 tempore
1380 1899 1825 1971 successuris.
1871 1896 2073 1983 Quod
2129 1897 2187 1967 si
2235 1896 2404 1968 alter
2451 1916 2688 1967 eorum
2738 1908 2893 1991 post
2937 1896 3298 1971 decessum
3345 1901 3444 1972 al-

637 2020 848 2093 terius
905 2020 999 2093 ad
1050 2019 1391 2093 secundas
1448 2019 1726 2114 nuptias
1783 2019 2218 2100 convolaret,
2279 2026 2539 2090 extunc
2590 2016 2962 2114 prescripta
3015 2021 3196 2095 bona
3253 2025 3443 2096 nullo

636 2144 861 2216 medio
902 2142 1252 2216 mediante
1300 2144 1589 2216 transire
1632 2142 1890 2216 debent
1925 2141 2018 2215 ad
2056 2144 2296 2213 fratres
2343 2149 2411 2213 et
2455 2141 2641 2213 idem
2698 2142 3058 2237 hospitale,
3109 2143 3324 2217 libera
3380 2159 3451 2218 et

635 2268 878 2339 soluta.
933 2268 1074 2338 Hec
1118 2266 1355 2360 itaque
1406 2275 1613 2362 prout
1657 2287 1886 2338 coram
1921 2264 2124 2337 nobis
2169 2273 2360 2354 acta,
2400 2263 2734 2334 conscribi
2772 2266 3056 2337 fecimus
3105 2276 3173 2339 et
3222 2269 3448 2359 sigillo

636 2397 862 2461 nostre
897 2387 1324 2461 celsitudinis
1351 2387 1680 2461 roborari.

732 2511 952 2603 Hujus
1002 2513 1212 2607 igitur
1244 2513 1344 2585 rei
1384 2521 1589 2584 testes
1630 2520 1793 2584 sunt
1840 2537 1857 2581 ε
1910 2511 2269 2584 Conradus
2309 2509 2659 2605 quondam
2695 2513 3022 2583 scultetus
3059 2513 3285 2585 dictus
3327 2516 3452 2585 Bi-

636 2641 864 2727 genot‚
911 2689 928 2706 .
962 2688 980 2705 .
1011 2689 1028 2706 .
1074 2635 1380 2707 minister
1417 2633 1507 2707 de
1539 2634 1975 2730 Kuoedorps,
2016 2633 2455 2706 Eberhardus
2498 2634 2859 2724 scultetus,
2911 2634 3178 2705 Ulricus
3223 2635 3449 2708 dictus

637 2757 1059 2844 Turbreche,
1099 2757 1507 2831 Bertholdus
1546 2766 1615 2830 et
1661 2755 2023 2830 Cunradus
2063 2756 2433 2839 Scuteloci,
2472 2754 2846 2828 Volkoldus
2880 2754 3062 2827 filius
3089 2757 3441 2847 Volkoldi,

639 2889 706 2950 et
737 2879 854 2951 alii
890 2881 1358 2974 quamplures.

732 3000 983 3075 Actum
1035 3004 1223 3099 apud
1273 3004 1767 3094 Nucerinberc,
1825 3023 2008 3075 anno
2058 3002 2401 3074 dominice
2440 3001 2928 3074 incarnationis
2969 3004 3445 3096 MCCXXXVI,

642 3146 875 3199 mense
906 3126 1318 3215 decembris,
1355 3127 1445 3197 X’
1474 3125 1900 3216 indictionis,
1936 3125 2243 3198 feliciter.
2285 3124 2527 3197 Amen.

1059 3438 2946 3454 ——a———n———m—-ffl—fflss—
2960 3436 3016 3449 .-

751 3726 1148 3810 Conradus
1173 3789 1196 3834 ,
1272 3725 1631 3808 Friderici
1702 3727 2218 3809 Romanorum
2291 3729 2768 3837 imperatoris
2830 3729 3031 3811 filius
3052 3789 3076 3834 ,
3143 3738 3460 3813 testatur

646 3856 1080 3941 Conradum
1125 3857 1680 3967 butegelarium
1716 3859 1813 3940 de
1845 3857 2269 3941 Nurinberc
2285 3918 2306 3961 ,
2349 3859 2790 3941 auctoritate
2842 3858 3079 3967 patris
3124 3860 3241 3942 sui
3282 3861 3458 3942 Fri-

643 3989 873 4071 derici
936 4000 1011 4072 et
1064 4016 1245 4097 sua,
1302 3989 1679 4099 quasdam
1738 4014 1952 4071 areas
2013 3988 2368 4096 hospitali
2415 3989 2734 4072 Sanctae
2785 3991 3063 4073 Mariae
3116 3992 3459 4075 Theuto-

643 4121 988 4205 nicorum
1050 4123 1132 4204 in
1194 4121 1670 4232 Nuremberg
1720 4121 1908 4206 olim
1960 4124 2325 4228 donataS,
2392 4149 2618 4232 super
2681 4123 2966 4232 quibus
3029 4123 3319 4207 Ulricus
3361 4127 3458 4208 de

644 4254 917 4336 Lintha
951 4267 1025 4338 et
1057 4254 1509 4338 Reinmarus
1534 4257 1632 4337 de
1671 4254 2105 4338 Crumbach
2142 4254 2451 4337 nomine
2486 4280 2799 4337 suarum
2825 4280 3152 4337 uxorum
3175 4283 3462 4366 quaes-

644 4387 928 4469 tionem
963 4385 1397 4488 movebant,
1439 4386 1725 4469 eisdem
1764 4385 2128 4470 fratribus
2165 4387 2706 4470 sententialiter
2741 4387 3243 4497 adjudicasse.

813 4594 1001 4675 (Edu.
1031 4613 1127 4676 ap.
1152 4598 1407 4658 Nouum.
1451 4598 1635 4671 Boia,
1663 4603 1709 4658 t.
1756 4598 1959 4673 XXX,
1990 4615 2127 4677 pars
2163 4607 2241 4678 1⁸,
2271 4615 2334 4676 p.
2387 4608 2501 4660 25³
2524 4644 2542 4674 ,
2571 4609 2640 4660 n⁰
2679 4608 2817 4673 745,
2867 4617 2942 4660 ex
2987 4600 3257 4680 originali
3294 4605 3468 4678 cujus
