4500 5956
1082 626 1204 689 596
1996 686 2001 689 ,
2136 617 2482 679 namuel
2540 616 2879 677 SEPTIMI
3542 619 3704 697 [Anu.
3745 620 3918 683 1232.

1091 757 1548 854 cognovimus
1579 777 1673 828 ex
1702 755 1921 828 relatu
1953 752 2147 849 quod
2179 752 2559 849 prelibatus
2587 751 2957 848 episcopus
2994 750 3086 825 ad
3123 764 3615 827 nocumentum
3651 754 3922 851 pmdic-

1091 891 1314 955 torum
1353 880 1614 952 civium
1658 888 2050 952 nostrorum
2102 883 2503 970 magnatum
2549 897 2633 948 ac
2691 875 3030 949 baronum
3074 876 3270 971 regni
3314 878 3524 952 vestri
3575 879 3919 952 auxilium

1088 1007 1365 1077 invocet
1410 1012 1478 1075 et
1521 1004 1865 1097 requirat,
1905 1000 2368 1074 sinceritatem
2412 1007 2713 1072 vestram
2743 1021 3071 1094 rogamus
3097 1020 3258 1072 cum
3293 1001 3619 1076 instantia
3653 1013 3725 1077 et
3757 1024 3919 1076 mo-

1082 1150 1328 1201 nemus
1355 1136 1700 1222 quatenus
1727 1125 2078 1221 sepedicto
2109 1120 2437 1219 episcopo
2473 1132 2711 1195 contra
2749 1144 2876 1196 nos
2909 1131 2980 1197 et
3022 1125 3339 1198 comitem
3385 1126 3788 1199 Barrensem
3835 1147 3918 1199 ac

1082 1250 1273 1322 cives
1315 1251 1655 1322 Metenses
1703 1249 1975 1320 nullum
2025 1267 2309 1342 prorsus
2351 1246 2718 1319 consilium
2772 1247 2884 1319 vel
2941 1247 3283 1320 auxilium
3334 1247 3749 1344 impendatis
3797 1260 3916 1321 aut

1076 1373 1476 1445 hominibus
1503 1372 1702 1466 regni
1735 1371 1943 1445 vestri
1971 1368 2375 1465 impendere
2408 1369 2846 1464 permittatis,
2902 1370 3226 1444 memorie
3270 1382 3502 1446 nostre
3552 1372 3916 1445 salubriter

1076 1507 1480 1570 revocantes
1515 1496 1706 1589 quod
1717 1545 2457 1566 ..........

1176 1618 1476 1717 [Henrici
1502 1620 1880 1690 litterarum
1902 1617 2053 1710 finis
2079 1617 2343 1689 omnino
2372 1614 2794 1688 desideratur
2823 1615 2884 1713 (1
2903 1613 2988 1713 ).]

1175 1743 1352 1829 Quia
1384 1742 1598 1835 igitur
1624 1741 1936 1837 predicto
1955 1741 2105 1834 regi
2135 1740 2369 1812 stricto
2393 1740 2584 1836 pacis
2600 1749 2672 1813 et
2697 1740 3003 1813 amicitie
3034 1738 3267 1814 sedere
3291 1749 3605 1814 tenemur
3628 1740 3908 1830 astricti,

1077 1867 1283 1955 vobis
1314 1868 1730 1941 mandamus
1775 1875 1846 1940 et
1895 1866 2292 1939 inhibemus
2328 1887 2419 1939 ne
2464 1875 2700 1939 contra
2747 1864 3070 1940 eumdem
3108 1887 3342 1960 regem
3377 1866 3490 1938 vel
3526 1865 3914 1962 predictum

1078 1993 1394 2066 comitem
1449 1993 1636 2063 Barri
1701 2013 1825 2064 seu
1885 1991 2076 2064 cives
2120 1990 2457 2064 Metenses
2514 1991 2881 2064 consilium
2935 1990 3047 2063 vel
3096 1990 3439 2063 auxilium
3501 1989 3915 2085 impendatis

1080 2118 1410 2215 episcopo
1446 2126 1843 2189 memorate.

1179 2240 1426 2313 Actum
1484 2239 1676 2336 apud
1731 2241 2055 2312 Sanctum
2103 2238 2522 2310 Germanum
2576 2238 2648 2309 in
2701 2240 2921 2334 Laya,
2991 2259 3175 2312 anno
3224 2238 3501 2311 Domini
3552 2237 3912 2311 millesimo

1085 2364 1558 2438 ducentesimo
1585 2362 1938 2457 trigesimo
1973 2360 2316 2454 secunde,
2358 2383 2595 2434 mense
2623 2362 2968 2454 januario.

1081 2669 1244 2728 modo
1272 2667 1573 2744 [Henricus]
1604 2683 1787 2725 comes
1824 2667 1972 2725 Barri
2003 2667 2319 2742 episcopum
2345 2667 2582 2725 deseruit
2605 2709 2620 2738 ,
2667 2673 2722 2724 et
2746 2666 3014 2725 mediante
3055 2667 3281 2741 pecunia
3305 2666 3634 2725 Metensibus
3651 2682 3789 2738 quos
3813 2666 3914 2723 im·

1073 2766 1350 2843 pugnabat
1386 2764 1761 2823 reconciliatus
1801 2769 1857 2822 et
1896 2764 1974 2821 eis
2015 2764 2340 2835 associatus,
2379 2763 2548 2821 multa
2574 2770 2752 2822 castra
2791 2763 2910 2821 urbi
2943 2763 3211 2821 contraria
3248 2762 3459 2837 dejecit.
3500 2764 3826 2838 Episcopum
3855 2771 3910 2820 et

1077 2865 1268 2922 ducem
1294 2864 1619 2920 Matthaeum
1642 2868 1894 2936 nepotem
1919 2877 2075 2919 suum
2109 2861 2471 2936 impugnavit,
2505 2861 2676 2919 donec
2697 2861 2805 2918 dux
2835 2862 2952 2936 ipse
2981 2861 3164 2918 relicto
3187 2860 3466 2935 episcope,
3497 2860 3565 2917 de
3591 2862 3910 2919 necessitate

1075 2961 1450 3020 reconciliatus
1473 2966 1559 3019 est
1580 2959 1871 3031 avunculo,
1905 2966 1963 3017 et
1987 2960 2063 3017 ita
2091 2960 2265 3017 lactus
2293 2966 2377 3017 est
2402 2959 2656 3018 Metensis
2682 2958 2913 3033 adjutor.
2939 2978 2966 3012 n
2989 2959 3252 3017 Amnum.
3280 2960 3624 3017 Tamuronr.
3643 3003 3657 3032 ,
3689 2959 3757 3017 ad
3780 2975 3907 3016 ann.

1080 3061 1251 3128 ⁴232,
1300 3075 1389 3131 ap.
1420 3059 1711 3128 Lmnmrz,
1759 3059 1988 3129 Access.,
2037 3065 2168 3114 tom.
2210 3059 2278 3113 11.
2325 3057 2511 3114 Castra
2548 3064 2728 3114 autem
2773 3058 2841 3114 de
2864 3056 3064 3130 quibus
3087 3057 3229 3132 apud
3259 3057 3564 3115 Albericum
3599 3058 3801 3115 mentio
3821 3056 3907 3129 fit,

1081 3161 1236 3211 erant
1261 3155 1403 3211 dicta
1434 3154 1719 3226 Florange,
1764 3155 1949 3228 Virey,
1982 3153 2295 3210 Neufcbatel
2339 3160 2392 3211 et
2427 3155 2624 3229 Sancy.
2663 3153 2829 3212 Paulo
2873 3161 2996 3228 post
3037 3154 3145 3211 dux
3191 3153 3590 3228 Lotharingiae,
3637 3153 3912 3210 Bari-ensis

1080 3267 1264 3309 comes
1294 3256 1350 3307 et
1384 3252 1654 3308 Metenses
1679 3251 1994 3309 coadunatis
2033 3251 2238 3309 viribus
2271 3260 2509 3309 castrum
2538 3251 2716 3309 Sancti
2743 3251 3001 3309 Germani
3029 3253 3083 3308 vi
3115 3258 3395 3327 ceperunt.
3419 3251 3566 3309 Bello
3594 3258 3773 3308 tamen
3802 3267 3909 3323 quo

1077 3347 1283 3405 tamdiu
1321 3352 1506 3420 partes
1532 3347 1667 3404 istae
1690 3348 2031 3419 ferbuerant,
2061 3349 2185 3407 finis
2208 3366 2350 3407 anno
2386 3350 2524 3408 ⁴234
2553 3348 2802 3423 imposita
2828 3355 2929 3407 est.
2960 3347 3041 3406 Cf.
3072 3350 3398 3422 Ducnsssun,
3427 3348 3572 3404 Hist.
3600 3347 3663 3404 de
3690 3349 3825 3416 Bar,
3854 3353 3909 3404 et

1080 3444 1232 3504 nist.
1262 3442 1325 3500 de
1356 3445 1497 3501 Μαι
1514 3460 1624 3518 par
1651 3444 1742 3501 des
1763 3446 1921 3519 reliq.
1955 3445 2300 3514 benedictina,
2323 3452 2364 3502 t.
2391 3447 2483 3518 111,
2509 3446 2730 3519 passim.

1153 3542 1225 3613 (4)
1261 3541 1438 3610 Quum
1462 3540 1516 3596 in
1546 3541 1701 3615 copia
1725 3541 1814 3599 bic
1839 3542 2045 3615 legatur
2074 3564 2101 3597 α
2135 3543 2353 3600 defi-chire
2379 3558 2474 3599 sur
2506 3542 2795 3617 l'original,
2827 3563 2853 3595 n
2880 3560 3049 3617 pauca
3085 3544 3368 3601 admodum
3409 3559 3535 3618 spes
3565 3550 3809 3600 remanet
3841 3542 3911 3601 de

1076 3639 1412 3715 reperiendis
1450 3638 1665 3697 aliunde
1704 3639 2092 3713 chronologicis
2114 3641 2275 3698 notis.
2306 3641 2534 3697 Litteras
2569 3647 2747 3700 tamen
2779 3642 2921 3699 circa
2944 3658 3145 3699 annum
3172 3645 3309 3699 ⁴232
3347 3647 3629 3698 exeuntem
3645 3681 3660 3710 ,
3690 3645 3806 3695 tum
3840 3654 3908 3696 ex

1076 3754 1257 3797 rerum
1294 3738 1435 3794 serie
1454 3780 1468 3808 ,
1495 3745 1612 3794 tum
1649 3755 1717 3795 ex
1746 3738 1866 3812 ipso
1912 3737 2168 3796 Ludovici
2204 3739 2331 3795 noni
2375 3738 2655 3809 mandato,
2701 3756 2807 3797 non
2850 3739 3031 3812 inepte
3072 3739 3406 3814 reponendas
3445 3753 3565 3794 esse
3599 3752 3901 3794 censemus

1074 3836 1376 3896 Ludovicus
1416 3838 1582 3908 enim,
1613 3853 1755 3896 anno
1791 3844 1975 3896 nostra
2006 3837 2400 3911 computatione
2426 3839 2564 3896 ⁴233
2592 3837 2828 3907 ineunte,
2860 3836 3003 3912 apud
3035 3837 3292 3896 Sanctum
3323 3836 3652 3893 Germanum
3678 3836 3733 3891 in
3761 3835 3907 3909 Laya

1078 3951 1268 3992 revera
1295 3935 1628 3993 morabatur.
