4500 5956
1076 632 1198 694 903
2071 618 2500 679 nmmum
2549 620 2894 682 SECUNDI
3513 623 3877 707 [Ακκ.1236.

1078 769 1210 838 sub
1246 761 1548 835 Ecclesie
1578 760 1854 832 nomine
1896 757 2240 851 postulant
2276 778 2314 826 a
2365 757 2699 850 suspectis
2725 757 2798 827 in
2841 755 3006 846 fide,
3053 758 3235 828 bona
3272 756 3576 829 fidelium
3613 769 3878 831 nostro·

1076 912 1267 974 rum,
1317 886 1517 959 villas
1561 892 1629 954 et
1677 890 1900 953 castra
1944 900 2072 973 pro
2122 877 2487 950 securitate
2524 879 2656 949 sibi
2700 879 3036 972 assignari
3082 890 3474 972 procurant.
3520 880 3632 950 Sic
3685 883 3886 952 frater

1077 1016 1371 1085 Ioannes
1408 1009 1478 1078 in
1528 1005 1831 1077 marchia
1869 1002 2239 1075 Veronensi
2279 1003 2514 1073 castris
2557 1004 2853 1098 acceptis
2897 1024 2973 1073 se
3019 1002 3270 1074 ducem
3320 1004 3589 1075 Verone
3624 1013 3693 1075 et
3728 1025 3883 1076 rcc-

1079 1148 1294 1206 torem
1331 1137 1735 1225 perpetuum
1783 1127 1855 1197 in
1909 1126 2053 1196 suis
2101 1123 2344 1194 litteris
2387 1125 2678 1217 propriis
2714 1125 3125 1219 appellabat.
3168 1126 3282 1196 Sic
3316 1126 3387 1195 in
3426 1123 3678 1220 Apulia
3722 1127 3878 1219 qui·

1078 1260 1237 1330 dam
1276 1255 1481 1326 frater
1523 1271 1879 1324 assumens
1916 1270 1958 1319 a
1998 1269 2366 1343 puerorum
2422 1248 2858 1341 simplicitate
2906 1247 3391 1343 primordium,
3443 1250 3587 1339 jam
3637 1250 3882 1322 multos

1075 1380 1332 1453 ibidem
1368 1377 1500 1449 sub
1532 1375 1792 1447 vexillo
1825 1372 2106 1466 proprio
2160 1379 2607 1463 congregarat
2637 1369 2765 1467 (l).
2808 1372 2952 1442 Hoc
2986 1373 3114 1443 etsi
3142 1372 3304 1443 boni
3339 1373 3507 1444 forte
3537 1373 3626 1444 sit
3665 1373 3874 1461 zeluS,

1074 1504 1244 1597 quia
1300 1512 1529 1572 tamen
1580 1496 1738 1568 mali
1786 1494 2084 1587 speciem
2144 1514 2284 1564 non
2337 1493 2584 1583 evitat,
2625 1485 2860 1586 procul
2909 1493 3125 1565 dubio
3165 1495 3498 1586 jussimus
3546 1495 3874 1582 inhiberi;

1073 1625 1413 1721 predicari
1468 1628 1945 1693 verumtamen
1976 1617 2267 1688 verbum
2298 1617 2456 1704 Dei,
2488 1615 2870 1689 dummodo
2920 1618 3380 1711 predicatores
3425 1617 3678 1689 finibus
3724 1640 3878 1712 pro-

1074 1749 1240 1842 priis
1287 1747 1426 1816 sint
1477 1742 1821 1829 contenti,
1851 1741 2140 1812 libenter
2190 1740 2437 1811 nostris
2473 1738 2796 1812 fidelibus
2848 1740 3291 1813 concedimus
3331 1749 3398 1811 et
3438 1741 3673 1832 nobis;
3724 1762 3876 1836 per·

1070 1893 1274 1945 sonas
1337 1870 1538 1940 etiam
1600 1877 1983 1938 nostrorum
2046 1865 2355 1936 fidelium
2413 1886 2590 1957 quos
2653 1866 2945 1938 carioroe
2998 1865 3376 1953 habemus,
3434 1865 3877 1937 libentissime

1068 1998 1390 2069 volumus
1454 1992 1587 2063 sub
1650 1990 1873 2061 crucis
1927 1988 2283 2081 signaculo
2337 1988 2542 2057 Terre
2611 1989 2856 2060 Sancte
2920 1987 3251 2061 subsidiis
3308 1988 3639 2081 obligari3
3701 1989 3877 2060 bona

1068 2128 1297 2191 tamen
1334 2118 1636 2210 ipsorum
1671 2133 1964 2205 quorum
1995 2111 2522 2182 subventionem
2561 2110 2866 2204 predicto
2905 2112 3181 2204 negotio
3211 2112 3401 2205 quod
3432 2121 3537 2183 est
3570 2121 3874 2183 nostrum

1067 2262 1195 2337 pro
1221 2251 1527 2333 tempore
1562 2255 2021 2323 reservamus,
2072 2233 2494 2325 requisitioni
2539 2242 2770 2306 nostre
2816 2235 3291 2327 relinquimus,
3324 2233 3497 2305 illud
3533 2234 3877 2328 inelegans

1065 2371 1460 2459 reputantes
1496 2370 1563 2431 et
1613 2358 1913 2452 reputari
1959 2356 2318 2427 credentes
2363 2378 2405 2428 a
2454 2356 2654 2427 vobis
2702 2358 2761 2427 si
2800 2378 3218 2451 quacunque
3275 2357 3635 2429 occasione
3687 2359 3877 2429 laicis

1064 2487 1311 2560 nostris
1365 2484 1642 2556 collecte
1683 2480 1795 2551 vel
1833 2479 2270 2550 collectarum
2315 2479 2579 2573 species
2623 2501 2746 2573 per
2795 2480 3076 2550 clericos
3115 2479 3529 2552 indicantur.
3579 2480 3874 2551 Verbum

1060 2622 1289 2684 autem
1323 2606 1413 2680 de
1449 2602 1834 2677 christianis
1872 2603 1943 2671 in
1991 2622 2205 2694 regno
2253 2622 2676 2696 paganorum
2714 2602 3019 2673 dominio
3059 2603 3163 2672 vel
3203 2601 3663 2692 jurisdictioni
3706 2604 3870 2674 sub-

1051 2733 1294 2829 jectis,
1344 2728 1600 2801 nostris
1645 2724 2315 2797 detestabilissimum
2368 2724 2654 2795 auribus
2703 2724 3156 2813 haberemus,
3213 2724 3347 2794 nisi
3404 2724 3571 2817 quia
3620 2725 3790 2796 illud
3829 2747 3875 2797 a

1059 2856 1344 2929 veritate
1397 2872 1677 2947 prorsus
1724 2869 1875 2921 esse
1930 2847 2411 2939 cognoscimus
2458 2847 2796 2937 alienum3
2847 2856 2968 2918 aut
3013 2847 3072 2917 si
3115 2856 3272 2940 post
3319 2868 3660 2919 recessum
3707 2869 3874 2920 nos-

1057 2990 1237 3051 trum
1313 2975 1447 3048 hoc
1511 2973 1800 3066 aliquis,
1842 2971 2033 3065 quod
2096 2971 2375 3042 omnino
2454 2992 2593 3042 non
2664 2969 3049 3060 credimus,
3115 2980 3619 3066 attemptasset,
3682 2972 3871 3065 quod

1059 3124 1197 3174 non
1230 3098 1375 3195 (sic)
1411 3107 1804 3190 attemptata
1838 3095 2243 3190 displiceant
2279 3095 2589 3169 vindicte
2612 3094 2956 3186 judicium
3008 3095 3369 3168 indicabit.
3395 3095 3599 3179 Quod
3640 3105 3865 3168 autem

1060 3233 1296 3296 cont-ra
1339 3222 1528 3316 pacis
1559 3219 1792 3291 federa
1828 3218 2094 3290 nobiles
2138 3219 2211 3288 in
2259 3220 2570 3311 personis
2610 3228 2733 3290 aut
2773 3220 2974 3291 bonis
3006 3220 3095 3291 ab
3127 3221 3363 3313 aliquo
3396 3220 3857 3309 molestantur,

1059 3369 1151 3419 ex
1182 3368 1265 3418 eo
1298 3345 1538 3416 saltem
1571 3343 1773 3413 nobis
1812 3341 2361 3413 manifestissime
2399 3342 2747 3435 percipere
2783 3343 3063 3435 potestis
3106 3343 3451 3436 ingratum
3494 3343 3685 3436 quod
3727 3343 3866 3415 hu-

1052 3468 1356 3563 jusmodi
1393 3466 1723 3537 scelerum
1753 3473 2128 3558 patratores
2164 3465 2325 3556 qui,
2366 3463 2534 3535 dum
2583 3464 2854 3558 placere
2904 3465 3104 3536 nobis
3147 3466 3518 3559 opinantur
3558 3487 3651 3537 ex
3686 3464 3856 3555 fide,

1055 3602 1287 3666 nostre
1323 3590 1482 3663 fidei
1526 3586 1928 3675 detrahunt,
1972 3586 2472 3680 subsequenter
2514 3587 2711 3680 gravi
2749 3587 3234 3659 mandavimus
3269 3587 3866 3661 animadversione

1057 3717 1327 3814 puniri,
1368 3722 1438 3784 et
1477 3712 1568 3784 ad
1601 3731 1880 3806 presens
1914 3730 2039 3803 per
2073 3710 2349 3781 iteratos
2387 3719 2614 3782 nostre
2649 3710 3077 3782 celsitudinis
3107 3710 3338 3804 apices
3373 3711 3677 3783 districte
3710 3732 3864 3806 pre-

1056 3842 1353 3937 cipimus
1385 3835 1559 3909 illud
1596 3834 1811 3908 idem.
1848 3836 2485 3906 Beneventanorum
2523 3834 2814 3925 injurias
2862 3834 3042 3906 sicut
3084 3833 3519 3906 dissimulare
3557 3856 3691 3906 non
3733 3855 3868 3907 vo-

1056 3969 1312 4056 lumuS,
1363 3963 1464 4035 sic
1494 3963 1610 4052 jus
1646 3967 1955 4031 nostrum
1992 3957 2065 4028 in
2104 3958 2206 4030 eis
2235 3956 2428 4051 quod
2457 3957 2659 4029 nobis
2694 3957 3254 4051 predecessorum
3291 3966 3680 4029 nostrorum
3711 3979 3866 4028 suc·

3101 4138 3148 4147 .—

1129 4245 1203 4316 (4)
1240 4244 1374 4299 Rem
1395 4239 1565 4297 fusius
1586 4246 1772 4295 narrat
1786 4239 1931 4295 Ricc.
1951 4237 2019 4294 de
2039 4239 2096 4295 S.
2122 4236 2407 4307 Germano,
2422 4240 2483 4292 ut
2503 4236 2769 4309 sequitur:
2787 4257 2814 4290 α
2834 4236 3036 4293 Eodem
3055 4251 3244 4292 mense
3263 4236 3415 4308 junio
3433 4236 3475 4308 (4
3485 4235 3635 4308 233),
3651 4234 3865 4310 quidam

1059 4342 1225 4397 frater
1246 4337 1396 4394 mili
1418 4341 1691 4394 contectus
1714 4336 1944 4407 tegmine
1960 4340 2211 4406 tanquam
2234 4335 2303 4390 de
2319 4333 2504 4390 ordine
2525 4332 2747 4389 fratrum
2770 4333 3055 4401 minorum,
3070 4333 3138 4389 ad
3159 4332 3415 4389 Sanctum
3432 4333 3757 4391 Germanum
3772 4348 3864 4388 ve-

1056 4437 1210 4492 niens
1234 4449 1358 4491 cum
1383 4447 1552 4489 cornu
1578 4432 1808 4504 quodam
1830 4430 2163 4488 convocabat
2180 4430 2456 4503 populum,
2485 4434 2541 4485 et
2563 4428 2671 4485 alta
2697 4445 2831 4486 voce
2852 4427 3103 4486 cantabat
3126 4429 3284 4486 tertio
3306 4428 3574 4500 Alleluia3
3600 4436 3659 4485 et
3681 4443 3864 4488 omnes

1055 4528 1784 4603 respondebantAlleluia,et
1800 4528 1913 4600 ipse
1935 4532 2322 4600 consequenter
2346 4526 2557 4582 dicebat
2586 4525 2929 4597 :Benedictu,
2953 4524 3178 4581 laudata
3200 4533 3250 4581 et
3272 4524 3580 4598 ylorificatu
3606 4525 3664 4581 lu
3680 4527 3859 4582 Patre.

1053 4626 1373 4696 Benedicta,
1404 4623 1629 4680 laudata
1651 4630 1700 4679 et
1718 4624 2022 4697 glorificata
2046 4623 2105 4678 lu
2132 4623 2296 4679 Fillu.
2326 4623 2639 4691 Benedicta,
2667 4621 2891 4679 laudata
2913 4628 2963 4678 et
2986 4622 3292 4695 ylorificatu
3317 4620 3373 4678 lu
3392 4622 3615 4694 Spiritu
3635 4620 3859 4678 Sancta.

1050 4724 1307 4788 Alleluia.
1336 4721 1581 4779 Gloriosa
1605 4719 1846 4778 domina.
1876 4721 1989 4777 I-loc
2015 4719 2156 4775 idem
2189 4719 2296 4776 alta
2322 4736 2454 4777 voce
2478 4719 2925 4793 respondentibus
2955 4718 3139 4792 pueris
3163 4719 3257 4791 qui
3296 4723 3450 4775 erant
3475 4724 3807 4791 praesentes.
3830 4736 3857 4769 ι
