4500 5956
981 604 1106 668 834
1980 607 2407 672 anssmcl
2461 608 2811 671 SECUNDI
3426 611 3588 690 [An.
3626 611 3797 676 1236.

990 738 1253 813 tificum
1291 740 1405 813 vel
1441 740 1861 836 principum,
1917 742 2264 817 oblatione
2316 743 2624 819 fidelium
2678 765 2804 816 seu
2856 742 3015 816 aliis
3062 742 3286 818 modis
3319 746 3464 819 Deo
3511 748 3805 844 propitio

989 862 1236 958 poterit
1270 861 1587 957 adipisci,
1630 863 1828 937 firma
1863 874 1933 936 et
1963 866 2222 941 illibata
2255 868 2389 963 ipsi
2422 875 2889 963 permaneant.
2930 866 3008 938 In
3042 867 3301 959 quihus
3339 867 3470 941 hec
3508 871 3806 965 propriis

988 986 1321 1060 duximus
1365 988 1825 1082 exprimenda
1861 989 2249 1082 vocabulis,
2288 991 2552 1064 scilicet
2593 991 2759 1063 villa
2803 997 2874 1062 et
2930 989 3218 1064 ecclesia
3264 991 3806 1066 Paterniacensis

988 1133 1147 1183 cum
1184 1109 1472 1184 decimis
1502 1120 1570 1184 et
1610 1112 1854 1186 ceteris
1894 1113 2346 1209 pertinentiis,
2388 1115 2578 1188 curia
2612 1114 2702 1186 de
2739 1113 3023 1188 Kercers
3051 1122 3123 1186 et
3164 1114 3450 1187 ecclesia
3486 1137 3648 1188 cum
3677 1115 3800 1189 de·

986 1234 1182 1306 cimis
1188 1287 1933 1311 ..........
1975 1235 2101 1333 (a),
2141 1238 2335 1311 curia
2377 1238 2467 1311 de
2509 1238 2788 1310 Puliaoo
2826 1236 2930 1333 (1)
2976 1258 3137 1309 cum
3187 1238 3615 1332 pertinentiis
3655 1241 3802 1313 suis

984 1368 1050 1431 et
1097 1359 1386 1431 ecclesia
1438 1380 1596 1430 cum
1653 1359 1978 1450 decimis,
2041 1361 2205 1433 villa
2256 1360 2345 1434 de
2393 1362 2650 1434 Balmis
2698 1359 2796 1456 (2)
2849 1381 3009 1432 cum
3059 1361 3488 1454 pertinentiis
3540 1363 3687 1435 suis
3734 1371 3802 1435 et

984 1483 1273 1555 ecclesia
1309 1504 1466 1555 cum
1498 1482 1811 1574 decimiS‚
1841 1485 2130 1557 ecclesia
2156 1484 2247 1557 de
2277 1484 2458 1558 Urba
2494 1486 2596 1580 (3)
2627 1507 2787 1557 cum
2823 1484 3112 1557 decimis
3144 1483 3234 1557 ad
3265 1506 3417 1557 eam
3454 1486 3801 1580 pertinen-

984 1605 1196 1695 tibus,
1245 1605 1437 1676 curia
1482 1602 1572 1676 de
1605 1605 1980 1679 Privissino
2007 1608 2096 1703 (b)
2147 1630 2304 1679 cum
2360 1609 2779 1703 appenditiis
2822 1607 3005 1698 suis,
3048 1608 3214 1680 villa
3261 1616 3330 1679 et
3375 1609 3665 1681 ecclesia
3712 1607 3801 1681 de

985 1728 1301 1800 Ornacho
1351 1726 1452 1822 (t)
1500 1750 1658 1800 cum
1706 1731 2137 1824 pertinentiis
2182 1733 2356 1804 suis.
2410 1733 2529 1805 Illa
2571 1733 2778 1805 etiam
2827 1753 2966 1826 qne
3015 1732 3429 1804 venerabilis
3469 1732 3617 1804 dux
3665 1733 3799 1805 Ro·

986 1852 1221 1924 dulsus
1268 1862 1807 1947 sepememorate
1862 1855 2153 1928 ecclesie
2197 1857 2270 1928 in
2322 1857 2659 1929 territorio
2695 1856 2956 1929 Alsatie
3002 1856 3291 1929 contulit
3335 1856 3524 1949 regia
3563 1865 3801 1929 aucto—

982 1975 1180 2047 ritate
1207 1974 1647 2048 corroborare
1679 1976 2142 2069 decrevimu8‚
2173 1979 2433 2050 curiam
2473 1978 2801 2052 videlicet
2819 1978 3455 2052 Columbariensem
3482 1999 3797 2050 unacum

980 2096 1295 2185 edificiis,
1347 2098 1743 2193 mancipiis,
1788 2101 1990 2173 terris
2036 2102 2239 2174 cultis
2274 2112 2346 2175 et
2373 2103 2654 2175 incultis
2691 2112 2762 2175 et
2791 2124 3037 2175 earum
3068 2100 3497 2189 redditibus,
3538 2101 3799 2173 curiam

983 2221 1072 2294 de
1117 2221 1513 2294 Hittinheim
1552 2244 1711 2294 cum
1749 2224 2173 2317 pertinentiis
2208 2227 2391 2316 suis,
2433 2235 2647 2299 terras
2680 2235 2749 2300 et
2776 2227 3022 2299 vineas
3056 2247 3232 2320 quas
3265 2224 3629 2297 Luzelinus
3655 2224 3801 2298 vil-

979 2346 1155 2417 licus
1206 2354 1277 2419 et
1336 2367 1591 2420 uxores
1648 2349 1796 2438 ejus
1847 2350 2146 2444 Hymeza
2211 2364 2282 2423 et
2336 2352 2630 2424 Richeza
2700 2350 3066 2425 dederunt.
3120 2352 3207 2421 Et
3261 2359 3340 2420 nt
3388 2348 3517 2421 hec
3570 2348 3802 2420 omnia

974 2478 1207 2542 eterna
1252 2470 1406 2563 lege
1450 2471 1747 2570 valitura
1792 2472 2140 2568 sepedicte
2195 2475 2484 2548 ecclesie
2537 2475 2775 2568 ibique
2828 2477 2973 2548 Deo
3030 2472 3487 2547 servientibus
3534 2481 3680 2544 rata
3733 2481 3802 2545 et

973 2593 1382 2666 inconcussa
1440 2605 1922 2689 permaneant,
1988 2608 2374 2690 presentem
2432 2599 2759 2694 paginam
2807 2598 3212 2672 auctoritate
3267 2603 3498 2668 nostra
3554 2593 3801 2666 confir-

972 2724 1227 2789 matam
1255 2716 1462 2808 sigilli
1501 2720 1716 2791 nostri
1762 2720 2214 2815 impressione
2252 2721 2569 2813 insigniri
2602 2722 2975 2815 jussimus,
3032 2719 3438 2814 adjicientes
3487 2727 3571 2791 ut
3613 2718 3803 2790 nulla

971 2863 1178 2935 parva
1241 2862 1584 2935 magnave
1651 2863 1944 2938 persona
1997 2853 2250 2918 temere
2311 2855 2547 2919 contra
2596 2866 2750 2919 eam
2825 2846 3067 2919 venire
3133 2852 3510 2941 presumat.
3597 2840 3803 2926 Quod

971 2965 1031 3039 si
1074 2966 1228 3060 quis
1271 2988 1426 3039 eam
1471 2968 1835 3041 temerario
1866 2991 2046 3043 ausu
2080 2967 2369 3064 aggredi
2406 2969 2889 3066 temptaverit,
2932 2968 3121 3064 regio
3165 2969 3399 3042 banno
3451 2966 3804 3059 subjaceat

976 3098 1045 3162 et
1106 3092 1179 3162 in
1237 3092 1387 3183 ejus
1455 3092 1949 3186 compositione
2008 3102 2283 3165 centum
2328 3094 2542 3166 libras
2606 3094 2761 3167 auri
2821 3114 3096 3166 camere
3140 3101 3373 3165 nostre
3424 3091 3795 3187 persolvat.

981 3214 1212 3286 Testes
1265 3214 1725 3287 interfuerunt
1773 3236 2069 3310 quorum
2116 3217 2403 3289 nomina
2462 3218 2932 3290 subternotata
2976 3224 3355 3290 cernuntur
3391 3239 3410 3286 ε
3455 3211 3803 3286 Amoldus

981 3336 1401 3410 coloniensis
1487 3338 2046 3435 archiepiscopus
2065 3393 2086 3431 ‚
2150 3342 2570 3414 Humbertus
2631 3340 3137 3414 Bisuntinensis
3197 3336 3757 3433 archiepiscopus
3778 3388 3798 3423 ,

981 3459 1333 3534 Amedeus
1380 3463 1885 3535 Lausannensis
1935 3464 2334 3559 episcopus,
2392 3465 2696 3538 Ortlibus
2746 3463 3144 3537 Basiliensis
3185 3461 3587 3557 episcopus,
3640 3461 3805 3533 Her·

983 3606 1281 3659 mannus
1327 3586 1866 3659 constantiensis
1911 3589 2319 3685 episcopus,
2377 3588 2714 3662 Henricus
2769 3588 2925 3661 dux
2981 3588 3320 3673 Saxonie‚
3372 3586 3806 3657 Her-mannus

984 3710 1289 3785 marchio
1336 3712 1427 3791 de
1487 3712 1790 3786 saxonia
1808 3766 1830 3805 ,
1893 3710 2243 3786 Amedeus
2291 3735 2521 3788 comes
2578 3712 3046 3787 Gebennensis
3062 3765 3083 3803 ,
3132 3710 3530 3783 Willermus
3577 3726 3808 3780 eomes

1068 3885 1154 3967 (a)
1193 3886 1539 3952 Guichenon
1562 3889 1665 3950 hle
1693 3890 1860 3951 addit
1887 3890 2062 3952 totius
2071 3887 2346 3970 parochie
2371 3896 2428 3952 et
2451 3890 2649 3953 ceteris
2672 3885 3052 3970 appendiciis,
3082 3901 3234 3965 quae
3256 3888 3321 3945 in
3343 3881 3680 3961 apographo
3699 3881 3804 3942 de·

981 3994 1334 4056 siderentur.

1070 4098 1151 4179 (b)
1194 4100 1313 4178 Ap.
1347 4100 1693 4163 Guichenon
1719 4101 2032 4163 Per-ursino
2062 4100 2235 4179 (olim
2264 4099 2622 4179 Pthii-sim).

1061 4362 1133 4437 (4)
1172 4363 1375 4421 Forsan
1394 4363 1571 4436 Pully,
1593 4365 1747 4422 vicus
1763 4364 1977 4421 dimidia
2000 4364 2134 4422 hora
2155 4365 2360 4422 distans
2378 4364 2448 4421 ab
2469 4364 2603 4421 urbe
2627 4365 2925 4420 Lausanna.
2942 4360 3141 4419 Extant
3162 4370 3377 4433 quoque
3394 4354 3500 4413 duo
3521 4352 3645 4424 vici,
3665 4364 3805 4408 unus

987 4461 1166 4519 Poliez
1191 4460 1238 4518 le
1263 4462 1480 4531 Grand,
1508 4462 1643 4518 alter
1668 4463 1842 4519 Poliez
1870 4463 1913 4518 lc
1928 4464 2087 4531 Petit,
2112 4464 2166 4519 in
2190 4462 2525 4538 praefectura
2547 4462 2893 4521 Eschallensi.

1057 4558 1129 4630 (2)
1170 4557 1329 4614 Balm
1352 4557 1408 4613 in
1433 4558 1765 4631 praefectura
1790 4559 2072 4633 Laupensi.

1056 4654 1129 4727 (3)
1165 4655 1334 4713 Hodie
1357 4654 1514 4713 orbe.

1054 4751 1129 4827 (t)
1165 4752 1369 4812 Forsan
1392 4752 1563 4826 Omy.
