4500 5956
1047 567 1169 630 578
1948 632 1953 639 ,
2085 565 2431 637 nantuel
2480 562 2816 626 semul
3493 562 3655 641 [Arm.
3690 562 3865 627 1232.

1052 711 1213 773 nata
1273 701 1472 774 nobis
1532 701 1955 798 benignitate
2010 701 2428 776 contulimus
2475 698 2818 791 jurnalem
2873 717 3092 770 unum
3145 703 3327 771 terre
3389 706 3628 795 nostre
3685 699 3872 775 circa

1050 824 1311 896 curiam
1364 845 1601 897 eorum
1646 826 1866 898 Durin
1907 826 2248 918 jacentem
2298 821 2393 897 ad
2426 823 2727 918 ipsorum
2779 820 3044 893 curiam
3091 818 3599 914 ampliandam,
3657 821 3868 898 talem

1051 947 1492 1022 donationem
1532 947 1967 1045 presentibus
1999 947 2235 1023 litteris
2270 946 2518 1020 nostris
2551 954 2623 1018 et
2653 942 2881 1038 sigillo
2913 950 3151 1017 nostro
3189 942 3616 1017 roborantes.

1146 1074 1397 1143 Datum
1447 1071 1639 1168 apud
1693 1071 2268 1147 Frainkinfortum
2290 1126 2308 1157 ,
2360 1089 2542 1142 anno
2589 1066 2953 1140 millesimo
3004 1064 3476 1140 ducentesimo
3521 1065 3868 1143 tricesimo

1050 1193 1393 1287 secunde,
1433 1195 1552 1267 1111
1594 1217 1812 1269 nonas
1858 1195 2137 1291 augusti
2154 1248 2173 1284 ,
2214 1192 2589 1266 indictione
2621 1189 2891 1285 quinta.

664 1820 812 1887 Ἤ
842 1820 855 1836 ·
886 1821 899 1834 ·
935 1818 988 1844 ··
1152 1772 1521 1858 Henricus
1545 1835 1570 1881 ‚
1646 1774 2166 1858 Romanorum
2235 1798 2368 1858 rex
2383 1836 2408 1882 ‚
2484 1772 2946 1858 monasterio
3013 1771 3503 1857 dominarum
3541 1770 3868 1857 'Cister-

1051 1906 1322 1989 ciensis
1385 1905 1677 1989 ordinis
1746 1906 1953 2016 apud
2011 1904 2282 1990 Harste
2343 1905 2603 1989 omnia
2661 1904 2869 1989 bona
2935 1912 3013 1989 et
3081 1903 3597 2013 possessiones
3668 1924 3867 2014 quae

1047 2038 1236 2147 ipsis
1278 2037 1553 2120 collata
1603 2037 1913 2120 fuerunt
1952 2037 2388 2145 confirmat,
2437 2046 2516 2122 et
2558 2036 2942 2121 licentiam
2995 2035 3278 2119 talibus
3329 2034 3866 2120 donationibus

1047 2170 1145 2252 de
1178 2179 1474 2253 caetero
1511 2168 1845 2252 adhibet.

1209 2406 1417 2483 (Edid.
1455 2410 1691 2482 Mssa,
1734 2406 1983 2471 omahr.
2017 2405 2358 2481 caemcnto,
2384 2408 2499 2470 111·
2524 2424 2701 2489 pars,
2727 2407 2996 2487 Ducum„
3022 2416 3091 2470 n·
3122 2413 3260 2481 158,
3296 2421 3375 2467 ex
3401 2407 3573 2484 copta
3600 2405 3786 2482 nun.)

1139 2621 1224 2692 H.
1250 2674 1271 2712 ,
1311 2621 1434 2693 Dei
1470 2620 1692 2712 gratia
1727 2621 2190 2692 Romanorum
2221 2639 2350 2691 rex
2390 2627 2461 2691 et
2492 2638 2765 2713 semper
2799 2627 3171 2712 augustus,
3210 2616 3552 2690 universis
3593 2615 3863 2711 imperii

1042 2743 1299 2840 quibus
1343 2742 1434 2817 he
1467 2743 1689 2817 littere
1731 2753 2003 2816 ostense
2038 2742 2292 2814 fuerint
2323 2742 2612 2837 gratiam
2663 2763 2863 2816 suam
2905 2751 2979 2817 et
3018 2762 3223 2816 omne
3270 2739 3558 2814 bonum.
3597 2739 3710 2812 Ex
3744 2740 3864 2811 in-

1036 2868 1279 2958 juncto
1319 2866 1519 2939 nobis
1556 2865 1781 2939 officio
1813 2874 1882 2939 et
1918 2865 2150 2938 innata
2187 2863 2616 2959 benignitate
2658 2873 2977 2939 tenemur
3001 2864 3128 2938 Dei
3160 2863 3598 2938 ecclesiarum
3636 2860 3865 2935 fidelis

1045 2992 1362 3085 provisor
1414 2990 1713 3062 existere
1778 2999 1849 3063 et
1907 3011 2146 3062 earum
2208 2988 2526 3062 redditus
2579 2987 2671 3062 de
2722 2996 2953 3061 nostre
3014 2987 3345 3082 largitatis
3397 2984 3864 3059 munificentia

1046 3119 1256 3206 prout
1307 3132 1675 3206 possumus
1735 3113 2087 3207 ampliare.
2152 3111 2652 3205 Cognosoentes
2705 3111 2764 3183 si
2817 3109 3101 3206 quidem
3155 3109 3506 3184 defectum
3562 3117 3633 3183 et
3680 3130 3866 3203 pau-

1049 3244 1380 3328 pertatem
1417 3235 1807 3307 monasterii
1855 3245 1925 3308 et
1971 3243 2356 3308 conventus
2393 3235 2827 3308 dominarum
2863 3233 3128 3308 ordinis
3162 3232 3624 3306 cisterciensis
3671 3229 3865 3327 apud

1047 3357 1319 3446 Harma,
1359 3355 1618 3429 eisdem
1651 3359 1882 3430 omnia
1919 3358 2103 3431 bona
2144 3379 2270 3430 seu
2307 3359 2818 3454 possessiones,
2868 3380 2979 3432 res
3013 3357 3303 3431 mobiles
3337 3365 3407 3430 et
3445 3354 3856 3446 immobiles,

1046 3478 1217 3552 alias
1267 3499 1584 3572 quasque
1631 3498 1758 3573 pro
1804 3479 2028 3553 salute
2069 3480 2139 3553 in
2190 3480 2572 3553 remedium
2626 3481 3014 3554 animarum
3061 3499 3350 3551 suarum
3393 3473 3567 3572 ipsis
3603 3485 3864 3550 *contu-

1046 3600 1278 3674 lerunt
1328 3599 1461 3697 (a).
1477 3653 1525 3672 ..
1578 3600 1882 3696 plenarie
1930 3600 2452 3692 confirmamus,
2513 3603 2769 3677 bonam
2814 3611 3119 3677 nostram
3179 3601 3606 3674 voluntatem
3651 3609 3723 3673 et
3770 3597 3866 3670 li·-

1045 3724 1341 3797 centiam
1372 3723 1626 3797 talibus
1658 3723 2143 3798 donationibus
2187 3724 2592 3799 adhibentes
2632 3747 2762 3800 nec
2792 3726 3136 3800 ullatenus
3169 3722 3638 3820 permittentes
3669 3717 3864 3817 qnod

1048 3847 1121 3919 in
1156 3846 1418 3921 eisdem
1462 3846 1667 3921 bonis
1701 3849 1817 3920 vel
1860 3848 1933 3920 in
1966 3847 2128 3922 data
2162 3847 2299 3921 sibi
2348 3847 2468 3921 tali
2505 3850 2941 3946 eleemosyna
2986 3847 3346 3921 occasione
3395 3844 3631 3939 aliqua
3664 3842 3863 3916 inde·

1048 3969 1195 4043 bite
1234 3980 1305 4043 et
1348 3979 1584 4044 contra
1617 3972 1824 4044 talem
1859 3980 2164 4044 nostram
2198 3970 2786 4046 confirmationem
2838 3971 2930 4044 ab
2981 3970 3215 4066 aliquo
3267 3948 3733 4041 molestentur.
3776 3965 3865 4038 Ut

1050 4100 1278 4163 autem
1319 4091 1450 4163 hec
1490 4102 1721 4166 nostra
1763 4093 2043 4167 donatio
2086 4103 2157 4167 et
2200 4094 2627 4169 confirmatio
2672 4095 2745 4166 in
2790 4102 3196 4191 perpetuum
3240 4100 3389 4165 rata
3426 4094 3857 4186 permaneat,

1051 4212 1309 4284 litteras
1356 4224 1623 4285 nostras
1661 4215 1921 4289 eisdem
1966 4216 2378 4291 donavimus
2413 4218 2770 4312 sigillatas.

1154 4336 1403 4407 Datum
1462 4335 1653 4431 apud
1716 4390 2100 4426 ........
2142 4360 2324 4412 anno
2366 4339 2640 4413 Domini
2682 4339 2779 4413 M⁰
2805 4338 2932 4411 CC’
2952 4338 3259 4429 xxx110,
3306 4336 3423 4410 111⁰
3469 4354 3688 4408 nonas
3734 4353 3861 4404 au·

1058 4458 1281 4553 gusti,
1322 4456 1696 4531 indictione
1729 4459 1814 4531 V.

1143 4646 1230 4728 (a)
1271 4645 1573 4722 Quaedam
1597 4652 1669 4712 ut
1697 4648 1930 4712 videtur
1961 4646 2049 4710 ibi
2073 4648 2306 4710 desunt.
