<?xml version="1.0" encoding="UTF-8"?>
<!DOCTYPE html PUBLIC "-//W3C//DTD XHTML 1.0 Transitional//EN"
    "http://www.w3.org/TR/xhtml1/DTD/xhtml1-transitional.dtd">
<html xmlns="http://www.w3.org/1999/xhtml" xml:lang="en" lang="en">
 <head>
  <title>
</title>
<meta http-equiv="Content-Type" content="text/html;charset=utf-8" />
  <meta name='ocr-system' content='tesseract 3.04.00' />
  <meta name='ocr-capabilities' content='ocr_page ocr_carea ocr_par ocr_line ocrx_word'/>
</head>
<body>
  <div class='ocr_page' id='page_1' title='image "./historiadiploma00empegoog_0191.png"; bbox 0 0 4500 5956; ppageno 0'>
   <div class='ocr_carea' id='block_1_1' title="bbox 595 597 3414 681">
    <p class='ocr_par' dir='ltr' id='par_1_1' title="bbox 595 597 3414 681">
     <span class='ocr_line' id='line_1_1' title="bbox 595 597 3414 681; baseline -0.001 -16"><span class='ocrx_word' id='word_1_1' title='bbox 595 608 788 666; x_wconf 66' lang='lat' dir='ltr'>laniet.</span> <span class='ocrx_word' id='word_1_2' title='bbox 823 605 912 681; x_wconf 90' lang='grc'>8.]</span> <span class='ocrx_word' id='word_1_3' title='bbox 1492 601 1883 662; x_wconf 79' lang='lat' dir='ltr'>HISTORIA</span> <span class='ocrx_word' id='word_1_4' title='bbox 1936 597 2534 660; x_wconf 74' lang='lat' dir='ltr'>utpLOMA&#39;rch.</span> <span class='ocrx_word' id='word_1_5' title='bbox 3294 602 3414 661; x_wconf 74' lang='lat'>733</span> 
     </span>
    </p>
   </div>
   <div class='ocr_carea' id='block_1_2' title="bbox 584 732 3411 2067">
    <p class='ocr_par' dir='ltr' id='par_1_2' title="bbox 584 732 3411 2067">
     <span class='ocr_line' id='line_1_2' title="bbox 594 732 3411 833; baseline -0.001 -22"><span class='ocrx_word' id='word_1_6' title='bbox 594 748 916 833; x_wconf 83' lang='lat' dir='ltr'>augusto,</span> <span class='ocrx_word' id='word_1_7' title='bbox 959 737 1338 809; x_wconf 88' lang='lat' dir='ltr'>Jerusalem</span> <span class='ocrx_word' id='word_1_8' title='bbox 1383 737 1531 831; x_wconf 79' lang='lat' dir='ltr'>regi</span> <span class='ocrx_word' id='word_1_9' title='bbox 1558 736 1844 830; x_wconf 79' lang='lat' dir='ltr'>regique</span> <span class='ocrx_word' id='word_1_10' title='bbox 1876 734 2138 825; x_wconf 82' lang='lat' dir='ltr'>Sicilie,</span> <span class='ocrx_word' id='word_1_11' title='bbox 2173 734 2249 804; x_wconf 89' lang='lat' dir='ltr'>F.</span> <span class='ocrx_word' id='word_1_12' title='bbox 2291 732 2571 804; x_wconf 90' lang='lat' dir='ltr'>humilis</span> <span class='ocrx_word' id='word_1_13' title='bbox 2613 753 2847 805; x_wconf 88' lang='lat' dir='ltr'>comes</span> <span class='ocrx_word' id='word_1_14' title='bbox 2877 733 2951 803; x_wconf 92' lang='lat' dir='ltr'>in</span> <span class='ocrx_word' id='word_1_15' title='bbox 2997 733 3151 805; x_wconf 92' lang='lat' dir='ltr'>Zolr</span> <span class='ocrx_word' id='word_1_16' title='bbox 3180 734 3411 808; x_wconf 90' lang='lat' dir='ltr'>debite</span> 
     </span>
     <span class='ocr_line' id='line_1_3' title="bbox 591 856 3405 956; baseline -0.003 -18"><span class='ocrx_word' id='word_1_17' title='bbox 591 862 1036 956; x_wconf 83' lang='lat' dir='ltr'>subJ&#39;ectionis</span> <span class='ocrx_word' id='word_1_18' title='bbox 1072 861 1555 934; x_wconf 88' lang='lat' dir='ltr'>reverentiam.</span> <span class='ocrx_word' id='word_1_19' title='bbox 1594 861 1781 933; x_wconf 89' lang='lat' dir='ltr'>Sicut</span> <span class='ocrx_word' id='word_1_20' title='bbox 1830 878 2052 953; x_wconf 83' lang='lat' dir='ltr'>nuper</span> <span class='ocrx_word' id='word_1_21' title='bbox 2086 877 2280 929; x_wconf 87' lang='lat' dir='ltr'>meas</span> <span class='ocrx_word' id='word_1_22' title='bbox 2334 879 2458 951; x_wconf 92' lang='lat' dir='ltr'>per</span> <span class='ocrx_word' id='word_1_23' title='bbox 2495 856 2726 928; x_wconf 80' lang='lat' dir='ltr'>literas</span> <span class='ocrx_word' id='word_1_24' title='bbox 2763 865 2989 929; x_wconf 80' lang='lat' dir='ltr'>vestre</span> <span class='ocrx_word' id='word_1_25' title='bbox 3019 856 3405 949; x_wconf 84' lang='lat' dir='ltr'>significavi</span> 
     </span>
     <span class='ocr_line' id='line_1_4' title="bbox 591 980 3403 1081; baseline -0.002 -21"><span class='ocrx_word' id='word_1_26' title='bbox 591 986 1097 1081; x_wconf 83' lang='lat' dir='ltr'>magnificentie</span> <span class='ocrx_word' id='word_1_27' title='bbox 1132 983 1323 1079; x_wconf 88' lang='lat' dir='ltr'>quod</span> <span class='ocrx_word' id='word_1_28' title='bbox 1350 985 1421 1055; x_wconf 94' lang='lat' dir='ltr'>in</span> <span class='ocrx_word' id='word_1_29' title='bbox 1448 985 1757 1079; x_wconf 90' lang='lat' dir='ltr'>periculo</span> <span class='ocrx_word' id='word_1_30' title='bbox 1786 982 2087 1077; x_wconf 92' lang='lat' dir='ltr'>corporis</span> <span class='ocrx_word' id='word_1_31' title='bbox 2115 990 2185 1054; x_wconf 89' lang='lat' dir='ltr'>et</span> <span class='ocrx_word' id='word_1_32' title='bbox 2220 1002 2450 1053; x_wconf 92' lang='lat' dir='ltr'>rerum</span> <span class='ocrx_word' id='word_1_33' title='bbox 2476 1002 2699 1054; x_wconf 90' lang='lat' dir='ltr'>essem</span> <span class='ocrx_word' id='word_1_34' title='bbox 2728 982 2797 1052; x_wconf 90' lang='lat' dir='ltr'>in</span> <span class='ocrx_word' id='word_1_35' title='bbox 2822 980 3181 1053; x_wconf 86' lang='lat' dir='ltr'>obsidione</span> <span class='ocrx_word' id='word_1_36' title='bbox 3203 983 3403 1056; x_wconf 78' lang='lat' dir='ltr'>castri</span> 
     </span>
     <span class='ocr_line' id='line_1_5' title="bbox 590 1103 3406 1201; baseline -0.002 -19"><span class='ocrx_word' id='word_1_37' title='bbox 590 1111 873 1182; x_wconf 83' lang='lat' dir='ltr'>Achaim</span> <span class='ocrx_word' id='word_1_38' title='bbox 891 1163 912 1201; x_wconf 89' lang='lat'><strong>,</strong></span> <span class='ocrx_word' id='word_1_39' title='bbox 942 1107 1118 1180; x_wconf 90' lang='lat' dir='ltr'>illud</span> <span class='ocrx_word' id='word_1_40' title='bbox 1146 1107 1356 1180; x_wconf 92' lang='lat' dir='ltr'>modo</span> <span class='ocrx_word' id='word_1_41' title='bbox 1379 1107 1736 1179; x_wconf 82' lang='lat' dir='ltr'>manifeste</span> <span class='ocrx_word' id='word_1_42' title='bbox 1762 1104 2022 1178; x_wconf 91' lang='lat' dir='ltr'>indicio</span> <span class='ocrx_word' id='word_1_43' title='bbox 2044 1103 2552 1199; x_wconf 88' lang='lat' dir='ltr'>comprobatur.</span> <span class='ocrx_word' id='word_1_44' title='bbox 2588 1105 2842 1176; x_wconf 88' lang='lat' dir='ltr'>Omnes</span> <span class='ocrx_word' id='word_1_45' title='bbox 2869 1104 3054 1175; x_wconf 90' lang='lat' dir='ltr'>enim</span> <span class='ocrx_word' id='word_1_46' title='bbox 3088 1105 3225 1178; x_wconf 90' lang='lat' dir='ltr'>mei</span> <span class='ocrx_word' id='word_1_47' title='bbox 3250 1125 3406 1177; x_wconf 86' lang='lat' dir='ltr'>ser-</span> 
     </span>
     <span class='ocr_line' id='line_1_6' title="bbox 587 1216 3403 1306; baseline -0.002 0"><span class='ocrx_word' id='word_1_48' title='bbox 587 1235 851 1306; x_wconf 82' lang='lat' dir='ltr'>vientes</span> <span class='ocrx_word' id='word_1_49' title='bbox 887 1243 958 1305; x_wconf 89' lang='lat' dir='ltr'>et</span> <span class='ocrx_word' id='word_1_50' title='bbox 988 1253 1081 1304; x_wconf 86' lang='lat' dir='ltr'>ex</span> <span class='ocrx_word' id='word_1_51' title='bbox 1113 1231 1676 1304; x_wconf 87' lang='lat' dir='ltr'>ministerialibus</span> <span class='ocrx_word' id='word_1_52' title='bbox 1698 1216 1877 1303; x_wconf 54' lang='lat' dir='ltr'>”octo</span> <span class='ocrx_word' id='word_1_53' title='bbox 1907 1228 2314 1301; x_wconf 89' lang='lat' dir='ltr'>vulneribus</span> <span class='ocrx_word' id='word_1_54' title='bbox 2345 1227 2574 1298; x_wconf 81' lang='lat' dir='ltr'>infecti</span> <span class='ocrx_word' id='word_1_55' title='bbox 2604 1237 2673 1299; x_wconf 86' lang='lat' dir='ltr'>et</span> <span class='ocrx_word' id='word_1_56' title='bbox 2715 1227 3006 1298; x_wconf 90' lang='lat' dir='ltr'>nimium</span> <span class='ocrx_word' id='word_1_57' title='bbox 3042 1228 3324 1299; x_wconf 87' lang='lat' dir='ltr'>cruciati</span> <span class='ocrx_word' id='word_1_58' title='bbox 3358 1251 3403 1302; x_wconf 91' lang='lat' dir='ltr'>a</span> 
     </span>
     <span class='ocr_line' id='line_1_7' title="bbox 589 1349 3402 1449; baseline -0.002 -20"><span class='ocrx_word' id='word_1_59' title='bbox 589 1356 870 1429; x_wconf 94' lang='lat' dir='ltr'>domino</span> <span class='ocrx_word' id='word_1_60' title='bbox 929 1353 1352 1427; x_wconf 87' lang='lat' dir='ltr'>marscalcho</span> <span class='ocrx_word' id='word_1_61' title='bbox 1380 1352 1488 1449; x_wconf 85' lang='lat' dir='ltr'>(l)</span> <span class='ocrx_word' id='word_1_62' title='bbox 1519 1363 1586 1425; x_wconf 87' lang='lat' dir='ltr'>et</span> <span class='ocrx_word' id='word_1_63' title='bbox 1636 1376 1680 1426; x_wconf 90' lang='lat' dir='ltr'>a</span> <span class='ocrx_word' id='word_1_64' title='bbox 1719 1353 1996 1426; x_wconf 90' lang='lat' dir='ltr'>domino</span> <span class='ocrx_word' id='word_1_65' title='bbox 2038 1350 2130 1424; x_wconf 91' lang='lat' dir='ltr'>de</span> <span class='ocrx_word' id='word_1_66' title='bbox 2165 1349 2351 1422; x_wconf 86' lang='lat' dir='ltr'>Nifin</span> <span class='ocrx_word' id='word_1_67' title='bbox 2390 1349 2497 1445; x_wconf 75' lang='lat'>(2)</span> <span class='ocrx_word' id='word_1_68' title='bbox 2540 1360 2699 1421; x_wconf 86' lang='lat' dir='ltr'>sunt</span> <span class='ocrx_word' id='word_1_69' title='bbox 2732 1351 3082 1446; x_wconf 87' lang='lat' dir='ltr'>captivati.</span> <span class='ocrx_word' id='word_1_70' title='bbox 3113 1352 3402 1447; x_wconf 86' lang='lat' dir='ltr'>Insuper</span> 
     </span>
     <span class='ocr_line' id='line_1_8' title="bbox 587 1474 3394 1571; baseline -0.001 -21"><span class='ocrx_word' id='word_1_71' title='bbox 587 1480 657 1551; x_wconf 93' lang='lat' dir='ltr'>in</span> <span class='ocrx_word' id='word_1_72' title='bbox 686 1479 896 1552; x_wconf 89' lang='lat' dir='ltr'>armis</span> <span class='ocrx_word' id='word_1_73' title='bbox 925 1487 995 1550; x_wconf 89' lang='lat' dir='ltr'>et</span> <span class='ocrx_word' id='word_1_74' title='bbox 1031 1478 1102 1548; x_wconf 92' lang='lat' dir='ltr'>in</span> <span class='ocrx_word' id='word_1_75' title='bbox 1134 1476 1542 1571; x_wconf 87' lang='lat' dir='ltr'>equitaturis</span> <span class='ocrx_word' id='word_1_76' title='bbox 1562 1498 1676 1549; x_wconf 91' lang='lat' dir='ltr'>me</span> <span class='ocrx_word' id='word_1_77' title='bbox 1712 1496 2042 1569; x_wconf 90' lang='lat' dir='ltr'>meosque</span> <span class='ocrx_word' id='word_1_78' title='bbox 2063 1474 2447 1570; x_wconf 89' lang='lat' dir='ltr'>spoliarunt</span> <span class='ocrx_word' id='word_1_79' title='bbox 2470 1474 2657 1566; x_wconf 84' lang='lat' dir='ltr'>large</span> <span class='ocrx_word' id='word_1_80' title='bbox 2680 1474 2771 1546; x_wconf 87' lang='lat' dir='ltr'>ad</span> <span class='ocrx_word' id='word_1_81' title='bbox 2797 1483 3070 1546; x_wconf 85' lang='lat' dir='ltr'>centum</span> <span class='ocrx_word' id='word_1_82' title='bbox 3105 1494 3394 1547; x_wconf 91' lang='lat' dir='ltr'>marcas.</span> 
     </span>
     <span class='ocr_line' id='line_1_9' title="bbox 586 1598 3402 1697; baseline -0.001 -24"><span class='ocrx_word' id='word_1_83' title='bbox 586 1603 658 1674; x_wconf 94' lang='lat' dir='ltr'>In</span> <span class='ocrx_word' id='word_1_84' title='bbox 694 1601 1215 1697; x_wconf 83' lang='lat' dir='ltr'>expugnatione</span> <span class='ocrx_word' id='word_1_85' title='bbox 1249 1600 1434 1673; x_wconf 92' lang='lat' dir='ltr'>enim</span> <span class='ocrx_word' id='word_1_86' title='bbox 1471 1600 1691 1671; x_wconf 90' lang='lat' dir='ltr'>tocius</span> <span class='ocrx_word' id='word_1_87' title='bbox 1724 1620 1876 1672; x_wconf 91' lang='lat' dir='ltr'>mee</span> <span class='ocrx_word' id='word_1_88' title='bbox 1930 1598 2185 1671; x_wconf 85' lang='lat' dir='ltr'>familie</span> <span class='ocrx_word' id='word_1_89' title='bbox 2213 1620 2574 1692; x_wconf 90' lang='lat' dir='ltr'>nunquam</span> <span class='ocrx_word' id='word_1_90' title='bbox 2601 1598 2852 1691; x_wconf 88' lang='lat' dir='ltr'>aliquis</span> <span class='ocrx_word' id='word_1_91' title='bbox 2880 1598 3011 1693; x_wconf 90' lang='lat' dir='ltr'>ipsi</span> <span class='ocrx_word' id='word_1_92' title='bbox 3049 1598 3204 1670; x_wconf 88' lang='lat' dir='ltr'>tulit</span> <span class='ocrx_word' id='word_1_93' title='bbox 3234 1599 3402 1671; x_wconf 89' lang='lat' dir='ltr'>sub·</span> 
     </span>
     <span class='ocr_line' id='line_1_10' title="bbox 585 1706 3400 1820; baseline -0.001 -23"><span class='ocrx_word' id='word_1_94' title='bbox 585 1725 869 1798; x_wconf 90' lang='lat' dir='ltr'>sidium.</span> <span class='ocrx_word' id='word_1_95' title='bbox 904 1725 1336 1820; x_wconf 88' lang='lat' dir='ltr'>Quapropter</span> <span class='ocrx_word' id='word_1_96' title='bbox 1379 1706 1485 1819; x_wconf 76' lang='grc' dir='ltr'>(ιι)Ι</span> <span class='ocrx_word' id='word_1_97' title='bbox 1513 1732 1745 1797; x_wconf 88' lang='lat' dir='ltr'>vestre</span> <span class='ocrx_word' id='word_1_98' title='bbox 1773 1722 2101 1796; x_wconf 83' lang='lat' dir='ltr'>exhortor</span> <span class='ocrx_word' id='word_1_99' title='bbox 2130 1720 2559 1794; x_wconf 91' lang='lat' dir='ltr'>celsitudinis</span> <span class='ocrx_word' id='word_1_100' title='bbox 2600 1722 3184 1794; x_wconf 88' lang='lat' dir='ltr'>bennivolentiam</span> <span class='ocrx_word' id='word_1_101' title='bbox 3213 1745 3400 1816; x_wconf 89' lang='lat' dir='ltr'>qua-</span> 
     </span>
     <span class='ocr_line' id='line_1_11' title="bbox 584 1845 3394 1942; baseline -0.002 -20"><span class='ocrx_word' id='word_1_102' title='bbox 584 1858 783 1922; x_wconf 91' lang='lat' dir='ltr'>tenus</span> <span class='ocrx_word' id='word_1_103' title='bbox 841 1849 1014 1921; x_wconf 91' lang='lat' dir='ltr'>mihi</span> <span class='ocrx_word' id='word_1_104' title='bbox 1072 1849 1145 1919; x_wconf 92' lang='lat' dir='ltr'>in</span> <span class='ocrx_word' id='word_1_105' title='bbox 1203 1847 1505 1942; x_wconf 88' lang='lat' dir='ltr'>dampno</span> <span class='ocrx_word' id='word_1_106' title='bbox 1555 1847 1656 1919; x_wconf 89' lang='lat' dir='ltr'>sic</span> <span class='ocrx_word' id='word_1_107' title='bbox 1696 1845 2108 1941; x_wconf 86' lang='lat' dir='ltr'>importabili</span> <span class='ocrx_word' id='word_1_108' title='bbox 2171 1845 2437 1918; x_wconf 85' lang='lat' dir='ltr'>auxilio</span> <span class='ocrx_word' id='word_1_109' title='bbox 2479 1856 2547 1916; x_wconf 87' lang='lat' dir='ltr'>et</span> <span class='ocrx_word' id='word_1_110' title='bbox 2601 1845 2885 1917; x_wconf 89' lang='lat' dir='ltr'>consilio</span> <span class='ocrx_word' id='word_1_111' title='bbox 2945 1845 3394 1917; x_wconf 85' lang='lat' dir='ltr'>subveniatis.</span> 
     </span>
     <span class='ocr_line' id='line_1_12' title="bbox 584 1967 3401 2067; baseline -0.001 -25"><span class='ocrx_word' id='word_1_112' title='bbox 584 1970 927 2066; x_wconf 89' lang='lat' dir='ltr'>Quicquid</span> <span class='ocrx_word' id='word_1_113' title='bbox 959 1973 1132 2046; x_wconf 90' lang='lat' dir='ltr'>lator</span> <span class='ocrx_word' id='word_1_114' title='bbox 1170 1970 1590 2067; x_wconf 89' lang='lat' dir='ltr'>presentium</span> <span class='ocrx_word' id='word_1_115' title='bbox 1622 1970 1824 2043; x_wconf 86' lang='lat' dir='ltr'>vobis</span> <span class='ocrx_word' id='word_1_116' title='bbox 1851 1968 2106 2043; x_wconf 82' lang='lat' dir='ltr'>dixerit</span> <span class='ocrx_word' id='word_1_117' title='bbox 2139 1968 2351 2042; x_wconf 84' lang='lat' dir='ltr'>fidem</span> <span class='ocrx_word' id='word_1_118' title='bbox 2390 1978 2621 2041; x_wconf 84' lang='lat' dir='ltr'>vestra</span> <span class='ocrx_word' id='word_1_119' title='bbox 2654 1967 2978 2061; x_wconf 79' lang='lat' dir='ltr'>dignetur</span> <span class='ocrx_word' id='word_1_120' title='bbox 2996 1968 3401 2040; x_wconf 90' lang='lat' dir='ltr'>excellentia</span> 
     </span>
    </p>
   </div>
   <div class='ocr_carea' id='block_1_3' title="bbox 583 2096 943 2170">
    <p class='ocr_par' dir='ltr' id='par_1_3' title="bbox 583 2096 943 2170">
     <span class='ocr_line' id='line_1_13' title="bbox 583 2096 943 2170; baseline -0.011 0"><span class='ocrx_word' id='word_1_121' title='bbox 583 2096 943 2170; x_wconf 88' lang='lat' dir='ltr'>adhibere.</span> 
     </span>
    </p>
   </div>
   <div class='ocr_carea' id='block_1_4' title="bbox 573 2561 3800 3071">
    <p class='ocr_par' dir='ltr' id='par_1_4' title="bbox 573 2561 3800 3071">
     <span class='ocr_line' id='line_1_14' title="bbox 685 2561 3800 2673; baseline -0.002 -29"><span class='ocrx_word' id='word_1_122' title='bbox 685 2563 1082 2646; x_wconf 88' lang='lat' dir='ltr'>Conradus</span> <span class='ocrx_word' id='word_1_123' title='bbox 1124 2564 1223 2646; x_wconf 89' lang='lat' dir='ltr'>de</span> <span class='ocrx_word' id='word_1_124' title='bbox 1265 2561 1742 2665; x_wconf 88' lang='lat' dir='ltr'>Hohenloch‚</span> <span class='ocrx_word' id='word_1_125' title='bbox 1793 2563 2191 2645; x_wconf 89' lang='lat' dir='ltr'>Heinricus</span> <span class='ocrx_word' id='word_1_126' title='bbox 2234 2562 2699 2645; x_wconf 84' lang='lat' dir='ltr'>marscalcus</span> <span class='ocrx_word' id='word_1_127' title='bbox 2744 2563 2839 2645; x_wconf 92' lang='lat' dir='ltr'>de</span> <span class='ocrx_word' id='word_1_128' title='bbox 2882 2563 3398 2673; x_wconf 88' lang='lat' dir='ltr'>Bappenheim</span> <span class='ocrx_word' id='word_1_129' title='bbox 3443 2587 3800 2640; x_wconf 66' lang='lat' dir='ltr'>[ciminum-1</span> 
     </span>
     <span class='ocr_line' id='line_1_15' title="bbox 578 2695 3397 2807; baseline 0.002 -32"><span class='ocrx_word' id='word_1_130' title='bbox 578 2702 651 2775; x_wconf 88' lang='lat' dir='ltr'>et</span> <span class='ocrx_word' id='word_1_131' title='bbox 694 2695 779 2776; x_wconf 90' lang='lat' dir='ltr'>C.</span> <span class='ocrx_word' id='word_1_132' title='bbox 839 2695 936 2777; x_wconf 92' lang='lat' dir='ltr'>de</span> <span class='ocrx_word' id='word_1_133' title='bbox 987 2695 1456 2805; x_wconf 86' lang='lat' dir='ltr'>Blochingen</span> <span class='ocrx_word' id='word_1_134' title='bbox 1502 2696 1939 2804; x_wconf 88' lang='lat' dir='ltr'>imperatori</span> <span class='ocrx_word' id='word_1_135' title='bbox 2006 2697 2361 2777; x_wconf 83' lang='lat' dir='ltr'>nuntiant</span> <span class='ocrx_word' id='word_1_136' title='bbox 2417 2697 2805 2805; x_wconf 90' lang='lat' dir='ltr'>quomodo</span> <span class='ocrx_word' id='word_1_137' title='bbox 2849 2722 3103 2778; x_wconf 88' lang='lat' dir='ltr'>comes</span> <span class='ocrx_word' id='word_1_138' title='bbox 3150 2696 3397 2807; x_wconf 86' lang='lat' dir='ltr'>Egino</span> 
     </span>
     <span class='ocr_line' id='line_1_16' title="bbox 576 2825 3393 2938; baseline 0.002 -31"><span class='ocrx_word' id='word_1_139' title='bbox 576 2825 672 2909; x_wconf 93' lang='lat' dir='ltr'>de</span> <span class='ocrx_word' id='word_1_140' title='bbox 704 2825 1035 2937; x_wconf 84' lang='lat' dir='ltr'>Friburg</span> <span class='ocrx_word' id='word_1_141' title='bbox 1073 2855 1154 2910; x_wconf 88' lang='lat' dir='ltr'>se</span> <span class='ocrx_word' id='word_1_142' title='bbox 1189 2829 1269 2909; x_wconf 90' lang='lat' dir='ltr'>in</span> <span class='ocrx_word' id='word_1_143' title='bbox 1306 2828 1551 2910; x_wconf 85' lang='lat' dir='ltr'>Urach</span> <span class='ocrx_word' id='word_1_144' title='bbox 1588 2828 1994 2911; x_wconf 87' lang='lat' dir='ltr'>muniverit</span> <span class='ocrx_word' id='word_1_145' title='bbox 2027 2829 2374 2911; x_wconf 90' lang='lat' dir='ltr'>homines</span> <span class='ocrx_word' id='word_1_146' title='bbox 2411 2829 2689 2910; x_wconf 90' lang='lat' dir='ltr'>ibidem</span> <span class='ocrx_word' id='word_1_147' title='bbox 2729 2828 3186 2938; x_wconf 85' lang='lat' dir='ltr'>colligendo,</span> <span class='ocrx_word' id='word_1_148' title='bbox 3210 2832 3393 2912; x_wconf 89' lang='lat' dir='ltr'>dum</span> 
     </span>
     <span class='ocr_line' id='line_1_17' title="bbox 573 2958 3053 3071; baseline 0.002 -32"><span class='ocrx_word' id='word_1_149' title='bbox 573 2958 715 3069; x_wconf 89' lang='lat' dir='ltr'>ipsi</span> <span class='ocrx_word' id='word_1_150' title='bbox 758 2961 1048 3045; x_wconf 81' lang='lat' dir='ltr'>viribus</span> <span class='ocrx_word' id='word_1_151' title='bbox 1084 2960 1420 3045; x_wconf 85' lang='lat' dir='ltr'>destituti</span> <span class='ocrx_word' id='word_1_152' title='bbox 1457 2971 1792 3044; x_wconf 86' lang='lat' dir='ltr'>castrum</span> <span class='ocrx_word' id='word_1_153' title='bbox 1827 2961 2121 3070; x_wconf 90' lang='lat' dir='ltr'>Niphen</span> <span class='ocrx_word' id='word_1_154' title='bbox 2160 2962 2507 3045; x_wconf 86' lang='lat' dir='ltr'>obsidere</span> <span class='ocrx_word' id='word_1_155' title='bbox 2543 2988 2695 3045; x_wconf 88' lang='lat' dir='ltr'>non</span> <span class='ocrx_word' id='word_1_156' title='bbox 2735 2962 3053 3071; x_wconf 87' lang='lat' dir='ltr'>possint.</span> 
     </span>
    </p>
   </div>
   <div class='ocr_carea' id='block_1_5' title="bbox 572 3152 3397 3342">
    <p class='ocr_par' dir='ltr' id='par_1_5' title="bbox 572 3152 3397 3342">
     <span class='ocr_line' id='line_1_18' title="bbox 648 3152 3397 3250; baseline 0.002 -35"><span class='ocrx_word' id='word_1_157' title='bbox 648 3152 731 3234; x_wconf 83' lang='lat' dir='ltr'>(a)</span> <span class='ocrx_word' id='word_1_158' title='bbox 770 3157 1019 3215; x_wconf 87' lang='lat' dir='ltr'>Ineunte</span> <span class='ocrx_word' id='word_1_159' title='bbox 1059 3155 1214 3215; x_wconf 86' lang='lat' dir='ltr'>linea</span> <span class='ocrx_word' id='word_1_160' title='bbox 1252 3170 1457 3215; x_wconf 88' lang='lat' dir='ltr'>vocem</span> <span class='ocrx_word' id='word_1_161' title='bbox 1490 3155 1852 3233; x_wconf 79' lang='lat' dir='ltr'>Quapropter</span> <span class='ocrx_word' id='word_1_162' title='bbox 1887 3156 2015 3231; x_wconf 81' lang='lat' dir='ltr'>jam</span> <span class='ocrx_word' id='word_1_163' title='bbox 2057 3162 2366 3250; x_wconf 82' lang='lat' dir='ltr'>exaratam</span> <span class='ocrx_word' id='word_1_164' title='bbox 2406 3158 2550 3217; x_wconf 86' lang='lat' dir='ltr'>rasit</span> <span class='ocrx_word' id='word_1_165' title='bbox 2586 3157 2778 3218; x_wconf 84' lang='lat' dir='ltr'>scriba</span> <span class='ocrx_word' id='word_1_166' title='bbox 2793 3200 2812 3230; x_wconf 87' lang='lat'>‚</span> <span class='ocrx_word' id='word_1_167' title='bbox 2843 3163 2915 3218; x_wconf 87' lang='lat' dir='ltr'>ut</span> <span class='ocrx_word' id='word_1_168' title='bbox 2954 3158 3397 3234; x_wconf 84' lang='lat' dir='ltr'>praecedentem</span> 
     </span>
     <span class='ocr_line' id='line_1_19' title="bbox 572 3260 2539 3342; baseline 0.001 -21"><span class='ocrx_word' id='word_1_169' title='bbox 572 3262 926 3322; x_wconf 79' lang='lat' dir='ltr'>sententiam</span> <span class='ocrx_word' id='word_1_170' title='bbox 952 3261 1176 3322; x_wconf 88' lang='lat' dir='ltr'>scilicet</span> <span class='ocrx_word' id='word_1_171' title='bbox 1199 3260 1274 3321; x_wconf 78' lang='lat' dir='ltr'>In</span> <span class='ocrx_word' id='word_1_172' title='bbox 1298 3262 1759 3342; x_wconf 72' lang='lat' dir='ltr'>expuqnatione,</span> <span class='ocrx_word' id='word_1_173' title='bbox 1791 3266 1925 3332; x_wconf 75' lang='lat' dir='ltr'>etc..</span> <span class='ocrx_word' id='word_1_174' title='bbox 1950 3276 2058 3321; x_wconf 88' lang='lat' dir='ltr'>suo</span> <span class='ocrx_word' id='word_1_175' title='bbox 2086 3261 2213 3321; x_wconf 93' lang='lat' dir='ltr'>loco</span> <span class='ocrx_word' id='word_1_176' title='bbox 2242 3264 2539 3322; x_wconf 88' lang='lat' dir='ltr'>insereret.</span> 
     </span>
    </p>
   </div>
   <div class='ocr_carea' id='block_1_6' title="bbox 565 3547 3389 4788">
    <p class='ocr_par' dir='ltr' id='par_1_6' title="bbox 566 3547 3389 4306">
     <span class='ocr_line' id='line_1_20' title="bbox 638 3547 3389 3631; baseline 0.004 -27"><span class='ocrx_word' id='word_1_177' title='bbox 638 3547 710 3622; x_wconf 75' lang='lat' dir='ltr'>(t)</span> <span class='ocrx_word' id='word_1_178' title='bbox 749 3549 850 3606; x_wconf 79' lang='lat' dir='ltr'>Hic</span> <span class='ocrx_word' id='word_1_179' title='bbox 877 3549 1052 3622; x_wconf 84' lang='lat' dir='ltr'>agitur</span> <span class='ocrx_word' id='word_1_180' title='bbox 1074 3550 1144 3607; x_wconf 89' lang='lat' dir='ltr'>de</span> <span class='ocrx_word' id='word_1_181' title='bbox 1172 3551 1428 3608; x_wconf 80' lang='lat' dir='ltr'>Anselmo</span> <span class='ocrx_word' id='word_1_182' title='bbox 1459 3550 1528 3607; x_wconf 90' lang='lat' dir='ltr'>de</span> <span class='ocrx_word' id='word_1_183' title='bbox 1551 3553 1580 3607; x_wconf 84' lang='lat' dir='ltr'>J</span> <span class='ocrx_word' id='word_1_184' title='bbox 1587 3551 1863 3625; x_wconf 85' lang='lat' dir='ltr'>ustingen,</span> <span class='ocrx_word' id='word_1_185' title='bbox 1882 3551 2108 3623; x_wconf 88' lang='lat' dir='ltr'>junioris</span> <span class='ocrx_word' id='word_1_186' title='bbox 2130 3551 2343 3608; x_wconf 84' lang='lat' dir='ltr'>Henrici</span> <span class='ocrx_word' id='word_1_187' title='bbox 2387 3553 2603 3610; x_wconf 81' lang='lat' dir='ltr'>assiduo</span> <span class='ocrx_word' id='word_1_188' title='bbox 2637 3553 2871 3624; x_wconf 76' lang='lat' dir='ltr'>fautore,</span> <span class='ocrx_word' id='word_1_189' title='bbox 2891 3571 3082 3629; x_wconf 86' lang='lat' dir='ltr'>quem,</span> <span class='ocrx_word' id='word_1_190' title='bbox 3108 3564 3389 3631; x_wconf 89' lang='lat' dir='ltr'>postquam</span> 
     </span>
     <span class='ocr_line' id='line_1_21' title="bbox 568 3644 3389 3724; baseline 0.004 -22"><span class='ocrx_word' id='word_1_191' title='bbox 568 3644 769 3702; x_wconf 88' lang='lat' dir='ltr'>bellum</span> <span class='ocrx_word' id='word_1_192' title='bbox 795 3645 937 3703; x_wconf 88' lang='lat' dir='ltr'>circa</span> <span class='ocrx_word' id='word_1_193' title='bbox 958 3652 1145 3718; x_wconf 87' lang='lat' dir='ltr'>partes</span> <span class='ocrx_word' id='word_1_194' title='bbox 1177 3647 1350 3705; x_wconf 84' lang='lat' dir='ltr'>Rheni</span> <span class='ocrx_word' id='word_1_195' title='bbox 1379 3647 1730 3721; x_wconf 85' lang='lat' dir='ltr'>incoepisset,</span> <span class='ocrx_word' id='word_1_196' title='bbox 1763 3647 2064 3705; x_wconf 87' lang='lat' dir='ltr'>inimicitias</span> <span class='ocrx_word' id='word_1_197' title='bbox 2094 3648 2148 3704; x_wconf 93' lang='lat' dir='ltr'>in</span> <span class='ocrx_word' id='word_1_198' title='bbox 2178 3649 2373 3706; x_wconf 87' lang='lat' dir='ltr'>Suevia</span> <span class='ocrx_word' id='word_1_199' title='bbox 2398 3650 2561 3707; x_wconf 89' lang='lat' dir='ltr'>etiam</span> <span class='ocrx_word' id='word_1_200' title='bbox 2588 3658 2712 3724; x_wconf 92' lang='lat' dir='ltr'>post</span> <span class='ocrx_word' id='word_1_201' title='bbox 2736 3651 3071 3724; x_wconf 88' lang='lat' dir='ltr'>imperatoris</span> <span class='ocrx_word' id='word_1_202' title='bbox 3101 3655 3389 3713; x_wconf 86' lang='lat' dir='ltr'>adventum</span> 
     </span>
     <span class='ocr_line' id='line_1_22' title="bbox 568 3743 3385 3823; baseline 0.004 -25"><span class='ocrx_word' id='word_1_203' title='bbox 568 3743 623 3798; x_wconf 90' lang='lat' dir='ltr'>in</span> <span class='ocrx_word' id='word_1_204' title='bbox 648 3744 1003 3801; x_wconf 86' lang='lat' dir='ltr'>Caesarianos</span> <span class='ocrx_word' id='word_1_205' title='bbox 1025 3746 1329 3802; x_wconf 86' lang='lat' dir='ltr'>exercuisse</span> <span class='ocrx_word' id='word_1_206' title='bbox 1347 3746 1613 3802; x_wconf 78' lang='lat' dir='ltr'>videmuS.</span> <span class='ocrx_word' id='word_1_207' title='bbox 1633 3747 1789 3802; x_wconf 83' lang='lat' dir='ltr'>Hunc</span> <span class='ocrx_word' id='word_1_208' title='bbox 1811 3747 1972 3819; x_wconf 89' lang='lat' dir='ltr'>paulo</span> <span class='ocrx_word' id='word_1_209' title='bbox 1996 3753 2119 3819; x_wconf 91' lang='lat' dir='ltr'>post</span> <span class='ocrx_word' id='word_1_210' title='bbox 2142 3748 2498 3820; x_wconf 88' lang='lat' dir='ltr'>proscriptum</span> <span class='ocrx_word' id='word_1_211' title='bbox 2515 3747 2770 3804; x_wconf 88' lang='lat' dir='ltr'>discimus</span> <span class='ocrx_word' id='word_1_212' title='bbox 2793 3764 2860 3804; x_wconf 83' lang='lat' dir='ltr'>ex</span> <span class='ocrx_word' id='word_1_213' title='bbox 2883 3748 3087 3806; x_wconf 80' lang='lat' dir='ltr'>Annal.</span> <span class='ocrx_word' id='word_1_214' title='bbox 3106 3751 3385 3823; x_wconf 67' lang='lat' dir='ltr'>Zwifalt„</span> 
     </span>
     <span class='ocr_line' id='line_1_23' title="bbox 568 3840 3384 3917; baseline 0.002 -21"><span class='ocrx_word' id='word_1_215' title='bbox 568 3855 653 3912; x_wconf 86' lang='lat' dir='ltr'>ap.</span> <span class='ocrx_word' id='word_1_216' title='bbox 681 3840 879 3910; x_wconf 76' lang='lat' dir='ltr'>qurz,</span> <span class='ocrx_word' id='word_1_217' title='bbox 906 3841 1176 3911; x_wconf 66' lang='lat' dir='ltr'>Momm„</span> <span class='ocrx_word' id='word_1_218' title='bbox 1200 3847 1242 3897; x_wconf 86' lang='lat' dir='ltr'>t.</span> <span class='ocrx_word' id='word_1_219' title='bbox 1267 3842 1390 3912; x_wconf 73' lang='grc' dir='ltr'>ΧΠ,</span> <span class='ocrx_word' id='word_1_220' title='bbox 1418 3858 1475 3914; x_wconf 90' lang='lat' dir='ltr'>p.</span> <span class='ocrx_word' id='word_1_221' title='bbox 1506 3845 1597 3912; x_wconf 76' lang='lat'>59,</span> <span class='ocrx_word' id='word_1_222' title='bbox 1628 3843 1720 3899; x_wconf 88' lang='lat' dir='ltr'>ubi</span> <span class='ocrx_word' id='word_1_223' title='bbox 1745 3842 1969 3914; x_wconf 88' lang='lat' dir='ltr'>legimus</span> <span class='ocrx_word' id='word_1_224' title='bbox 1994 3843 2059 3900; x_wconf 87' lang='lat' dir='ltr'>ad</span> <span class='ocrx_word' id='word_1_225' title='bbox 2096 3859 2223 3899; x_wconf 86' lang='lat' dir='ltr'>ann.</span> <span class='ocrx_word' id='word_1_226' title='bbox 2260 3846 2397 3900; x_wconf 72' lang='lat'>⁴236</span> <span class='ocrx_word' id='word_1_227' title='bbox 2424 3842 2637 3914; x_wconf 89' lang='lat' dir='ltr'>(rectius</span> <span class='ocrx_word' id='word_1_228' title='bbox 2662 3843 2852 3915; x_wconf 70' lang='lat'><strong>⁴235):</strong></span> <span class='ocrx_word' id='word_1_229' title='bbox 2885 3865 2912 3897; x_wconf 74' lang='grc' dir='ltr'>ι</span> <span class='ocrx_word' id='word_1_230' title='bbox 2932 3845 3204 3917; x_wconf 72' lang='lat' dir='ltr'>lustingen</span> <span class='ocrx_word' id='word_1_231' title='bbox 3244 3847 3384 3904; x_wconf 87' lang='lat' dir='ltr'>obsi·</span> 
     </span>
     <span class='ocr_line' id='line_1_24' title="bbox 567 3937 3385 4016; baseline 0.003 -24"><span class='ocrx_word' id='word_1_232' title='bbox 567 3937 699 3995; x_wconf 88' lang='lat' dir='ltr'>dens</span> <span class='ocrx_word' id='word_1_233' title='bbox 731 3938 927 3994; x_wconf 80' lang='lat' dir='ltr'>evertit</span> <span class='ocrx_word' id='word_1_234' title='bbox 952 3937 1335 4014; x_wconf 80' lang='lat' dir='ltr'>[FridericusJ.</span> <span class='ocrx_word' id='word_1_235' title='bbox 1372 3958 1400 3993; x_wconf 72' lang='grc' dir='ltr'><strong><em>ι</em></strong></span> <span class='ocrx_word' id='word_1_236' title='bbox 1429 3940 1584 3998; x_wconf 84' lang='lat' dir='ltr'>Anno</span> <span class='ocrx_word' id='word_1_237' title='bbox 1611 3943 1748 3997; x_wconf 69' lang='lat'>4236</span> <span class='ocrx_word' id='word_1_238' title='bbox 1779 3941 1847 3997; x_wconf 90' lang='lat' dir='ltr'>ad</span> <span class='ocrx_word' id='word_1_239' title='bbox 1872 3941 2205 3998; x_wconf 88' lang='lat' dir='ltr'>Fridericum</span> <span class='ocrx_word' id='word_1_240' title='bbox 2242 3940 2493 3998; x_wconf 81' lang='lat' dir='ltr'>Austriae</span> <span class='ocrx_word' id='word_1_241' title='bbox 2519 3941 2710 3996; x_wconf 85' lang='lat' dir='ltr'>ducem</span> <span class='ocrx_word' id='word_1_242' title='bbox 2743 3957 2903 4012; x_wconf 89' lang='lat' dir='ltr'>quem</span> <span class='ocrx_word' id='word_1_243' title='bbox 2928 3940 3104 3998; x_wconf 88' lang='lat' dir='ltr'>banno</span> <span class='ocrx_word' id='word_1_244' title='bbox 3121 3942 3385 4016; x_wconf 88' lang='lat' dir='ltr'>imperiali</span> 
     </span>
     <span class='ocr_line' id='line_1_25' title="bbox 568 4035 3384 4114; baseline 0.003 -24"><span class='ocrx_word' id='word_1_245' title='bbox 568 4048 780 4107; x_wconf 89' lang='lat' dir='ltr'>quoque</span> <span class='ocrx_word' id='word_1_246' title='bbox 806 4042 1167 4108; x_wconf 85' lang='lat' dir='ltr'>supposuerat</span> <span class='ocrx_word' id='word_1_247' title='bbox 1201 4035 1510 4109; x_wconf 85' lang='lat' dir='ltr'>imperator,</span> <span class='ocrx_word' id='word_1_248' title='bbox 1541 4037 1827 4094; x_wconf 82' lang='lat' dir='ltr'>Auselmus</span> <span class='ocrx_word' id='word_1_249' title='bbox 1851 4036 1919 4094; x_wconf 85' lang='lat' dir='ltr'>de</span> <span class='ocrx_word' id='word_1_250' title='bbox 1943 4037 2220 4108; x_wconf 72' lang='lat' dir='ltr'>lustingen</span> <span class='ocrx_word' id='word_1_251' title='bbox 2242 4036 2478 4110; x_wconf 75' lang='lat' dir='ltr'>aufugit,</span> <span class='ocrx_word' id='word_1_252' title='bbox 2505 4053 2736 4109; x_wconf 89' lang='lat' dir='ltr'>eumque</span> <span class='ocrx_word' id='word_1_253' title='bbox 2773 4040 2831 4093; x_wconf 76' lang='grc' dir='ltr'>Η</span> <span class='ocrx_word' id='word_1_254' title='bbox 2875 4038 3182 4096; x_wconf 85' lang='lat' dir='ltr'>novembris</span> <span class='ocrx_word' id='word_1_255' title='bbox 3224 4040 3384 4114; x_wconf 90' lang='lat' dir='ltr'>hujus</span> 
     </span>
     <span class='ocr_line' id='line_1_26' title="bbox 567 4131 3380 4208; baseline 0.002 -22"><span class='ocrx_word' id='word_1_256' title='bbox 567 4131 689 4187; x_wconf 81' lang='lat' dir='ltr'>anni</span> <span class='ocrx_word' id='word_1_257' title='bbox 708 4131 854 4204; x_wconf 90' lang='lat' dir='ltr'>apud</span> <span class='ocrx_word' id='word_1_258' title='bbox 869 4131 1136 4189; x_wconf 85' lang='lat' dir='ltr'>Neustadt</span> <span class='ocrx_word' id='word_1_259' title='bbox 1162 4132 1217 4188; x_wconf 92' lang='lat' dir='ltr'>in</span> <span class='ocrx_word' id='word_1_260' title='bbox 1242 4133 1394 4190; x_wconf 90' lang='lat' dir='ltr'>curia</span> <span class='ocrx_word' id='word_1_261' title='bbox 1417 4132 1578 4204; x_wconf 89' lang='lat' dir='ltr'>hujus</span> <span class='ocrx_word' id='word_1_262' title='bbox 1604 4133 1755 4190; x_wconf 87' lang='lat' dir='ltr'>ducis</span> <span class='ocrx_word' id='word_1_263' title='bbox 1777 4139 2075 4190; x_wconf 88' lang='lat' dir='ltr'>morantem</span> <span class='ocrx_word' id='word_1_264' title='bbox 2101 4132 2421 4189; x_wconf 89' lang='lat' dir='ltr'>invenimus.</span> <span class='ocrx_word' id='word_1_265' title='bbox 2437 4133 2515 4191; x_wconf 78' lang='lat' dir='ltr'>Cf.</span> <span class='ocrx_word' id='word_1_266' title='bbox 2530 4133 2972 4202; x_wconf 71' lang='lat' dir='ltr'>Henna,Austr.</span> <span class='ocrx_word' id='word_1_267' title='bbox 2986 4134 3275 4208; x_wconf 51' lang='grc' dir='ltr'>ἅψειν-ηρ.</span> <span class='ocrx_word' id='word_1_268' title='bbox 3290 4140 3349 4195; x_wconf 70' lang='grc'>24</span> <span class='ocrx_word' id='word_1_269' title='bbox 3365 4179 3380 4193; x_wconf 92' lang='grc'><strong><em>.</em></strong></span> 
     </span>
     <span class='ocr_line' id='line_1_27' title="bbox 566 4226 3310 4306; baseline 0.004 -25"><span class='ocrx_word' id='word_1_270' title='bbox 566 4226 717 4300; x_wconf 82' lang='lat' dir='ltr'>Apud</span> <span class='ocrx_word' id='word_1_271' title='bbox 735 4244 899 4300; x_wconf 89' lang='lat' dir='ltr'>quem</span> <span class='ocrx_word' id='word_1_272' title='bbox 923 4229 1087 4287; x_wconf 90' lang='lat' dir='ltr'>etiam</span> <span class='ocrx_word' id='word_1_273' title='bbox 1115 4229 1356 4288; x_wconf 85' lang='lat' dir='ltr'>substitit</span> <span class='ocrx_word' id='word_1_274' title='bbox 1382 4245 1555 4302; x_wconf 89' lang='lat' dir='ltr'>usque</span> <span class='ocrx_word' id='word_1_275' title='bbox 1573 4230 1642 4286; x_wconf 89' lang='lat' dir='ltr'>ad</span> <span class='ocrx_word' id='word_1_276' title='bbox 1660 4229 1848 4301; x_wconf 90' lang='lat' dir='ltr'>julium</span> <span class='ocrx_word' id='word_1_277' title='bbox 1879 4231 2041 4287; x_wconf 70' lang='lat'>⁴244.</span> <span class='ocrx_word' id='word_1_278' title='bbox 2064 4230 2147 4288; x_wconf 78' lang='lat' dir='ltr'>Cl‘.</span> <span class='ocrx_word' id='word_1_279' title='bbox 2177 4230 2454 4301; x_wconf 70' lang='lat' dir='ltr'>Merum,</span> <span class='ocrx_word' id='word_1_280' title='bbox 2482 4229 2811 4304; x_wconf 73' lang='lat' dir='ltr'>Babenbery.</span> <span class='ocrx_word' id='word_1_281' title='bbox 2837 4233 3070 4304; x_wconf 68' lang='lat' dir='ltr'>Reyest„</span> <span class='ocrx_word' id='word_1_282' title='bbox 3090 4234 3310 4306; x_wconf 88' lang='lat' dir='ltr'>passim.</span> 
     </span>
    </p>

    <p class='ocr_par' dir='ltr' id='par_1_7' title="bbox 565 4323 3387 4788">
     <span class='ocr_line' id='line_1_28' title="bbox 634 4323 3386 4403; baseline 0.003 -22"><span class='ocrx_word' id='word_1_283' title='bbox 634 4323 708 4397; x_wconf 79' lang='lat'>(2)</span> <span class='ocrx_word' id='word_1_284' title='bbox 744 4325 961 4384; x_wconf 85' lang='lat' dir='ltr'>Scilicet</span> <span class='ocrx_word' id='word_1_285' title='bbox 978 4327 1258 4385; x_wconf 84' lang='lat' dir='ltr'>Heinricus</span> <span class='ocrx_word' id='word_1_286' title='bbox 1279 4327 1459 4385; x_wconf 85' lang='lat' dir='ltr'>senior</span> <span class='ocrx_word' id='word_1_287' title='bbox 1485 4327 1556 4383; x_wconf 90' lang='lat' dir='ltr'>de</span> <span class='ocrx_word' id='word_1_288' title='bbox 1582 4325 1739 4383; x_wconf 84' lang='lat' dir='ltr'>Nil&#39;en</span> <span class='ocrx_word' id='word_1_289' title='bbox 1754 4369 1769 4396; x_wconf 95' lang='lat'>,</span> <span class='ocrx_word' id='word_1_290' title='bbox 1797 4327 1891 4399; x_wconf 92' lang='lat' dir='ltr'>qui</span> <span class='ocrx_word' id='word_1_291' title='bbox 1909 4333 2147 4384; x_wconf 88' lang='lat' dir='ltr'>castrum</span> <span class='ocrx_word' id='word_1_292' title='bbox 2174 4327 2396 4385; x_wconf 86' lang='lat' dir='ltr'>Achalm</span> <span class='ocrx_word' id='word_1_293' title='bbox 2422 4344 2490 4385; x_wconf 86' lang='lat' dir='ltr'>ex</span> <span class='ocrx_word' id='word_1_294' title='bbox 2512 4335 2666 4402; x_wconf 87' lang='lat' dir='ltr'>parte</span> <span class='ocrx_word' id='word_1_295' title='bbox 2685 4329 2872 4386; x_wconf 88' lang='lat' dir='ltr'>matris</span> <span class='ocrx_word' id='word_1_296' title='bbox 2899 4345 3028 4387; x_wconf 87' lang='lat' dir='ltr'>suae</span> <span class='ocrx_word' id='word_1_297' title='bbox 3049 4330 3203 4403; x_wconf 86' lang='lat' dir='ltr'>quasi</span> <span class='ocrx_word' id='word_1_298' title='bbox 3226 4347 3386 4391; x_wconf 88' lang='lat' dir='ltr'>suum</span> 
     </span>
     <span class='ocr_line' id='line_1_29' title="bbox 567 4421 3386 4500; baseline 0.005 -24"><span class='ocrx_word' id='word_1_299' title='bbox 567 4421 902 4478; x_wconf 87' lang='lat' dir='ltr'>vendicabat.</span> <span class='ocrx_word' id='word_1_300' title='bbox 941 4424 1191 4482; x_wconf 82' lang='lat' dir='ltr'>Extincta</span> <span class='ocrx_word' id='word_1_301' title='bbox 1221 4423 1366 4481; x_wconf 88' lang='lat' dir='ltr'>enim</span> <span class='ocrx_word' id='word_1_302' title='bbox 1398 4424 1455 4480; x_wconf 93' lang='lat' dir='ltr'>in</span> <span class='ocrx_word' id='word_1_303' title='bbox 1489 4424 1742 4481; x_wconf 83' lang='lat' dir='ltr'>masculis</span> <span class='ocrx_word' id='word_1_304' title='bbox 1765 4425 2022 4481; x_wconf 89' lang='lat' dir='ltr'>comitum</span> <span class='ocrx_word' id='word_1_305' title='bbox 2054 4425 2486 4483; x_wconf 84' lang='lat' dir='ltr'>Achalmensium</span> <span class='ocrx_word' id='word_1_306' title='bbox 2523 4426 2691 4496; x_wconf 90' lang='lat' dir='ltr'>linea,</span> <span class='ocrx_word' id='word_1_307' title='bbox 2725 4427 3010 4500; x_wconf 82' lang='lat' dir='ltr'>imperator</span> <span class='ocrx_word' id='word_1_308' title='bbox 3037 4428 3141 4486; x_wconf 90' lang='lat' dir='ltr'>hoc</span> <span class='ocrx_word' id='word_1_309' title='bbox 3171 4428 3386 4489; x_wconf 76' lang='lat' dir='ltr'>feodum</span> 
     </span>
     <span class='ocr_line' id='line_1_30' title="bbox 567 4517 3386 4597; baseline 0.004 -24"><span class='ocrx_word' id='word_1_310' title='bbox 567 4517 632 4574; x_wconf 84' lang='lat' dir='ltr'>ad</span> <span class='ocrx_word' id='word_1_311' title='bbox 661 4518 872 4592; x_wconf 88' lang='lat' dir='ltr'>imperii</span> <span class='ocrx_word' id='word_1_312' title='bbox 898 4519 1190 4578; x_wconf 86' lang='lat' dir='ltr'>dominium</span> <span class='ocrx_word' id='word_1_313' title='bbox 1216 4527 1563 4579; x_wconf 86' lang='lat' dir='ltr'>revocaverat</span> <span class='ocrx_word' id='word_1_314' title='bbox 1589 4520 1688 4593; x_wconf 81' lang='lat' dir='ltr'>(cf.</span> <span class='ocrx_word' id='word_1_315' title='bbox 1718 4521 2267 4586; x_wconf 69' lang='lat' dir='ltr'>SrAmN,Wirtemb.</span> <span class='ocrx_word' id='word_1_316' title='bbox 2282 4522 2487 4594; x_wconf 66' lang='lat' dir='ltr'>gasok„</span> <span class='ocrx_word' id='word_1_317' title='bbox 2514 4528 2554 4579; x_wconf 93' lang='lat' dir='ltr'>t.</span> <span class='ocrx_word' id='word_1_318' title='bbox 2579 4523 2646 4592; x_wconf 89' lang='lat'>11,</span> <span class='ocrx_word' id='word_1_319' title='bbox 2667 4540 2725 4596; x_wconf 91' lang='lat' dir='ltr'>p.</span> <span class='ocrx_word' id='word_1_320' title='bbox 2750 4527 2853 4582; x_wconf 72' lang='lat'>455</span> <span class='ocrx_word' id='word_1_321' title='bbox 2882 4531 2937 4581; x_wconf 88' lang='lat' dir='ltr'>et</span> <span class='ocrx_word' id='word_1_322' title='bbox 2954 4525 3098 4597; x_wconf 76' lang='lat'>572),</span> <span class='ocrx_word' id='word_1_323' title='bbox 3124 4531 3181 4581; x_wconf 86' lang='lat' dir='ltr'>et</span> <span class='ocrx_word' id='word_1_324' title='bbox 3207 4542 3386 4583; x_wconf 78' lang='lat' dir='ltr'>amem</span> 
     </span>
     <span class='ocr_line' id='line_1_31' title="bbox 566 4615 3387 4691; baseline 0.004 -21"><span class='ocrx_word' id='word_1_325' title='bbox 566 4615 764 4687; x_wconf 88' lang='lat' dir='ltr'>optime</span> <span class='ocrx_word' id='word_1_326' title='bbox 797 4617 1060 4674; x_wconf 86' lang='lat' dir='ltr'>munitam</span> <span class='ocrx_word' id='word_1_327' title='bbox 1085 4618 1268 4676; x_wconf 89' lang='lat' dir='ltr'>comiti</span> <span class='ocrx_word' id='word_1_328' title='bbox 1303 4618 1372 4675; x_wconf 90' lang='lat' dir='ltr'>de</span> <span class='ocrx_word' id='word_1_329' title='bbox 1397 4618 1605 4676; x_wconf 90' lang='lat' dir='ltr'>Zollern</span> <span class='ocrx_word' id='word_1_330' title='bbox 1630 4634 1728 4674; x_wconf 90' lang='lat' dir='ltr'>suo</span> <span class='ocrx_word' id='word_1_331' title='bbox 1755 4619 1970 4675; x_wconf 88' lang='lat' dir='ltr'>nomine</span> <span class='ocrx_word' id='word_1_332' title='bbox 1999 4620 2400 4677; x_wconf 85' lang='lat' dir='ltr'>custodiendam</span> <span class='ocrx_word' id='word_1_333' title='bbox 2434 4621 2794 4680; x_wconf 89' lang='lat' dir='ltr'>commiserat.</span> <span class='ocrx_word' id='word_1_334' title='bbox 2816 4622 2989 4691; x_wconf 88' lang='lat' dir='ltr'>Quam</span> <span class='ocrx_word' id='word_1_335' title='bbox 3018 4629 3197 4681; x_wconf 87' lang='lat' dir='ltr'>tamen</span> <span class='ocrx_word' id='word_1_336' title='bbox 3233 4639 3267 4680; x_wconf 83' lang='lat' dir='ltr'>a</span> <span class='ocrx_word' id='word_1_337' title='bbox 3297 4640 3387 4681; x_wconf 89' lang='lat' dir='ltr'>re-</span> 
     </span>
     <span class='ocr_line' id='line_1_32' title="bbox 565 4709 2052 4788; baseline 0.001 -20"><span class='ocrx_word' id='word_1_338' title='bbox 565 4709 795 4770; x_wconf 88' lang='lat' dir='ltr'>bellibus</span> <span class='ocrx_word' id='word_1_339' title='bbox 820 4720 1180 4788; x_wconf 83' lang='lat' dir='ltr'>expugnatam</span> <span class='ocrx_word' id='word_1_340' title='bbox 1215 4714 1382 4774; x_wconf 77' lang='lat' dir='ltr'>fuisse</span> <span class='ocrx_word' id='word_1_341' title='bbox 1409 4720 1744 4788; x_wconf 86' lang='lat' dir='ltr'>compertum</span> <span class='ocrx_word' id='word_1_342' title='bbox 1770 4714 2052 4773; x_wconf 86' lang='lat' dir='ltr'>habemus.</span> 
     </span>
    </p>
   </div>
  </div>
 </body>
</html>
