4500 5956
918 602 1042 666 828
1918 606 2347 671 rmnssmcl
2395 608 2747 672 ssscumm
2841 615 2846 618 ’
3367 610 3529 690 [Arm.
3564 610 3742 674 1236.

926 738 1020 813 ad
1057 740 1349 813 verbnm
1376 741 1822 838 privilegium
1853 743 2093 819 datum
2120 747 2554 841 Hagenowe,
2605 744 2648 818 t
2674 744 3037 836 februarii,
3076 765 3241 818 ann.
3285 747 3511 839 ⁴220,
3558 747 3747 842 quod

925 885 1164 959 supra,
1197 873 1247 936 t.
1284 865 1339 956 Ι,
1386 887 1459 961 p.
1499 862 1704 964 736.]

1025 989 1163 1060 Nos
1197 987 1410 1080 igitur
1444 969 1873 1065 attendentes
1904 992 2087 1065 circa
2130 993 2321 1066 cives
2370 991 2716 1089 predictos
2755 988 2846 1064 de
2878 990 3299 1065 Mollesheim
3333 989 3568 1066 fidelia
3607 1012 3750 1064 ser-

925 1111 1099 1185 vitia
1107 1165 1774 1186 .........
1840 1113 1929 1189 de
1979 1115 2405 1211 benignitate
2455 1115 2777 1189 culminis
2821 1115 3035 1188 nostri
3084 1116 3374 1209 gratiam
3430 1113 3747 1188 eamdem

930 1255 1141 1327 quam
1171 1244 1480 1332 tempore
1501 1237 1697 1333 regni
1727 1239 1939 1312 nostri
1973 1239 2074 1312 eis
2106 1240 2418 1334 fecimus,
2448 1240 2846 1313 auctoritate
2863 1239 3201 1335 imperiali
3230 1240 3398 1336 ipsis
3416 1237 3749 1313 duximus

928 1356 1495 1434 confirmandam.
1573 1415 1590 1432 .
1667 1415 1685 1433 .
1759 1416 1778 1433 .
1852 1415 3740 1436 ........................

1026 1609 1259 1680 Testes
1285 1607 1498 1700 hujus
1535 1608 1635 1682 rei
1666 1618 1828 1681 sunt
1873 1637 1891 1681 :
1933 1610 2296 1683 Heinricus
2327 1610 2863 1683 Constantiensis
2891 1610 3282 1708 episcopua,
3316 1612 3750 1685 Hermannus

925 1732 1233 1804 marchio
1266 1729 1356 1805 de
1389 1730 1654 1825 Baden,
1694 1732 2052 1809 Conradus
2084 1735 2540 1830 burcgravius
2581 1734 2669 1809 de
2703 1734 3154 1826 Nuerinberc‚
3197 1730 3418 1832 [etc.].

1027 1856 1317 1950 Signum
1365 1854 1626 1929 domini
1671 1858 1884 1930 nostri
1939 1857 2275 1932 Friderici
2317 1858 2603 1932 secundi
2623 1912 2645 1952 ,
2697 1858 2821 1932 Dei
2877 1859 3100 1951 gratia
3146 1858 3574 1931 invictissimi
3622 1858 3751 1931 Ro-
3841 1857 3849 1864 ’

922 2000 1284 2052 manorum
1317 1979 1744 2076 imperatoris
1775 2002 2046 2077 semper
2076 1983 2354 2077 augusti
2373 2040 2389 2071 ,
2424 1983 2797 2057 Jerusalem
2835 1992 2905 2054 et
2932 1980 3160 2056 Sicilie
3194 1983 3403 2077 regie.

1024 2102 1198 2178 Acta
1222 2116 1383 2178 sunt
1414 2104 1542 2179 hec
1564 2126 1748 2179 anno
1774 2106 2121 2180 dominice
2156 2108 2645 2181 incarnationis
2677 2108 3042 2181 millesimo
3067 2106 3478 2199 CCXXXVI,
3511 2127 3749 2180 mense

926 2230 1157 2324 aprili,
1196 2249 1378 2303 none
1413 2229 1837 2322 indictionis,
1869 2231 2245 2326 imperante
2280 2231 2560 2304 domino
2587 2240 2821 2304 nostro
2844 2231 3192 2304 Friderico
3201 2283 3700 2303 .......
3721 2281 3745 2318 ,

922 2352 1214 2425 Romani
1264 2352 1533 2449 imperii
1574 2354 1726 2445 ejus
1778 2376 1963 2427 anno
2006 2356 2296 2450 septimo
2327 2354 2633 2443 decimo,
2674 2357 2865 2450 regni
2913 2356 3286 2428 Jerusalem
3336 2353 3702 2429 undecimo
3724 2405 3745 2443 ‚

926 2478 1124 2570 regni
1162 2498 1328 2550 vero
1356 2479 1510 2570 ejus
1544 2478 1772 2551 Sicilie
1812 2500 1997 2551 anno
2025 2479 2365 2552 tricesimo
2395 2480 2712 2575 septimo,
2756 2481 3065 2553 feliciter.
3107 2480 3355 2552 Amen.

1022 2602 1273 2673 Datum
1308 2601 1501 2697 apud
1531 2603 1959 2697 Hagenowe,
1997 2624 2206 2697 anno,
2247 2625 2511 2696 mense,
2550 2604 2928 2678 indictione
2961 2602 3378 2700 prescriptis.

592 3342 769 3449 3333,
1033 3319 1091 3402 F
1093 3317 1490 3426 ridericuS,
1527 3317 2050 3401 Romanorum
2085 3315 2534 3426 imperator,
2575 3313 2924 3426 querelas
2959 3341 3201 3425 papae
3235 3316 3628 3427 redarguit
3662 3319 3759 3401 de

572 3449 627 3492 ¹⁶
650 3428 823 3504 Ῥω·
929 3451 1229 3562 injuriis
1277 3476 1475 3561 quae
1523 3451 1602 3531 in
1641 3476 1879 3561 regno
1934 3475 2074 3533 suo
2128 3448 2465 3532 ecclesiis
2520 3457 2594 3531 et
2646 3448 3004 3558 praelatis
3056 3448 3312 3533 illatae
3364 3448 3752 3559 dicuntur,

927 3596 1338 3694 monetque
1381 3610 1481 3667 ne
1530 3582 1781 3668 verbis
1835 3581 2414 3692 obloquentium
2462 3580 2875 3665 faciliorem
2915 3606 3178 3665 aurem
3223 3582 3619 3691 praebeat,
3660 3582 3758 3665 de

927 3718 1325 3802 Saracenis
1376 3742 1556 3802 vero
1610 3715 1906 3798 Siciliae
1958 3741 2154 3825 quos
2209 3715 2291 3797 in
2333 3715 2777 3824 Capitanata
2831 3715 3027 3798 inter
3075 3715 3526 3798 christianos
3579 3713 3758 3797 fecit

926 3852 1249 3956 morari,
1319 3851 1626 3960 exponit
1676 3859 2055 3959 quantum
2117 3848 2199 3932 id
2270 3848 2798 3931 christianitati
2850 3847 3237 3957 proficiat,
3295 3873 3539 3958 quum
3587 3846 3753 3956 jam

926 3986 1147 4068 tertia
1182 4011 1361 4094 pars
1395 4009 1663 4069 eorum
1698 3984 1799 4066 ad
1840 3983 2018 4066 fidei
2054 3982 2521 4067 consortium
2568 3982 2667 4064 sit
2717 3981 3070 4088 reducta,
3109 3991 3331 4091 rogat
3381 3981 3613 4063 etiam
3657 4005 3757 4062 ne

927 4129 1192 4203 contra
1260 4118 1731 4201 Veronenses
1790 4117 1926 4227 qui
1980 4143 2028 4198 a
2082 4116 2434 4199 societate
2504 4114 3114 4198 Lombardorum
3174 4113 3254 4194 in
3312 4111 3755 4196 fidelitatem

928 4249 1226 4357 imperii
1292 4249 1722 4357 redierunt,
1779 4246 2639 4331 excommunicationem
2698 4246 3160 4328 immeritam
3222 4244 3417 4327 ferat
3439 4304 3463 4351 ,
3533 4269 3762 4352 super

930 4381 1237 4490 negotio
1297 4381 1516 4490 regni
1576 4380 1804 4489 Cypri
1858 4406 2037 4462 cum
2080 4381 2162 4461 in
2201 4378 2499 4462 Italiam
2538 4378 2768 4462 fuerit
2802 4404 3178 4487 reversuS,
3215 4402 3754 4486 responsuruS.

1096 4616 1327 4696 (Edidit
1349 4616 1615 4692 Horum,
1644 4614 1857 4677 Kaim·
1890 4614 2190 4678 Friedrich
2210 4615 2301 4693 11,
2337 4616 2611 4698 Docum.,
2639 4634 2701 4695 p.
2737 4626 2850 4679 356
2866 4661 2887 4693 ,
2916 4626 2986 4677 n⁶
3026 4623 3127 4696 25,
3157 4632 3194 4676 e
3228 4614 3479 4694 Gregor.
3511 4617 3752 4690 regest„

1167 4724 1272 4786 tib.
1302 4724 1383 4806 X,
1409 4734 1473 4785 n⁰
1508 4733 1652 4800 1073
1684 4726 1815 4786 coll.
1846 4742 1985 4788 cum
2011 4726 2235 4789 collect.
2270 4727 2523 4806 Laporte
2548 4727 2631 4788 du
2657 4726 2829 4788 'rhen
2851 4727 2917 4787 in
2944 4724 3102 4787 Blbl.
3129 4726 3342 4802 imper.
3371 4722 3588 4795 Paris.)
