4500 5956
1157 607 1277 667 732
2159 614 2581 677 rmnmuci
2631 617 2977 678 saeuum
3589 615 3750 697 [Arm.
3788 617 3957 677 1235.

1158 741 1260 821 ad
1310 740 1886 852 Heidelbergam
1932 743 2054 853 (1)
2100 754 2175 826 et
2218 745 2497 829 abinde
2548 750 2649 830 ad
2694 746 3063 831 Altzheim
3116 745 3588 856 (Alreheim)
3614 806 3638 852 ,
3696 747 3971 829 dehinc

1157 873 1239 954 in
1291 873 1620 955 Siciliam
1675 876 1955 959 missus
2016 888 2130 959 est
2173 905 2352 960 cum
2398 879 2616 989 galea
2664 878 2816 990 (2).
2880 881 3147 963 chron.
3213 884 3558 960 Wormat.
3620 906 3745 988 ap.
3809 880 3967 961 Lu-

1159 1031 1434 1108 nsswle,
1477 1006 1711 1114 Reliq.
1766 1016 2138 1113 Manusc.,
2198 1021 2257 1093 t.
2304 1011 2409 1117 11,
2448 1039 2527 1121 p.
2577 1015 2757 1094 119.

753 1645 1113 1702 [ciminum-i
1258 1617 1720 1721 FridericuS‚
1761 1642 2014 1700 comes
2066 1617 2163 1699 de
2216 1617 2515 1701 Zollern
2543 1681 2566 1724 ,
2622 1618 3000 1701 Friderico
3044 1619 3564 1701 Romanorum
3619 1618 3961 1727 impera-

1149 1749 1294 1831 tori
1340 1748 1599 1830 scribit
1661 1752 2047 1859 quomodo
2099 1751 2307 1859 apud
2363 1748 2682 1832 Achalm
2735 1750 3091 1833 obsessus
3143 1750 3427 1832 damna
3480 1749 3560 1829 in
3617 1752 3961 1832 servien-

1147 1879 1353 1963 tibus
1397 1889 1474 1962 et
1516 1881 2136 1965 ministerialibus
2181 1882 2341 1965 suis
2378 1909 2425 1964 a
2460 1883 2877 1965 marscalco
2915 1885 3041 1988 [de
3075 1883 3500 1989 lustingen]
3537 1896 3612 1964 et
3653 1882 3963 1965 domino

1149 2014 1244 2094 de
1279 2011 1520 2098 Niffen
1556 2014 1784 2096 fuerit
1817 2038 2248 2123 perpessus,
2292 2015 2661 2098 auxilium
2697 2026 2772 2096 et
2807 2015 3234 2098 subsidium
3271 2014 3715 2123 implorans.

1315 2224 1583 2302 (Edider.
1631 2228 1872 2287 Homn
1887 2270 1906 2300 ‚
1953 2225 2213 2289 Geleltrte
2256 2227 2555 2310 Anzeiqen
2604 2226 2937 2310 lter-amqeq.
2981 2246 3093 2290 von
3136 2226 3500 2310 mityliedern
3532 2227 3636 2288 der
3668 2229 3744 2290 K.
3796 2229 3953 2309 bayr.

1387 2328 1652 2394 akadem.
1686 2332 1787 2411 (20
1811 2336 1969 2410 junii
2005 2333 2212 2413 1849),
2239 2351 2297 2412 p.
2335 2344 2450 2396 994
2479 2341 2541 2395 et
2564 2352 2760 2413 seqq„
2791 2342 2853 2396 et
2886 2334 3114 2397 Archiv.
3134 2333 3254 2414 fiir
3286 2333 3497 2396 [funde
3528 2336 3774 2398 onim.
3814 2336 3956 2396 Ges-

1386 2436 1850 2519 eluiem-qucum,
1879 2457 2037 2501 anno
2068 2450 2242 2515 1850,
2270 2447 2318 2501 t.
2349 2442 2402 2511 1.
2431 2458 2492 2519 p.
2527 2450 2667 2515 594,
2695 2450 2764 2502 ω’
2790 2443 2895 2517 IV,
2934 2450 2991 2503 1.
3015 2474 3097 2487 —
3121 2442 3479 2503 Snnmmn
3506 2448 3570 2503 et
3594 2443 3958 2516 Mulierum,

1386 2545 1645 2605 Menum.
1678 2542 1930 2618 Zoller„
1958 2546 2101 2607 edit.
2140 2555 2293 2608 1852
2314 2589 2334 2620 ,
2363 2552 2411 2608 t.
2441 2548 2503 2620 Ι,
2532 2563 2596 2623 p.
2630 2555 2731 2619 57,
2757 2557 2824 2607 n⁰
2858 2548 3058 2609 CLXI.
3107 2549 3404 2626 originale
3442 2556 3608 2609 extat
3633 2551 3693 2609 iu
3722 2549 3963 2609 archivo

1383 2650 1802 2730 Bambergensi
1835 2652 1940 2712 uhi
1967 2652 2174 2713 eadem
2215 2668 2396 2713 manu
2430 2652 2509 2712 ad
2548 2658 2781 2731 tergum
2819 2653 3037 2732 legitur
3069 2673 3086 2713 ε
3117 2654 3472 2733 imperatori.
3512 2655 3754 2715 Nullum
3791 2653 3964 2732 sigilli

1387 2755 1753 2837 vestigium.)

1242 2955 1647 3031 Reverendo
1677 2957 1960 3031 domino
1992 2981 2122 3032 sno
2148 2959 2258 3049 F.,
2291 2958 2417 3032 Dei
2450 2957 2667 3053 gratia
2694 2958 3154 3035 Romanorum
3178 2959 3569 3057 imperatori
3597 2969 3665 3034 et
3694 2981 3963 3055 semper

2333 3154 2502 3162 ...o-..0--1
2517 3153 3879 3164 v—--m-m———o-——m--w-——u
3894 3156 3906 3165 η
3935 3157 3948 3164 -

1221 3262 1289 3336 (t)
1325 3261 1477 3332 Quod
1517 3267 1755 3319 castrum
1791 3262 1849 3317 in
1874 3260 2126 3318 manibus
2155 3260 2308 3318 ducis
2342 3261 2601 3320 Bavariae
2635 3268 2891 3336 tanquam
2930 3261 3142 3336 palatini
3181 3261 3392 3320 comitis
3416 3262 3588 3319 Rheni
3612 3263 3910 3336 ponebatur
3942 3281 3954 3318 :

1147 3360 1288 3417 unde
1322 3359 1613 3416 Riccardus
1648 3358 1717 3415 de
1752 3360 1945 3417 Sancto
1990 3358 2259 3416 Germano
2301 3376 2316 3414 t
2354 3378 2383 3413 ι
2419 3359 2572 3417 Anno
2607 3362 2747 3416 4235
2789 3359 3079 3432 imperator
3118 3359 3424 3416 Heinricum
3459 3359 3627 3416 filium
3666 3375 3826 3416 suum
3868 3375 3963 3416 re—

1145 3458 1396 3514 deuntem
1422 3456 1491 3513 ad
1515 3456 1824 3514 mandatum
1852 3472 2009 3514 suum
2034 3457 2266 3529 recepit,
2295 3473 2456 3530 quem
2483 3457 2605 3513 duci
2632 3456 2886 3514 Bavariae
2909 3457 3309 3515 custodiendum
3342 3457 3627 3515 commisit.
3658 3476 3685 3508 ι
3716 3456 3798 3514 Ad
3819 3455 3961 3529 quod

1144 3554 1305 3611 etiam
1330 3553 1513 3610 alludit
1540 3553 1839 3612 Matthaeus
1861 3553 2198 3625 parisiensis,
2225 3553 2347 3610 licet
2375 3555 2492 3626 ejus
2514 3553 2674 3610 dictis
2696 3553 2830 3610 fides
2853 3553 2910 3609 in
2933 3553 3035 3611 hoc
3059 3570 3164 3611 non
3191 3555 3264 3611 sit
3289 3555 3453 3628 plane
3478 3553 3778 3611 adhibenda
3806 3571 3819 3607 :
3848 3572 3875 3605 α
3898 3552 3960 3609 lu

1143 3668 1251 3708 uno
1278 3650 1565 3708 fortissimo
1592 3650 1806 3724 [castro]
1832 3668 1955 3707 cum
1987 3650 2153 3708 filium
2180 3651 2503 3723 obsedisset,
2529 3650 2618 3708 ille
2645 3650 2813 3725 patris
2838 3657 3081 3709 metuens
3107 3652 3448 3710 severitatem
3482 3652 3650 3708 exivit
3671 3651 3739 3707 de
3765 3656 3957 3719 castro,

1142 3753 1200 3807 et
1222 3765 1477 3806 corruens
1499 3749 1553 3805 in
1578 3756 1775 3806 terram
1805 3766 1988 3806 coram
2026 3750 2143 3823 ipso
2169 3749 2586 3805 misericordiam
2625 3749 2793 3821 ipsius
2816 3764 2940 3805 cum
2968 3748 3259 3822 lachrymis
3297 3756 3354 3806 et
3389 3748 3711 3821 singultibus
3754 3746 3958 3820 implo-

1141 3848 1298 3906 ravit.
1329 3848 1435 3906 Sed
1457 3848 1543 3904 ille
1568 3865 1674 3906 non
1701 3848 1876 3904 adhuc
1905 3848 2097 3922 spiritu
2128 3854 2417 3922 conceptae
2443 3847 2553 3903 irae
2586 3847 2848 3904 maximae
2876 3847 3140 3919 mitigato,
3159 3846 3388 3904 vinculis
3412 3845 3580 3903 filium
3609 3846 3805 3917 jubens
3827 3859 3961 3901 con·

1139 3945 1324 4016 stringi
1351 3944 1501 4001 duxit
1522 3961 1646 4001 eum
1675 3961 1858 4002 secum
1890 3946 2034 4019 apud
2064 3945 2448 4003 Wormesiam.
2479 3945 2697 4002 Laxatis
2722 3950 2902 4001 autem
2938 3944 3164 4001 vinculis
3192 3950 3250 4000 et
3284 3943 3411 4001 loris
3435 3942 3508 4000 ob
3536 3943 3769 4016 regalem
3807 3957 3959 3998 reve-

1140 4040 1369 4098 rentiam
1404 4040 1787 4115 aliquantisper
1826 4041 2124 4111 dissolutiS,
2154 4041 2347 4097 dicitur
2379 4040 2519 4097 filius
2560 4043 2697 4114 patri
2744 4057 3011 4098 venenum
3051 4055 3384 4113 procurasse.
3418 4040 3593 4112 Super
3627 4053 3733 4112 quo
3760 4038 3961 4096 scelere

1144 4144 1442 4207 accusatus,
1473 4139 1696 4196 vinculis
1719 4139 1910 4196 iterum
1936 4138 2238 4196 durioribus
2265 4138 2603 4211 mancipatus
2628 4137 2851 4194 traditur
2873 4137 3083 4194 cuidam
3121 4137 3243 4194 duci
3268 4137 3675 4205 custodienduS,
3708 4136 3800 4209 qui
3835 4150 3958 4191 eum

1143 4235 1329 4291 oderat
1377 4234 1693 4291 inexorabili
1742 4235 1862 4292 odio
1907 4235 2036 4307 quia
2084 4235 2212 4292 totis
2255 4235 2462 4292 nisibus
2512 4252 2635 4292 eum
2680 4242 3031 4310 proposuerat
3070 4251 3163 4292 rex
3205 4235 3466 4292 Henricus
3509 4232 3891 4291 exhaeredare.
3927 4252 3954 4284 ι

1144 4332 1354 4388 Hister.
1382 4332 1577 4403 major,
1604 4348 1658 4403 p.
1689 4333 1815 4388 284.

1214 4427 1286 4501 (Ξ)
1325 4426 1486 4499 Cujus
1512 4433 1692 4483 tamen
1718 4429 2161 4486 transvectionem
2188 4444 2296 4486 non
2328 4434 2453 4485 ante
2478 4444 2718 4486 mensem
2741 4428 3049 4501 januarium
3081 4428 3204 4484 anni
3232 4427 3510 4501 sequentis
3538 4427 3785 4485 evenisse
3808 4441 3963 4483 com-

1143 4525 1381 4600 perimus
1405 4540 1474 4580 ex
1497 4524 1582 4580 his
1609 4524 1850 4582 Riccardi
1871 4526 1940 4582 de
1962 4526 2157 4583 Sancto
2184 4526 2457 4583 Germano
2483 4527 2669 4584 verbis
2696 4545 2710 4583 ι
2741 4547 2768 4582 α
2794 4527 3161 4586 ΜΕΕΧΧΧἿΙ
3185 4542 3372 4583 mense
3388 4526 3656 4598 januario,
3673 4525 3961 4597 imperator

1143 4621 1311 4678 filium
1336 4636 1495 4678 suum
1517 4621 1803 4677 Henricum
1827 4623 1927 4678 sub
1948 4621 2053 4678 fida
2075 4624 2312 4680 custodia
2330 4641 2429 4697 per
2446 4623 2806 4681 marchionem
2828 4625 3070 4683 Lanceae
3097 4623 3259 4681 mittit
3274 4623 3328 4680 in
3347 4639 3596 4697 regnum,
3619 4622 3749 4680 etin
3771 4619 3960 4693 Apulia

1144 4722 1199 4777 in
1225 4720 1400 4777 Rooca
1434 4735 1573 4791 quae
1593 4719 1787 4777 dicitur
1806 4720 2035 4779 Sanctus
2062 4720 2209 4777 Felix
2230 4722 2528 4780 servandus
2553 4721 2799 4781 traditur.
2829 4741 2857 4776 ι
