4500 5956
597 677 787 737 ramur.
821 672 931 755 an
1495 669 1890 733 msroma
1934 671 2526 737 brebona-rica,
3300 672 3421 733 795

698 1316 1169 1425 FridericuS‚
1218 1317 1743 1402 Romanorum
1794 1317 2240 1427 imperator,
2280 1318 2481 1401 cives
2532 1313 2723 1403 Novi
2785 1317 2958 1401 Fori
3013 1325 3087 1401 et
3137 1316 3412 1403 Nurn—

595 1448 779 1560 berg
827 1460 1139 1560 propter
1188 1450 1653 1535 vicinitatem
1716 1476 1871 1561 qua
1933 1476 2200 1533 eorum
2249 1451 2556 1561 negotIa
2589 1450 3029 1534 communia
3083 1451 3281 1533 fiunt
3304 1512 3328 1556 ‚
3371 1477 3418 1534 a

581 1580 758 1689 jure
819 1582 1295 1666 teloneorum
1346 1584 1543 1667 inter
1604 1606 1686 1665 se
1758 1582 2299 1667 solvendorum
2369 1583 2750 1665 immunes
2812 1607 2978 1665 esse
3039 1582 3413 1687 declarat3

591 1713 801 1797 salvo
838 1716 1050 1824 quod
1087 1717 1487 1826 utriusque
1522 1716 1844 1798 civitatis
1880 1714 2172 1797 incolae
2210 1725 2370 1796 tam
2405 1714 2484 1795 in
2522 1715 2644 1796 his
2690 1713 3118 1798 civitatibus
3183 1741 3419 1824 quam

585 1871 726 1952 per
762 1846 955 1930 alias
991 1848 1328 1933 civitates
1363 1848 1661 1932 telonea
1695 1847 2015 1956 imperio
2052 1845 2309 1929 debita
2343 1848 2763 1931 exsolvant.

750 2086 961 2167 (Edid.
996 2088 1389 2151 Lowmmn
1403 2134 1420 2163 ,
1468 2088 1790 2152 Geschichte
1818 2087 1915 2149 des
1948 2086 2303 2152 schalthdss.
2343 2087 2473 2150 md
2506 2087 2664 2151 stadt
2697 2085 3023 2153 Neumarkt
3065 2091 3384 2164 (Mfiuchcn
3396 2134 3417 2166 ,

832 2193 1036 2274 1805),
1067 2195 1375 2271 Urkund„
1407 2214 1471 2275 p.
1502 2206 1643 2271 215,
1673 2198 1739 2257 η’
1768 2194 1846 2275 1.)

685 2402 1277 2505 FridericuS,'Dei
1326 2416 1547 2507 gratia
1576 2414 2042 2488 Romanorum
2088 2412 2462 2511 imperator
2498 2435 2770 2510 semper
2801 2423 3171 2510 augustuS,
3215 2414 3422 2489 Jeru-

569 2537 798 2611 salem
833 2548 903 2611 et
948 2539 1178 2613 Sicilie
1216 2562 1367 2613 rex.
1403 2541 1531 2613 Per
1579 2561 1861 2636 presens
1898 2538 2230 2634 scriptum
2272 2549 2510 2612 notum
2560 2540 2850 2611 facimus
2893 2538 3238 2611 universis
3274 2538 3424 2610 im·-

568 2660 763 2763 perii
798 2658 1119 2734 fidelibus
1154 2670 1295 2734 tam
1339 2663 1775 2759 presentibus
1824 2685 2035 2757 quam
2071 2661 2321 2735 futuris
2353 2660 2544 2755 quod
2577 2661 2924 2733 constituti
2960 2661 3031 2730 in
3081 2664 3421 2756 presentia

560 2793 821 2857 nostra
856 2785 1048 2858 cives
1079 2786 1256 2858 Novi
1280 2786 1436 2859 Fori
1471 2797 1540 2860 et
1570 2786 1959 2879 Nurmberg
1999 2784 2237 2858 fideles
2283 2785 2495 2856 nostri
2526 2785 2727 2858 nobis
2761 2784 3108 2856 humiliter
3142 2784 3421 2880 suppli-

557 2917 833 2981 carunt
866 2909 1059 3005 quod
1097 2932 1281 3005 cum,
1320 2921 1597 3007 propter
1628 2911 2048 2985 vicinitatem
2081 2932 2220 3006 qua
2276 2909 2451 2981 inter
2487 2930 2562 2982 se
2600 2931 2742 2982 una
2781 2909 3024 2981 civitas
3074 2930 3225 2981 esse
3258 2930 3419 2981 cen-

553 3041 854 3122 Sentur,
897 3036 1292 3107 communia
1335 3034 1472 3107 sint
1518 3036 1670 3127 eJus
1720 3034 1995 3128 negotia
2054 3032 2516 3106 mercimoniis
2563 3042 2632 3105 et
2680 3033 2888 3105 simul
2936 3042 3242 3124 utantur,
3301 3055 3424 3108 eos

551 3156 995 3230 altrinsecus
1038 3181 1082 3232 a
1136 3160 1608 3231 theloneorum
1645 3158 2132 3231 exactionibus
2183 3157 2440 3252 quibus
2489 3156 2581 3229 ad
2643 3156 2936 3231 invicem
2993 3158 3421 3253 frequentius

553 3280 1082 3372 gravabantur,
1124 3283 1469 3357 immunes
1511 3294 1582 3356 et
1628 3283 1880 3355 liberos
1929 3280 2078 3353 fleri
2123 3281 2608 3374 dignaremur,
2648 3280 2980 3354 videlicet
3011 3291 3092 3353 ut
3134 3282 3308 3356 inter
3343 3303 3422 3368 se

550 3405 857 3477 nullum
901 3406 1204 3479 debeant
1244 3409 1362 3500 jus
1407 3408 1883 3479 theloneorum
1932 3405 2321 3478 exsolvere.
2361 3407 2502 3478 Nos
2556 3426 2723 3497 ergo
2768 3427 3008 3479 eorum
3057 3407 3422 3503 supplica-

551 3529 890 3602 tionibus
962 3531 1307 3623 inclinati,
1380 3529 1815 3604 attendentes
1874 3551 2122 3624 puram
2182 3551 2425 3601 eorum
2485 3528 2696 3603 fidem
2759 3540 2830 3602 et
2887 3540 3082 3625 grata
3138 3532 3422 3605 servitia

548 3651 844 3747 quibus
897 3655 1234 3747 majestati
1291 3667 1519 3728 nostre
1568 3653 1987 3726 studuerunt
2034 3674 2306 3747 semper
2360 3661 2428 3725 et
2476 3652 2757 3726 student
2798 3653 3052 3727 devota
3105 3657 3413 3749 placere,

555 3775 935 3869 predictos
965 3777 1154 3851 cives
1184 3778 1365 3852 Novi
1402 3777 1559 3851 Fori
1595 3786 1661 3851 at
1694 3777 2082 3870 Nurmberg
2124 3774 2367 3849 fideles
2403 3788 2677 3849 nostros
2711 3777 2801 3848 ab
2836 3777 3026 3849 omni
3053 3778 3214 3868 jure
3255 3778 3421 3851 the-

564 3896 944 3972 loneorum
978 3901 1157 3973 inter
1191 3923 1270 3974 se
1314 3910 1650 3997 perpetuo
1693 3901 1943 3973 liberos
1987 3918 2141 3973 csse
2176 3899 2503 3974 volumus
2549 3908 2619 3971 et
2666 3899 3054 3972 immunes:
3096 3900 3420 3974 videlicet

571 4033 660 4097 ut
694 4046 824 4097 nec
852 4025 1046 4097 cives
1072 4027 1250 4099 Novi
1282 4027 1437 4100 Fori
1470 4026 1660 4121 apud
1694 4026 2085 4119 Nurmberg
2119 4047 2247 4097 nec
2274 4025 2467 4096 cives
2497 4023 2887 4118 Nurmberg
2921 4025 3111 4120 apud
3141 4026 3419 4098 Novum

580 4144 837 4220 Forum
893 4150 1035 4224 ullo
1080 4158 1389 4246 tempore
1430 4152 1608 4224 inter
1650 4173 1726 4223 sc
1771 4149 2164 4223 theloneum
2211 4148 2578 4221 exsolvere
2616 4155 3011 4239 teneantur;
3050 4148 3146 4222 ita
3188 4157 3419 4223 tamen

586 4271 776 4363 quod
827 4283 1205 4367 proventus
1251 4297 1428 4370 quos
1472 4276 1544 4347 in
1574 4275 1969 4347 civitatibus
2005 4270 2421 4368 supradictis
2459 4269 2652 4344 curia
2687 4280 2918 4344 nostra
2952 4271 3042 4345 de
3078 4272 3422 4347 theloneis

590 4396 938 4490 percipere
971 4401 1332 4472 consuevit
1368 4422 1529 4471 cum
1565 4400 1752 4472 omni
1793 4399 2181 4493 integritate
2220 4397 2599 4488 solvantur,
2628 4405 2697 4468 et
2729 4395 2924 4490 quod
2956 4419 3078 4491 per
3111 4398 3284 4471 alias
3309 4400 3420 4470 ci·-

591 4517 836 4592 vitates
882 4529 953 4592 et
994 4523 1144 4595 loca
1177 4522 1436 4617 quibus
1479 4522 1796 4595 exhiberi
1845 4523 2243 4595 theloneum
2301 4521 2578 4593 solitum
2624 4528 2769 4611 est,
2823 4521 3186 4616 utriusque
3231 4521 3419 4594 civi-

591 4639 739 4713 tatis
774 4640 1004 4716 incole
1050 4645 1323 4719 debitas
1362 4646 1661 4719 rationes
1707 4645 2179 4719 theloneorum
2213 4646 2603 4732 exsolvant,
2648 4663 2738 4716 ne
2773 4644 2935 4735 jura
2962 4644 3229 4741 imperii
3274 4667 3416 4741 que

591 4770 905 4839 tenemur
958 4788 1214 4864 augere
1262 4768 1635 4844 videantur
1680 4791 1776 4844 ex
1820 4769 1952 4844 hoc
2007 4769 2446 4865 aliquatenus
2490 4767 2841 4842 minorari.
2898 4767 3010 4841 Ad
3061 4770 3260 4861 cujus
3312 4770 3412 4843 rei

3524 1322 3750 1375 Augustae
3761 1353 3775 1373 ,

3532 1377 3777 1419 novembri.
