4500 5956
604 625 801 704 lxmcr.
837 625 929 703 9.]
1506 624 1897 685 HISTORIA
1947 622 2535 685 MPLOMATch.
3303 621 3422 682 887

496 849 503 856 μ
605 768 931 853 angusto,
963 759 1343 833 Jerusalem
1381 768 1450 831 et
1477 759 1711 833 Sicilie
1741 780 1932 852 rege,
1971 781 2155 832 anno
2185 758 2453 852 imperii
2485 759 2636 849 ejus
2671 766 2869 832 sexto
2900 755 3196 847 decimo,
3229 760 3422 852 regni

604 903 773 956 vero
807 882 1039 953 Sicilie
1077 879 1421 955 tricesimo
1458 890 1739 973 octavo,
1781 882 2090 955 feliciter.
2134 883 2382 954 Amen.

704 1008 954 1079 Datum
987 1005 1179 1101 apud
1214 1004 1624 1100 Augustam,
1669 1029 1877 1100 anno,
1920 1029 2155 1080 mense
2180 1017 2252 1081 et
2295 1006 2671 1080 indictione
2709 1007 3126 1101 prescriptis.

716 1582 1178 1691 Fridericus‚
1235 1584 1755 1668 Romanorum
1808 1585 2248 1693 imperator,
2288 1585 2767 1694 privilegium
2813 1585 3157 1693 Liupoldi
3206 1586 3420 1668 Aus-

609 1715 797 1796 triae
868 1716 1086 1798 ducis
1148 1717 1246 1799 de
1300 1743 1501 1799 anno
1572 1718 1810 1822 1202,
1870 1719 1921 1797 8
1969 1715 2205 1825 junii,
2265 1718 2692 1826 praeposito
2745 1728 2820 1799 et
2869 1719 3268 1800 conventui
3330 1718 3425 1800 de

609 1847 1212 1957 Berchtesgaden
1269 1877 1498 1958 super
1549 1850 2027 1933 immunitate
2070 1851 2543 1935 teloneorum
2598 1851 2977 1933 indultum
2995 1913 3018 1957 ,
3059 1849 3322 1933 inserit
3355 1861 3429 1934 et

610 1983 1045 2065 renovando
1080 1983 1509 2066 confirmat.

767 2197 1011 2274 (incdit.
1056 2215 1132 2258 ex
1163 2200 1434 2276 originali
1470 2201 1532 2257 in
1566 2197 1805 2259 archivo
1844 2197 2287 2257 vindobonensi
2313 2203 2614 2258 asservato
2627 2241 2646 2276 ‚
2672 2201 2846 2275 cujus
2865 2213 2994 2257 eam
3018 2197 3429 2259 tantummodo

852 2307 1125 2364 notitiam
1147 2321 1330 2383 quam
1355 2305 1564 2365 habuit
1589 2303 1835 2364 libenter
1869 2304 2041 2364 nobis
2073 2307 2403 2364 transmisit
2425 2304 2499 2364 el.
2532 2306 2625 2363 vir
2648 2302 3050 2381 Boehmerns.)

706 2492 956 2562 Datum
993 2490 1273 2581 werde,
1315 2510 1497 2562 anno
1530 2488 1873 2561 dominice
1907 2489 2396 2562 incarnationis
2421 2489 2905 2579 MCCXXXVI,
2959 2510 3198 2563 mense
3240 2491 3422 2582 julii,

613 2635 792 2687 none
828 2614 1248 2686 indictionis.

1029 2917 1958 2931 ΨΜ
1967 2914 2482 2925 ——n-o--v———ov-——o—
2495 2914 2743 2922 ---—-—-
2753 2911 2988 2924 *CO-⁴-

716 3207 1141 3293 Fridericus
1158 3269 1181 3313 ,
1222 3207 1742 3289 Romanorum
1786 3204 2227 3313 imperator,
2267 3204 2689 3287 Ekkeberto
2733 3205 3082 3315 episcopo
3117 3206 3427 3290 Baben-

611 3339 964 3450 bergensi
1001 3340 1081 3419 in
1116 3337 1325 3420 villa·
1360 3338 1417 3420 F
1420 3336 2008 3418 rankenmarket
2057 3335 2313 3419 forum
2350 3336 2941 3442 hebdomadale,
2983 3338 3144 3420 sine
3196 3365 3426 3447 prae-

3537 1599 3729 1645 wudu
3740 1631 3755 1655 ,

3581 1655 3711 1708 julio.

3540 3234 3752 3331 ..sss

3595 3340 3724 3394 julio.
3763 3317 3777 3339 ⁹

605 3472 893 3582 judicio
921 3470 1116 3580 juris
1154 3469 1414 3577 alieni,
1454 3470 1533 3550 in
1571 3468 1911 3578 qualibet
1943 3468 2132 3552 feria
2177 3470 2398 3552 tertia
2441 3469 3013 3578 celebrandum,
3052 3473 3419 3555 concedit.
3551 3572 3556 3577 Ἴ

770 3690 964 3768 (Edit.
1007 3687 1084 3748 ab
1123 3688 1467 3760 Boanum,
1507 3683 1824 3747 lala-hiiah.
1865 3684 1970 3745 der
2006 3686 2282 3763 Literni„
2325 3687 2430 3748 XL
2464 3688 2660 3761 Band,
2700 3705 2760 3764 p.
2809 3697 3106 3766 115·116,
3136 3720 3216 3735 -·
3240 3696 3300 3749 et
3321 3706 3415 3767 ap.

852 3794 1116 3855 Monam.
1146 3793 1331 3866 Boia,
1359 3799 1407 3853 t.
1440 3794 1630 3867 XXX,
1659 3809 1719 3869 p.
1754 3802 1891 3866 250,
1932 3808 2101 3852 num.
2131 3792 2503 3867 DCCXLIII,
2532 3810 2609 3853 ex
2654 3793 2921 3870 originali
2965 3794 3122 3853 unde
3167 3794 3426 3872 sigillum

853 3902 1077 3961 laesum
1104 3899 1398 3976 appendet
1422 3916 1496 3958 ex
1526 3904 1830 3976 segmento
1863 3897 2360 3975 membranaceo.)

708 4084 1179 4185 Fri[dericns],
1212 4087 1336 4159 Dei
1372 4087 1590 4179 gratia
1621 4087 2078 4159 Romanorum
2119 4085 2491 4180 imperator
2519 4106 2788 4179 semper
2825 4094 3186 4177 augustus,
3227 4088 3425 4159 Jeru-

614 4212 827 4285 salem
862 4222 931 4285 et
965 4210 1193 4282 Sicilie
1228 4231 1382 4282 rex.
1415 4210 1544 4282 Per
1579 4231 1862 4303 presens
1896 4210 2225 4303 scriptum
2260 4219 2499 4280 notum
2531 4230 2682 4281 esse
2719 4210 3038 4281 volumus
3083 4210 3425 4284 universis

615 4335 884 4432 imperii
950 4333 1271 4406 fidelibus
1325 4344 1463 4406 tam
1518 4334 1949 4428 presentibus
2009 4354 2222 4427 quam
2273 4332 2522 4405 futuris
2577 4333 2771 4426 quod
2821 4354 2944 4406 nos
2996 4334 3424 4409 attendentes

617 4469 810 4553 grata
858 4459 1152 4531 servicia
1201 4480 1340 4551 qne
1393 4454 1687 4539 dilectus
1735 4457 2050 4552 princeps
2101 4467 2330 4530 noster
2380 4458 2790 4530 venerabilis
2839 4447 3426 4552 Babenbergensis

616 4584 978 4677 episcopus
1011 4581 1216 4651 nobis
1260 4582 1496 4676 sepius
1533 4581 1784 4652 devote
1816 4580 2134 4651 exhibuit
2168 4591 2239 4652 et
2267 4580 2339 4651 in
2373 4590 2573 4654 antea
2611 4581 2943 4654 exhibere
2980 4584 3225 4677 poterit
3261 4606 3431 4677 gra-

618 4703 1317 4796 ciora'‚.concedimus
1344 4715 1414 4776 et
1441 4704 1884 4797 indulgemus
1920 4703 2144 4778 eidem
2181 4704 2252 4775 in
2287 4705 2453 4780 villa
2477 4728 2602 4779 sua
2636 4706 2828 4801 apud
2859 4706 3436 4781 Frankenmarket
