4500 5956
657 665 848 724 laniet.
882 658 968 743 8.]
1541 659 1940 724 HISTORIA
1993 662 2501 725 DlPLOMATlC
2516 661 2581 721 A.
3358 662 3467 720 751

657 794 837 889 regia
869 815 998 867 seu
1040 794 1477 888 imperatoria
1521 798 1879 892 suscipiat.
1929 798 2320 892 Adjicimus
2378 796 2583 870 etiam
2630 803 2708 867 ut
2751 795 2931 867 sicut
2984 816 3078 866 ex
3137 795 3472 868 sententia

659 914 1048 1012 principum
1083 938 1312 989 coram
1351 918 1549 990 nohis
1576 919 1969 1012 judicatum
2011 932 2148 1012 est,
2193 922 2427 992 nullus
2475 917 2961 991 villicationem
2993 917 3067 989 in
3098 916 3473 1012 possessio·

659 1042 862 1115 nibus
898 1039 995 1114 ad
1024 1040 1329 1113 eundem
1359 1041 1589 1114 locum
1624 1044 2129 1139 pertinentibus
2153 1042 2566 1118 hereditario
2591 1043 2750 1134 jure
2782 1049 3010 1114 teneat
3042 1042 3155 1113 vel
3179 1050 3467 1135 repetat,

656 1166 777 1239 sed
808 1165 1027 1239 abbas
1062 1167 1184 1258 qui
1220 1187 1347 1261 pro
1374 1174 1677 1261 tempore
1717 1169 1923 1242 fuerit
1964 1167 2293 1241 idoneum
2321 1178 2391 1241 et
2427 1166 2701 1240 fidelem
2735 1166 3046 1239 villicum
3090 1165 3182 1238 de
3217 1167 3472 1240 familia

656 1289 1045 1362 monasterii
1076 1290 1446 1362 constituat
1470 1298 1540 1362 et
1565 1290 1891 1385 deponat.
1927 1291 2021 1364 At
2058 1292 2120 1364 si
2154 1291 2313 1387 quis
2345 1290 2434 1364 de
2478 1291 2734 1363 familia
2786 1291 3176 1362 monasterii
3237 1291 3470 1363 abbati

653 1434 778 1485 suo
808 1413 1079 1485 rebellis
1107 1414 1432 1485 inventus
1460 1413 1699 1506 fuerit,
1738 1435 1834 1486 ex
1858 1415 2132 1508 Judicio
2174 1424 2246 1488 et
2282 1415 2703 1489 districtione
2741 1415 3010 1510 parium
3045 1435 3329 1486 suorum
3370 1413 3464 1487 ad

653 1535 1178 1609 satisfactionem
1226 1537 1496 1609 abbatis
1540 1543 1852 1629 cogatur.
1910 1539 2360 1612 Decernimus
2394 1559 2559 1633 ergo
2593 1549 2663 1610 et
2695 1537 3026 1631 imperiali
3072 1538 3472 1611 auctoritate

653 1659 1068 1754 precipimus
1119 1669 1199 1732 ut
1240 1661 1474 1732 nullus
1526 1681 2007 1735 successorum
2064 1673 2452 1735 nostrorum
2513 1684 2753 1755 regum
2816 1670 2886 1732 et
2938 1660 3459 1755 imperatorum,

652 1784 880 1853 nullus
911 1783 1309 1877 episcopus,
1369 1781 1561 1872 dux,
1618 1783 1956 1877 marchio,
2011 1806 2240 1857 comes
2267 1785 2378 1856 vel
2413 1785 2800 1855 vicecomes
2847 1794 2968 1855 aut
3002 1783 3133 1854 alia
3167 1784 3469 1876 quelibet

653 1927 942 1999 persona
987 1927 1234 1998 magna
1276 1905 1429 1978 sive
1464 1928 1681 1999 parva
1718 1906 1928 2001 hujus
1960 1916 2192 1981 nostre
2222 1908 2687 1980 renovationis
2725 1905 3308 1978 confirmationem
3346 1907 3470 1977 in·-

652 2029 951 2123 sringere
982 2039 1374 2124 presumat,
1431 2028 1559 2103 sed
1607 2030 1960 2126 predictus
1997 2033 2215 2104 abbas
2261 2032 2511 2124 suique
2553 2053 2986 2104 successores
3036 2040 3262 2102 nostra
3318 2032 3467 2103 freti

646 2153 1054 2226 auctoritate
1080 2153 1260 2225 bona
1292 2154 1688 2227 monasterii
1705 2155 2171 2248 recolligendo
2198 2156 2554 2250 pristinam
2589 2154 2902 2245 ejusdem
2932 2155 3062 2225 loci
3091 2154 3470 2227 libertatem

646 2279 797 2349 sine
846 2277 1323 2372 impedimenti
1366 2278 1680 2351 molestia
1728 2278 2107 2352 obtineant.
2160 2279 2232 2349 Si
2282 2279 2443 2373 quis
2495 2299 2696 2363 vero,
2749 2276 2942 2372 quod
2995 2278 3207 2368 absit,
3257 2278 3465 2371 hujus

646 2403 948 2495 precepti
987 2400 1200 2474 nostri
1231 2408 1565 2473 statutum
1593 2402 1968 2495 infringere
2018 2402 2486 2496 temptaverit,
2534 2410 2810 2474 centum
2856 2401 3064 2473 libras
3112 2403 3264 2473 auri
3316 2404 3465 2497 puri

640 2534 1036 2620 componat,
1069 2547 1366 2619 quarum
1389 2534 1651 2621 partem
1681 2524 2042 2599 dimidiam
2072 2525 2237 2599 fisco
2269 2536 2497 2598 nostro
2517 2524 2946 2619 et'reliquam
2977 2526 3288 2620 predicto
3316 2549 3465 2599 mo-

648 2649 947 2722 nasterio
1003 2651 1377 2744 persolvat.
1438 2650 1526 2723 Ut
1556 2661 1789 2723 autem
1842 2651 1972 2723 hec
2023 2651 2115 2723 ab
2167 2649 2494 2722 omnibus
2533 2649 2900 2722 credantur
2959 2660 3030 2721 et
3063 2650 3469 2723 inconvulsa

634 2774 1056 2867 habeantur,
1084 2773 1265 2846 hanc
1300 2774 1471 2847 inde
1494 2783 1757 2846 cartam
1794 2774 2006 2845 scribi
2028 2774 2363 2866 jussimus
2394 2783 2467 2846 et
2498 2772 2937 2844 sublimitatis
2977 2781 3206 2844 nostre
3236 2773 3461 2866 sigillo

639 2919 857 2971 aureo
881 2898 1293 2970 communiri
1322 2896 1464 2994 (l),
1505 2918 1857 2993 manuque
1894 2898 2171 2994 propria
2201 2895 3024 2971 corroborantesidoneos
3058 2905 3263 2969 testes
3285 2898 3467 2970 sub-

632 3021 864 3094 notari
897 3022 1191 3094 fecimus
1211 3075 1230 3111 ‚
1267 3043 1565 3116 quorum
1595 3022 1728 3095 hec
1750 3031 1914 3094 sunt
1944 3023 2224 3095 nomina
2268 3049 2284 3092 ε

738 3143 1154 3218 Godel'ridus
1194 3145 1683 3240 Aquilegensis
1730 3146 2153 3242 patriarcha,
2222 3145 2581 3240 Philippus
2641 3143 3061 3216 Coloniensis
3121 3144 3461 3239 archiepi-

626 3290 922 3364 scopus,
951 3269 1365 3343 Willielmus
1388 3270 1754 3342 Ravennas
1775 3270 2371 3365 archiepiscopus,
2400 3270 2560 3340 Otto
2584 3267 3040 3361 Frisingensis
3068 3268 3459 3364 episcopuS,

618 3392 1036 3465 Bonifacius
1059 3392 1507 3466 Novariensis
1531 3393 1899 3488 episcopus
1913 3446 1934 3484 ,
1966 3394 2315 3466 Iohannes
2348 3395 2595 3466 Sancte
2618 3391 3030 3486 Agathensis
3054 3392 3422 3489 episcopus
3438 3446 3458 3483 ‚

620 3516 965 3591 liufridus
1011 3517 1229 3590 abbas
1275 3517 1508 3591 Sancti
1556 3517 1908 3591 Benedicti
1959 3518 2209 3590 Montis
2245 3516 2504 3606 Casini,
2556 3517 2940 3589 Willelmus
2978 3516 3195 3589 abbas
3221 3517 3466 3589 Sancte

617 3640 896 3738 Sophie
932 3641 1005 3713 in
1032 3642 1424 3715 Benevento
1442 3693 1463 3730 ,
1503 3642 1661 3714 Otto
1684 3642 2094 3714 Boemorum
2125 3642 2278 3715 dux
2295 3695 2316 3733 ,
2349 3640 2706 3713 Conradus
2735 3638 2887 3712 dux
2910 3638 2999 3712 de
3021 3640 3458 3730 Rotemburc,

614 3764 1051 3839 Bertholdus
1083 3766 1236 3838 dux
1266 3766 1601 3838 Dalmatie
1620 3773 1691 3837 et
1711 3765 2018 3838 marchio
2039 3765 2339 3861 Hystrie,
2375 3764 2709 3835 Henricus
2740 3760 3044 3835 marchio
3069 3761 3159 3833 de
3180 3762 3468 3834 Romes-

628 3887 891 3978 berch,
931 3888 1267 3960 Henricus
1293 3889 1500 3960 frater
1536 3886 1736 3960 ducis
1768 3887 2077 3978 Austrie,
2127 3886 2380 3958 Albero
2416 3906 2647 3958 comes
2674 3884 2764 3957 de
2789 3886 3020 3974 Bogen
3041 3934 3062 3972 ,
3117 3883 3461 3955 Gerardus

624 4032 874 4083 comes
908 4008 998 4082 de
1023 4011 1477 4103 Tullenstein,
1532 4009 1885 4083 Raboldus
1909 4030 2140 4082 eomes
2184 4008 2276 4081 de
2310 4005 2785 4092 Ortembercb,
2837 4006 3179 4077 Gunterus
3224 4025 3458 4077 comes

627 4133 729 4207 de
766 4133 1242 4219 Kevernberc‚
1299 4135 1539 4205 Petrus
1563 4134 1756 4206 urbis
1781 4135 1992 4206 Rome
2017 4135 2393 4228 prefectus,
2434 4130 2855 4203 Thedericus
2893 4149 3126 4201 comes
3158 4127 3248 4201 de
3289 4129 3463 4200 Hos-

634 4256 882 4349 taden,
937 4257 1339 4330 Lambertus
1367 4280 1599 4331 comes
1633 4256 1724 4330 de
1746 4258 2178 4351 Thuringen,
2219 4253 2603 4329 Richardus
2625 4275 2855 4327 comes
2891 4251 3168 4344 Consie,
3204 4253 3466 4327 Willel-

635 4401 795 4453 mus
823 4403 1059 4454 comes
1091 4382 1400 4474 Caserte‚
1433 4390 1505 4457 et
1537 4382 1653 4456 alii
1680 4382 2152 4478 quamplures,

3275 4569 3456 4578 ’-Μ

2821 4573 2872 4580 ...—

713 4679 809 4755 (η’
828 4680 986 4740 Bulla
1000 4673 1217 4744 flent-ici
1233 4701 1399 4744 aurea
1417 4657 1620 4759 optime
1636 4681 1895 4759 expressa
1915 4689 1974 4743 et
1993 4682 2335 4757 integerrima
2352 4681 2549 4756 pendet
2575 4679 2645 4739 ab
2663 4679 2906 4752 originali
2932 4677 2984 4734 in
3005 4677 3224 4735 archivo
3249 4673 3472 4733 Bruxel-

651 4771 781 4835 lensi
794 4779 1102 4838 tessaram.
1150 4775 1155 4808 ²
1334 4771 1337 4774 ‘
1470 4803 1477 4810 ·
1622 4809 1627 4812 ,
