4500 5956
1040 612 1161 673 sse
2033 604 2459 670 rmnsmm
2507 600 2859 666 saeuum
3477 600 3638 681 [An.
3676 602 3853 665 1236.

1039 745 1267 818 modis
1301 744 1547 818 nostris
1585 742 2035 835 intendimus,
2070 740 2198 816 sed
2228 742 2300 812 in
2344 741 2477 812 hoc
2519 738 2744 811 crucis
2791 734 3161 830 negocium
3198 732 3655 810 directissime
3686 760 3861 833 pro-

1038 876 1356 959 curatur,
1413 867 1582 940 dum
1634 867 2010 940 rebellibus
2061 865 2313 940 nostris
2356 863 2537 935 circa
2593 871 2822 957 partes
2875 858 3066 932 Italie
3124 858 3196 929 in
3241 860 3585 953 gremium
3630 872 3862 936 nostre

1038 992 1253 1085 gratie
1290 991 1652 1081 revocatis,
1704 989 2085 1063 discordias
2123 986 2225 1082 (a)
2273 986 2643 1059 multorum
2689 983 3028 1056 nobilium
3075 981 3466 1056 desiderato
3517 982 3656 1056 fine
3699 1007 3858 1081 pre-

1040 1114 1334 1187 cidimus
1372 1139 1388 1183 :
1426 1113 1549 1206 qui
1592 1122 1771 1187 vota·
1801 1135 1929 1187 sua
1971 1115 2041 1184 in
2083 1122 2405 1185 eventum
2452 1106 2852 1201 hujusmodi
2907 1105 3453 1202 suspenderunt,
3493 1128 3581 1181 ne
3635 1109 3860 1181 crucis

1035 1235 1389 1329 signaculo
1423 1237 1836 1330 presignitos
1884 1236 2235 1310 christiani
2281 1234 2545 1307 cruoris
2589 1232 2866 1320 effusi0,
2906 1232 3068 1303 licet
3118 1231 3304 1322 justa
3327 1285 3347 1319 ,
3397 1232 3490 1303 ob
3543 1231 3857 1305 debitum

1037 1367 1107 1431 et
1136 1359 1462 1431 honorem
1513 1360 1782 1454 imperii
1834 1371 1901 1432 et
1932 1360 2127 1454 regni
2176 1359 2403 1431 Sicilie
2440 1356 2562 1451 (b),
2596 1356 2994 1430 macularet.
3044 1355 3189 1427 Nos
3220 1356 3464 1445 etiam,
3515 1355 3604 1428 de
3658 1357 3858 1446 cujus

1037 1504 1247 1555 manu
1287 1483 1717 1576 potissimum
1757 1493 1936 1556 terra
1969 1483 2282 1579 predicta
2310 1481 2716 1578 prestolatur
2739 1478 3158 1570 subsidium,
3191 1480 3342 1551 sine
3374 1480 3582 1552 tacita
3616 1481 3854 1551 saltem

1037 1605 1525 1699 redargutione
1588 1607 1956 1678 multorum
1983 1661 2002 1698 ,
2061 1607 2294 1679 relicto
2353 1606 2424 1677 in
2504 1613 2644 1676 tam
2699 1603 2912 1675 nobili
2974 1604 3257 1696 regione
3319 1602 3584 1697 imperii
3644 1605 3854 1676 nostri

1038 1748 1324 1822 corpore
1390 1729 1685 1801 lacerato
1743 1739 1811 1802 et
1864 1729 2290 1801 dissimulata
2343 1727 2557 1800 veteri
2610 1727 2983 1799 rebellione
3046 1726 3408 1799 rebellium
3430 1780 3450 1816 ,
3506 1748 3860 1799 assumere

1036 1851 1250 1923 libere
1285 1860 1549 1924 tantum
1586 1853 1946 1945 negocium
1983 1874 2118 1924 non
2155 1873 2537 1947 possemus,

1136 1977 1234 2047 De
1266 1975 1426 2046 sinu
1480 1976 1731 2048 etenim
1788 1977 2009 2071 ipsius
2056 1976 2247 2050 Italic
2299 1977 2693 2071 supradicta
2744 1974 3086 2048 discordia
3119 1974 3210 2047 ad
3244 1975 3573 2048 honorem
3622 1975 3745 2047 Dei
3788 1983 3858 2046 et

1040 2100 1308 2193 imperii
1373 2099 1702 2173 laudabili
1757 2100 1897 2172 fine
1954 2100 2299 2193 sedanda,
2352 2100 2617 2195 grande
2669 2098 3048 2195 producere
3098 2120 3457 2194 speramus
3515 2099 3855 2170 auxilium

1037 2225 1240 2296 Terre
1271 2225 1544 2313 Sancte,
1572 2246 1713 2318 que
1741 2226 1936 2296 velut
1963 2226 2207 2296 incolis
2243 2226 2602 2320 populosa,
2638 2225 2868 2295 vicina
2900 2223 3266 2314 maritime,
3300 2223 3642 2316 glebeque
3664 2224 3851 2293 cultu

1035 2348 1418 2434 fructifera,
1462 2348 1534 2418 in
1575 2349 2202 2443 opportunitatibus
2246 2349 2568 2421 omnibus
2612 2369 2688 2420 se
2733 2348 2970 2419 utilem
3016 2347 3307 2419 nimium
3346 2345 3706 2419 exhibebit
3735 2343 3848 2439 (c).

1031 2470 1143 2543 Ad
1177 2471 1307 2544 hec
1341 2471 1551 2564 igitur
1590 2472 1819 2544 omnia
1863 2472 2231 2544 salubriter
2283 2472 2716 2567 procuranda
2770 2471 3022 2544 nostris
3069 2490 3208 2542 non
3246 2469 3609 2562 indulgere
3651 2456 3857 2542 labo-

1030 2594 1225 2666 ribus
1288 2615 1416 2665 nec
1463 2617 1747 2690 parcere
1800 2596 2191 2691 sumptibus
2256 2596 2734 2691 disponentes,
2781 2604 2997 2667 estate
3051 2594 3354 2689 presenti
3413 2594 3858 2689 personaliter

1031 2740 1188 2790 cum
1251 2719 1501 2790 nostris
1554 2720 1982 2815 principibus
2037 2722 2292 2792 intrare
2347 2719 2790 2793 condiximus
2844 2718 3363 2810 Lombardiam;
3419 2719 3511 2792 ad
3554 2718 3685 2790 hec
3726 2717 3855 2789 tria

1032 2842 1659 2916 considerationum
1716 2853 2101 2917 nostrarum
2155 2843 2474 2916 assiduos
2519 2844 2860 2936 cogitatus
2901 2842 3255 2937 potissime
3302 2841 3678 2936 dirigentes
3719 2868 3739 2912 t
3780 2849 3858 2912 ut

1029 2965 1377 3041 eradicata
1412 2967 1485 3038 in
1520 2967 1712 3040 Italia
1744 2966 2042 3041 heretica
2078 2969 2443 3064 pravitate,
2474 2968 2635 3059 jura
2664 2966 2965 3039 Ecclesie
3000 2975 3071 3040 et
3103 2967 3376 3062 imperii
3409 2968 3858 3040 reformemus

1031 3089 1326 3180 ibidem;
1375 3101 1450 3162 ut
1508 3112 1748 3186 pacem
1803 3090 2308 3165 discordiarum
2383 3092 2867 3165 schismatibus
2917 3091 3255 3184 fatigatis,
3309 3099 3379 3164 et
3432 3090 3855 3184 quibuslibet

1032 3214 1254 3308 passis
1302 3215 1621 3306 injuriam
1670 3217 1821 3287 sine
1874 3218 2340 3313 acceptatione
2381 3218 2691 3311 qualibet
2741 3236 3187 3311 personarum
3259 3216 3534 3309 justicie
3587 3214 3853 3310 copiam

1033 3337 1521 3410 ministremus.
1557 3378 1657 3391 -—
1683 3340 1954 3412 Scimus
1993 3342 2281 3433 etenim,
2333 3341 2621 3412 veritate
2658 3348 2987 3432 testante,
3028 3336 3221 3433 quod
3266 3338 3440 3410 nihil
3474 3337 3856 3431 malignum

1036 3460 1236 3533 nobis
1271 3460 1625 3533 adversari
1665 3465 1935 3556 poterit,
1971 3463 2138 3536 dum
2172 3465 2451 3556 justicie
2478 3466 2648 3536 solio
2678 3464 3151 3560 presidemus;
3183 3504 3282 3516 —
3309 3473 3386 3535 ut
3425 3462 3516 3535 ad
3549 3462 3856 3557 expian-

1038 3584 1203 3657 dum
1238 3585 1670 3658 inimicorum
1704 3586 1867 3659 fidei
1905 3588 2252 3683 peculiare
2280 3586 2377 3686 (d)
2408 3588 2747 3682 flagitium
2779 3589 2850 3660 in
2887 3589 3195 3685 partibus
3224 3587 3732 3678 transmarinis,
3767 3585 3857 3660 de

1033 3707 1380 3780 communi
1444 3709 2139 3781 Transmontanorum
2199 3720 2271 3781 et
2307 3710 2698 3782 Italicorum
2756 3710 3082 3802 consilio,
3127 3710 3309 3782 votis
3371 3710 3856 3782 communibus

1035 3833 1449 3905 unanimiter
1502 3834 1908 3930 aspiremus.
1960 3833 2073 3906 Ad
2125 3834 2318 3929 quod
2366 3844 2673 3908 vestrum
2718 3835 3047 3930 precipue
3098 3844 3165 3906 et
3231 3834 3441 3905 totius
3485 3833 3855 3906 christiane

1036 3958 1500 4029 universitatis
1554 3958 1974 4052 presidium,
2014 3967 2245 4031 nostra
2297 3980 2433 4032 non
2486 3969 2753 4032 tantum
2796 3959 3084 4046 utilitas,
3132 3957 3257 4030 sed
3300 3958 3451 4054 ipsa
3486 3955 3856 4029 necessitas

1036 4081 1369 4152 instanter
1428 4080 1711 4170 invitat,
1762 4103 1920 4152 cum
1967 4092 2368 4173 treugarum
2407 4081 2565 4153 finis
2604 4105 2781 4176 quas
2822 4103 2950 4154 nos
2994 4082 3066 4153 in
3110 4081 3275 4175 ipsis
3308 4081 3623 4176 partibus
3657 4079 3855 4151 exis-

1035 4213 1252 4277 tentes
1303 4204 1633 4277 inivimus
1686 4226 1843 4276 cum
1905 4204 2226 4297 soldano,
2279 4206 2422 4278 fere
2466 4208 2537 4277 in
2580 4207 2812 4299 januis
2859 4205 3220 4278 habeatur.
3269 4206 3502 4291 Quare
3550 4204 3640 4279 de
3680 4226 3856 4277 nos-

1116 4414 1197 4496 (a)
1238 4417 1353 4494 Ap.
1384 4418 1552 4479 Pertz
1577 4422 2015 4497 expectatiom.

1114 4520 1196 4601 (b)
1240 4523 1351 4600 Ap.
1381 4525 1551 4586 Pertz
1573 4528 1984 4588 tantummodo
2010 4526 2245 4607 imperit·
2267 4524 2493 4588 scilicet.

1114 4627 1187 4706 (c)
1231 4631 1349 4705 Ap.
1377 4629 1547 4691 Pertz
1575 4628 1859 4694 exhibuit.

1116 4732 1203 4815 (d)
1245 4751 1343 4813 ap.
1376 4735 1544 4796 Pertz
1559 4735 1898 4816 piaculum
1923 4741 1988 4800 in
2012 4740 2212 4802 codice
2234 4740 2548 4803 Harlciano
2564 4742 2676 4821 pia
2698 4739 3005 4805 celeritate.
