4500 5956
640 766 915 886 Q

665 1091 725 1143 ι’
743 1085 897 1162 julii.
1059 1081 1267 1143 Beate.

682 1470 896 1545 sium.
1058 1466 1265 1530 Beate.

665 1960 701 2011 6
724 1952 881 2029 julii.
1057 1953 1263 2015 Beate.

641 2539 709 2592 18
747 2533 902 2611 julii.
1054 2537 1259 2599 Beate.

1562 562 1819 622 mmzx
1867 560 2566 623 nocuussmomm.
3348 564 3471 629 985

3142 668 3169 699 x

1488 906 1615 950 rem
1639 892 1700 949 in
1731 897 2016 967 apparatu
2041 892 2287 970 pacifico
2312 896 2514 991 venire
2532 901 2867 974 properant,
2886 895 3136 958 liberum
3154 899 3471 959 transitum

1488 989 1850 1064 permittant.
3348 1003 3466 1055 470

1410 1115 1493 1128 -
1529 1083 1627 1143 Ad
1653 1084 2137 1159 supplicationem
2163 1086 2404 1147 Hem-ici
2432 1095 2493 1148 et
2530 1087 2784 1149 Conradi
2818 1087 3074 1149 fratrum
3108 1089 3491 1171 lantgravio-⁸

1489 1196 1622 1240 rum
1657 1180 2016 1258 Thur-lngiae
2033 1224 2054 1260 ,
2090 1182 2381 1260 hospitale
2416 1184 2618 1245 Sancti
2652 1185 2948 1245 Francisci
2984 1186 3144 1262 apud
3184 1187 3470 1267 Marpurg

1489 1292 1626 1336 cum
1653 1276 1930 1338 omnibus
1953 1281 2089 1356 ejus
2117 1281 2352 1356 juribus
2378 1281 2580 1341 domui
2624 1282 2932 1357 hospitalis
2967 1281 3212 1342 Sanctae
3246 1283 3469 1346 Mariae

1489 1374 1988 1435 Theutonicorum
2014 1377 2265 1436 confert.
3059 1388 3175 1439 478
3190 1422 3211 1458 ,
3238 1386 3365 1442 not.
3405 1392 3461 1444 1.

1411 1501 1490 1514 -
1527 1468 1877 1531 Lombardis
1901 1471 2104 1532 scribit
2131 1474 2312 1550 quod,
2331 1475 2382 1534 si
2408 1474 2881 1535 eismandaverit
2905 1474 3249 1536 ut11berum
3276 1482 3466 1540 trans-

1488 1569 1640 1627 itum
1679 1568 1888 1628 darent
1921 1569 2207 1630 militibus
2247 1571 2325 1630 ad
2358 1573 2768 1647 imperatorem
2811 1588 2918 1647 pro
2955 1571 3218 1633 subsidio
3260 1574 3465 1636 Eccle-

1488 1666 1609 1724 siae
1662 1671 1864 1725 contra
1924 1666 2223 1727 Romanos
2276 1669 2647 1729 venientibus
2663 1711 2683 1741 ,
2734 1684 2855 1728 non
2876 1646 2973 1727 ⁴'in
3027 1668 3225 1746 aliquo
3287 1671 3467 1732 modo

1488 1767 1858 1834 moveantur,
1879 1761 2022 1822 dum
2045 1780 2162 1823 non
2183 1771 2369 1824 cesset
2392 1782 2500 1841 pro
2522 1781 2727 1825 eorum
2748 1770 2907 1825 statu
2934 1767 3334 1827 conservando
3355 1784 3467 1844 op-

1487 1863 1740 1933 portuna
1762 1859 2005 1917 consilia
2030 1861 2309 1935 cogitare.
3177 1871 3317 1935 471,
3350 1873 3465 1925 472

1409 1986 1490 1998 -
1528 1955 1943 2015 Treverensem
1992 1955 2492 2032 archiepiscopum
2534 1963 2736 2016 monet
2785 1973 2850 2017 se
2892 1958 3147 2021 Henrico
3187 1959 3470 2021 Friderici

1485 2052 1886 2112 Romanorum
1925 2052 2297 2127 imperatoris
2327 2050 2452 2111 filio
2487 2053 2785 2128 scripsisse
2820 2059 2890 2113 ut
2908 2056 3089 2130 juxta
3127 2058 3469 2130 promIssio-

1484 2164 1619 2207 nem
1660 2163 1831 2207 suam
1866 2149 2020 2224 patri
2060 2162 2168 2207 suo
2209 2147 2463 2207 devotus
2505 2154 2565 2207 et
2598 2147 2880 2209 obediens
2916 2153 3155 2211 existat.
3187 2150 3470 2229 Alioquin

1483 2246 1921 2322 archiepiscopo
1969 2245 2217 2307 mandat
2258 2253 2327 2306 ut
2373 2246 2648 2306 eumdem
2691 2248 3014 2308 Heurlcum
3055 2265 3163 2324 pro
3215 2253 3471 2327 perjurm

1465 2346 2062 2404 excommunicatum
2110 2359 2215 2419 per
2269 2343 2625 2404 Teutoniam
2667 2347 2911 2405 nunciet
2951 2351 3011 2404 et
3053 2347 3321 2406 nunciati
3375 2346 3469 2406 fa-

1402 2442 1623 2595 -οίέξί
1643 2551 1845 2612 preces
1857 2536 2142 2597 Friderlci
2163 2538 2566 2598 Romanorum
2588 2537 2980 2613 imperatoris,
2994 2537 3178 2597 electo
3200 2451 3467 2599 eun-1:133

1481 2634 1749 2693 concedit
1774 2639 1844 2692 ut
1881 2630 2109 2694 {ructus
2145 2631 2560 2692 beneficiorum
2597 2649 2751 2709 quae
2786 2634 2951 2709 prius
2989 2635 3271 2694 canonice
3308 2634 3468 2694 obti-

1482 2729 1679 2801 nebat,
1707 2746 1893 2807 usque
1919 2729 1997 2791 ad
2025 2746 2201 2790 suum
2228 2729 2662 2804 beneplacitum
2689 2731 2939 2789 retinere
2966 2731 3172 2806 possit.
3344 2739 3463 2790 478

674 2831 707 2882 7
735 2839 877 2904 aug.
932 2824 1367 2904 Ap.Arron-.
1401 2859 1485 2870 —
1523 2825 1796 2886 Nobilem
1825 2828 2022 2885 virum
2057 2826 2390 2885 Iohannem
2432 2824 2507 2883 de
2546 2823 2774 2884 Ibelino
2812 2826 3008 2902 arguit
3047 2823 3209 2901 quod
3242 2824 3467 2885 Fride-

657 3114 859 3200 staug.
1029 3115 1275 3194 Spoleti.

667 3608 701 3659 8
728 3617 866 3681 aug.
1025 3597 1267 3679 Spoleti.

649 4089 684 4139 4
714 4087 866 4160 sept.
1016 4078 1260 4156 Spoleti.

653 4474 723 4527 27
746 4473 863 4531 oct.
1012 4465 1259 4527 Petillii.

773 4766 880 4829 IV.
922 4780 1107 4827 Par-2.

1483 2926 1672 2985 ricum
1699 2924 2098 2985 Romanorum
2128 2924 2536 3000 imperatorem
2561 2918 2897 2996 offenderit,
2922 2924 3093 3000 eique
3119 2921 3366 2982 mandat
3393 2928 3465 2983 ut

1477 3022 1822 3084 satisfaciat.
3103 3028 3211 3079 481
3250 3026 3311 3080 et
3341 3027 3454 3081 943

1398 3149 1481 3165 -
1520 3117 1811 3179 Omnibus
1856 3115 2130 3192 praelatis
2173 3115 2689 3192 Hierosolymitani
2728 3117 2894 3193 regni
2922 3117 3159 3176 nuntiat
3172 3158 3189 3188 ‚
3219 3132 3283 3176 se
3322 3132 3461 3177 cum

1476 3216 1694 3276 Terrae
1719 3214 1968 3276 Sanctae
1995 3212 2256 3273 subsidio
2284 3212 2754 3273 subveniendum
2779 3213 3133 3288 providerit,
3161 3213 3238 3273 ad
3264 3221 3459 3289 partes

1476 3314 1610 3375 illas
1627 3313 1925 3373 destinare
1950 3310 2380 3372 Theodericum
2407 3311 2725 3371 Ravennae
2746 3309 3270 3386 archiepiscopum,
3303 3311 3461 3387 Apo-

1477 3408 1717 3470 stolicae
1743 3406 1911 3469 Sedis
1934 3406 2226 3483 legatum,
2259 3408 2357 3465 cui
2384 3422 2562 3482 super
2588 3421 2731 3481 pace
2756 3404 2840 3465 ibi
2866 3405 3237 3467 reformanda
3263 3410 3457 3468 inten-

1476 3506 1615 3565 dere
1641 3508 1976 3580 procurent.
3338 3510 3448 3562 481

1396 3633 1479 3647 -
1513 3600 1797 3660 Praelatis
1822 3604 1883 3657 et
1907 3597 2195 3656 universis
2228 3598 2394 3674 regni
2428 3595 2945 3672 Hierosolymitani
2972 3595 3214 3655 mandat
3245 3602 3315 3656 ut
3346 3613 3455 3672 pa-

1473 3712 1604 3759 cem
1631 3699 1788 3756 iuter
1812 3697 1969 3770 ipsos
2010 3700 2073 3753 et
2108 3694 2523 3768 imperatorem
2565 3693 2770 3751 initam
2806 3692 3222 3751 inviolabiliter
3253 3692 3455 3752 obser-

1471 3799 1644 3863 vent3
1702 3791 1963 3867 alioquin
2012 3804 2077 3848 se
2128 3788 2564 3864 archiepiscopo
2616 3786 2947 3846 Ravennati
3002 3787 3332 3862 injunxisse
3382 3794 3453 3847 ut

1470 3891 1670 3950 omnia
1696 3889 1761 3947 in
1786 3902 1926 3947 eum
1965 3889 2185 3945 statum
2219 3884 2464 3944 reducat
2489 3885 2551 3942 in
2591 3899 2710 3960 quo
2738 3889 2873 3943 ante
2898 3881 3199 3942 subortam
3228 3885 3450 3944 discor-

1469 3987 1630 4047 diam
1655 3984 1839 4044 fuisse
1865 3988 2212 4042 noscuntur.
3150 3987 3292 4051 482,
3326 3988 3440 4040 488

1386 4115 1469 4129 -
1506 4082 1827 4144 Universos
1870 4077 2071 4138 fideles
2117 4093 2222 4153 per
2271 4075 2550 4153 Angliam
2615 4074 2966 4134 constitutos
3023 4080 3223 4134 monet
3283 4077 3445 4153 quod

1465 4196 1652 4258 quum
1697 4181 1932 4238 vicinus
1973 4178 2053 4236 sit
2092 4176 2383 4235 terminus
2418 4180 2756 4250 treugarum
2796 4171 2873 4232 ab
2910 4173 3261 4249 imperatore
3304 4191 3444 4237 cum

1463 4277 1709 4338 soldano
1745 4277 2025 4334 initarum
2040 4315 2057 4344 ,
2087 4274 2341 4349 quisque
2364 4270 2443 4330 ad
2469 4270 2682 4330 Terrae
2705 4268 2953 4331 Sanctae
2987 4269 3317 4331 subsidium
3345 4276 3442 4332 vi-

1465 4375 1650 4433 riliter
1673 4388 1739 4432 se
1764 4372 2054 4447 accingat.
3047 4373 3188 4437 482,
3217 4374 3345 4430 not.
3383 4378 3441 4432 1.

1387 4501 1464 4513 —
1504 4466 1851 4528 Rectoribus
1889 4464 2193 4525 Societatis
2236 4459 2625 4522 Lombardiae
2659 4459 2863 4520 scribit
2900 4461 3314 4537 imperatorem
3346 4471 3444 4525 to-

1464 4571 1594 4624 tum
1622 4565 1922 4640 negotium
1952 4559 2111 4636 quod
2137 4563 2292 4619 inter
2314 4561 2511 4635 ipsum
2531 4565 2592 4618 et
2614 4557 2977 4618 Lombardos
3003 4561 3272 4634 vertitur,
3305 4578 3445 4637 pro-

1465 4661 1676 4720 visioni
1701 4659 1995 4719 Ecclesiae
2034 4658 2294 4734 praecise
2332 4656 2725 4730 commisisse3
2756 4655 2916 4716 unde
2939 4656 3087 4732 petit
3110 4660 3180 4716 ut
3203 4657 3316 4717 sibi
3343 4674 3446 4734 pa-

3015 4768 3129 4821 124
