4500 5956
1080 548 1203 613 786
2085 551 2521 617 rmnssalcl
2566 548 2917 615 summm
3527 546 3689 628 [Am.
3726 547 3906 614 19:35.

1084 682 1398 759 sentibus
1463 691 1535 757 et
1594 683 1850 758 futuris
1912 688 2237 763 volumus
2288 710 2442 764 esse
2500 696 2745 763 notum
2809 682 3005 780 quod
3058 681 3439 759 Ruodolt'us
3500 681 3912 757 venerabilis

1084 805 1305 881 abbas
1340 806 1732 900 Faucensis‚
1765 808 2057 887 dilectus
2086 812 2315 887 fidelis
2347 822 2602 904 noster,
2636 808 3080 907 privilegium
3109 807 3467 903 quoddam
3497 806 3913 882 monasterio

1088 953 1218 1006 suo
1248 929 1601 1004 indultum
1632 954 1675 1005 a
1711 933 1913 1007 nobis
1944 943 2252 1034 tempore
2279 938 2479 1033 regni
2516 936 2731 1011 nostri
2765 944 2998 1009 nostre
3026 933 3417 1009 celsitudini
3450 931 3905 1028 presentavit3

1088 1053 1486 1149 supplicans
1515 1063 1595 1127 ut
1623 1054 1801 1131 illud
1828 1057 2191 1153 innovare,
2227 1071 2300 1137 et
2336 1084 2478 1157 que
2517 1058 3048 1135 continebantur
3092 1057 3354 1153 inipso
3382 1053 3788 1130 confirmare
3821 1054 3914 1129 de

1086 1186 1329 1251 nostra
1359 1176 1805 1273 dignaremur
1834 1183 2086 1277 gratia3
2134 1186 2339 1277 cuius
2372 1194 2567 1259 tenor
2602 1192 2709 1258 est
2737 1204 2862 1279 per
2894 1181 3128 1256 omnia
3162 1180 3369 1254 talis:

1185 1300 1535 1397 (Sequitur
1572 1303 1655 1376 de
1699 1305 1892 1379 verbo
1928 1307 2024 1378 ad
2057 1308 2326 1382 verbum
2349 1307 2778 1404 privileqium
2806 1305 2998 1403 apud
3034 1306 3333 1394 Ulmam,
3376 1306 3472 1378 40
3510 1301 3918 1399 septembris

1086 1447 1273 1500 anno
1305 1427 1498 1502 4248
1533 1428 1792 1518 datum,
1828 1431 2005 1524 quod
2023 1455 2230 1525 supra
2257 1433 2710 1523 emhibuimus,
2757 1441 2809 1504 t.
2840 1432 2900 1523 1,
2931 1453 3003 1526 p.
3043 1427 3252 1525 555.)

1186 1549 1329 1623 Nos
1365 1550 1576 1644 igitur
1621 1553 2053 1628 attendentes
2108 1554 2321 1629 fidem
2374 1566 2444 1631 et
2498 1556 2938 1631 devotionem
2974 1556 3194 1650 ipffius
3238 1553 3511 1627 abbatis
3560 1572 3770 1646 quam
3823 1548 3917 1624 ad

1091 1673 1569 1749 celsitudinem
1627 1686 1931 1750 nostram
1984 1678 2192 1753 habet
2212 1733 2237 1772 ‚
2276 1682 2425 1755 suis
2478 1680 3100 1777 supplicationibus
3143 1677 3451 1751 inclinati
3470 1729 3492 1768 ‚
3533 1673 3917 1771 predictum

1092 1796 1541 1891 privilegium
1571 1799 1638 1871 ei
1670 1821 1715 1873 a
1749 1800 1951 1876 nobis
1978 1801 2355 1898 indultum,
2388 1805 2687 1901 presenti
2713 1803 3080 1901 privilegio
3124 1800 3217 1875 de
3247 1800 3465 1875 verbo
3493 1798 3592 1871 ad
3625 1797 3918 1872 verbum

1087 1918 1425 2012 jussimus
1468 1920 1710 2013 inseri,
1753 1924 1986 1998 omnia
2031 1947 2175 2021 que
2218 1928 2658 2002 continentur
2701 1928 2778 2001 in
2820 1947 2906 2001 eo
2955 1934 3187 2000 nostre
3219 1921 3644 1998 auctoritatis
3685 1917 3918 1993 muni·

1092 2042 1284 2115 mine
1340 2043 1846 2122 confirmantes.
1901 2050 2285 2124 Statuimus
2329 2051 2544 2143 igitur
2585 2060 2657 2126 et
2688 2049 3024 2146 imperiali
3070 2048 3418 2122 sancimus
3475 2044 3705 2120 edicto
3742 2063 3920 2137 qua·

1091 2164 1281 2238 tinus
1328 2169 1519 2240 nulla
1572 2191 1901 2265 persona,
1950 2174 2095 2247 alta
2139 2175 2258 2249 vel
2310 2174 2590 2247 humilis
2609 2228 2631 2264 ‚
2677 2172 3141 2249 ecclesiastica
3183 2172 3300 2246 vel
3342 2168 3712 2259 secularis,
3764 2187 3921 2263 pre·

1092 2290 1360 2366 dictum
1394 2295 1883 2368 monasterium
1899 2348 1921 2381 ,
1955 2297 2280 2373 abbatem
2314 2308 2387 2374 et
2423 2319 2861 2373 successores
2903 2298 3057 2390 ejus
3100 2316 3312 2391 super
3349 2292 3678 2391 predictis
3718 2290 3923 2364 bonis

1094 2423 1332 2489 contra
1366 2418 1703 2513 presentis
1740 2419 2085 2516 privilegii
2123 2422 2340 2494 nostri
2388 2433 2695 2496 tenorem
2737 2443 2917 2494 ausu
2955 2419 3318 2494 temerario
3353 2416 3720 2490 molestare
3767 2434 3922 2508 pre·

1012 2612 1029 2635 f
1091 2550 1348 2614 sumat·
1414 2541 1619 2627 Quod
1679 2544 1802 2638 qui
1868 2546 2363 2643 presumpserit
2421 2556 2647 2643 preter
2707 2545 3258 2639 indignationem
3325 2541 3540 2615 nostri
3603 2540 3922 2612 culminis

1092 2685 1306 2758 quam
1343 2664 1670 2760 incurret,
1704 2676 1979 2741 centum
2012 2669 2223 2745 libras
2260 2671 2409 2745 auri
2435 2672 2595 2769 puri
2626 2678 3026 2767 componat,
3058 2666 3428 2741 medietate
3459 2664 3627 2738 fisco
3661 2674 3921 2757 nostro,

1092 2787 1362 2883 reliqua
1418 2788 1605 2864 dicto
1652 2795 2066 2867 monasterio
2119 2795 2606 2890 persolvenda.
2659 2795 2745 2867 Ut
2788 2803 3021 2868 autem
3059 2792 3190 2864 hec
3230 2799 3464 2864 nostra
3499 2786 3925 2862 confirmatio

1095 2908 1312 2986 robur
1336 2924 1667 3010 perpetue
1700 2914 2037 2991 firmitatis
2071 2917 2403 3011 obtineat,
2440 2939 2722 3015 presens
2751 2914 3195 3015 privilegium
3236 2910 3387 2987 fieri
3436 2908 3925 2986 mandavimus

1095 3044 1168 3108 et
1200 3036 1433 3131 sigillo
1466 3041 1843 3135 majestatis
1878 3052 2108 3117 nostre
2135 3043 2473 3139 jussimus
2508 3041 2941 3116 communiri.

1196 3159 1420 3252 Hujus
1448 3162 1548 3235 rei
1578 3173 1783 3238 testes
1813 3174 1978 3238 sunt
2033 3164 2264 3239 dilecti
2314 3165 2658 3260 principes
2689 3160 3108 3240 venerabilis
3142 3157 3587 3235 Eberhardus
3610 3157 3929 3230 Salzbur-

1098 3282 1334 3377 gensis
1386 3282 1980 3383 archiepiscopuS,
2026 3290 2100 3361 S.
2152 3286 2667 3386 Ratisponensis
2714 3288 3085 3384 episcopus
3135 3281 3513 3380 imperialis
3566 3281 3729 3355 aule
3762 3301 3927 3354 can·

1100 3405 1457 3498 cellarius,
1500 3405 1765 3482 Sibotto
1806 3407 2264 3504 Augustensis
2299 3412 2664 3507 episcopus
2710 3408 2853 3508 (4),
2890 3409 3091 3480 frater
3130 3408 3568 3479 Hermannus
3609 3404 3930 3498 magister

1104 3528 1360 3606 domus
1411 3532 1657 3604 Sancte
1691 3531 1909 3606 Marie
1949 3533 2565 3627 Theutonicorum,
2610 3587 2630 3606 .
2663 3585 2684 3606 .
2721 3586 2740 3605 .
2778 3532 3000 3608 abbas
3033 3530 3268 3604 Sancti
3307 3527 3784 3618 Emmeranni,
3838 3527 3920 3600 Ο.

1107 3652 1262 3727 dux
1292 3655 1634 3746 Bavvarie‚
1673 3656 1760 3727 H.
1798 3656 2198 3752 langravius
2225 3657 2586 3753 Turingie,
2627 3678 2857 3731 comes
2889 3655 3237 3756 palatinus
3266 3652 3594 3743 saxonie,
3630 3653 3718 3723 Η.
3755 3671 3933 3723 mar·

1107 3778 1266 3853 chio
1302 3778 1391 3854 de
1425 3779 1689 3873 Baden,
1728 3779 1804 3853 C.
1844 3780 2258 3857 burcravius
2289 3782 2380 3856 de
2401 3782 2890 3873 Nuoremberc,
2931 3791 2999 3854 et
3032 3778 3152 3853 alii
3186 3776 3657 3873 quamplures.

1205 3903 1496 3999 Signum
1541 3904 1802 3978 domini
1841 3906 2168 3981 Friderici
2203 3906 2521 3999 secundi,
2557 3905 2684 3979 Dei
2728 3906 2950 4000 gratia
2987 3901 3423 3976 invictissimi
3473 3900 3934 3972 Romanorum

1111 4030 1542 4126 imperatoris
1568 4053 1842 4128 semper
1871 4033 2179 4128 augusti,
2216 4032 2593 4108 Jerusalem
2627 4039 2697 4107 et
2725 4029 2956 4104 Sicilie
2985 4027 3196 4122 regis.
3229 4019 3807 4120 (Monoqramm'a.)

1209 4152 1385 4227 Acta
1415 4165 1580 4228 sunt
1610 4154 1740 4230 hec
1774 4177 1959 4231 anno
2000 4155 2350 4232 dominice
2385 4152 2875 4231 incarnationis
2905 4151 3272 4227 millesimo
3302 4146 3775 4226 ducentesimo
3805 4143 3940 4217 tri·-

1190 4484 1262 4555 (⁴)
1300 4483 1444 4542 Hinc
1474 4486 1834 4560 comperimus
1869 4487 2264 4561 Augustensem
2297 4489 2638 4564 episcopum,
2665 4503 2826 4564 quem
2868 4503 2901 4544 a
2929 4502 3069 4562 papa
3093 4486 3320 4544 Romam
3361 4486 3648 4542 evocatum
3685 4483 3940 4550 tanquam

1120 4580 1428 4640 rebellionis
1471 4582 1684 4641 Hem-ici
1727 4585 1870 4659 regis
1905 4586 2171 4643 fautorem
2209 4586 2443 4644 vidimus
2484 4586 2585 4661 (cf.
2611 4601 2669 4660 p.
2699 4587 2806 4642 532
2842 4588 2899 4641 et
2930 4584 3088 4658 777),
3125 4597 3269 4641 nunc
3313 4582 3371 4640 in
3407 4578 3557 4638 curia
3602 4572 3942 4650 imperatoris

1122 4685 1427 4740 morantem
1450 4678 1808 4740 verisimiliter
1834 4683 1891 4741 in
1921 4681 2146 4756 gratiam
2171 4684 2293 4757 ejus
2317 4683 2483 4743 fuisse
2507 4698 2722 4759 quoque
2749 4685 3045 4755 receptum.
