4500 5956
1461 615 1712 676 INDEX
1760 616 2455 682 nocUMENToRUM.
3250 619 3374 683 987

1396 945 1629 1007 dericus
1652 946 1963 1008 Ravennas
1991 949 2482 1027 archiepiscopus,
2514 950 2886 1026 Apostolicae
2910 947 3079 1010 Sedis
3115 950 3366 1029 legatus,

1396 1044 1460 1102 in
1486 1044 1784 1104 civitatem
1811 1044 2210 1107 Acconensem
2235 1049 2589 1107 sententiam
2624 1046 2922 1107 interdicti
2948 1048 3378 1126 promulgave-

1399 1142 1508 1218 rit,
1545 1141 1670 1216 ipse
1699 1141 2078 1203 interdictum
2113 1144 2438 1218 relaxavit3
2469 1161 2608 1205 eum
2634 1159 2882 1205 monens
2907 1144 3128 1220 quibus
3166 1145 3376 1206 condi-

1397 1236 1659 1297 tionibus
1689 1253 1814 1317 nu.
1833 1242 2147 1300 restaurari
2171 1257 2343 1318 posse
2366 1242 2658 1303 videatur.
3258 1252 3374 1303 772

568 1350 641 1402 22
670 1350 816 1420 sept.
959 1342 1191 1405 Assisii.
1319 1372 1400 1385 —
1438 1342 1723 1419 Magistro
1743 1343 1954 1404 domus
1975 1345 2474 1407 Theutomcorum
2499 1348 2735 1406 nuntiat
2761 1345 2907 1422 quid
2934 1362 3071 1406 cum
3096 1346 3272 1406 Petro
3301 1346 3376 1408 de

1400 1436 1589 1499 Vinea
1623 1440 1942 1515 imperialis
1980 1444 2177 1502 curiae
2208 1442 2411 1519 judice
2436 1444 2778 1503 motaverit
2814 1441 2891 1503 de
2930 1443 3249 1504 relaxando
3285 1447 3374 1504 in-

1399 1533 1645 1594 terdicto
1679 1536 1741 1594 in
1767 1535 2061 1597 Acconem
2089 1543 2309 1598 temere
2343 1537 2710 1615 promulgato
2735 1542 2796 1598 et
2819 1537 2893 1598 de
2928 1540 3163 1613 negotio
3188 1539 3373 1600 Lom-

1398 1628 1718 1691 bardorum
1744 1633 1906 1709 quod
1931 1634 2063 1693 vult
2095 1635 2414 1711 imperator
2447 1633 2602 1694 infra
2640 1634 2862 1695 festum
2901 1635 3244 1698 Nativitatls
3268 1654 3376 1715 per

1399 1730 1753 1787 sententiam
1788 1728 2097 1805 compleri,
2124 1730 2272 1790 dum
2300 1730 2569 1807 alioquin
2600 1729 2759 1791 idem
2785 1746 2922 1792 cum
2948 1733 3212 1793 exercitu
3237 1749 3379 1809 par·

1400 1831 1490 1886 tes
1514 1825 1742 1904 ingredi
1767 1826 2157 1888 Lombardiae
2183 1835 2424 1905 paratus
2450 1830 2549 1900 sit,
2579 1833 2696 1890 etc.
3259 1840 3374 1892 776

564 1941 637 1994 28
670 1940 820 2010 sept.
958 1932 1189 1996 Assisii.
1318 1962 1399 1978 -
1439 1932 1740 1996 Friderico
1778 1935 2114 2010 imperatori
2141 1934 2349 1994 scribit
2374 1941 2441 1994 ut
2466 1933 2581 1994 sibi
2616 1935 2816 1994 mittat
2849 1936 3199 2015 magistrum
3231 1936 3375 1997 hos-

1397 2029 1604 2107 pitalis
1638 2031 1888 2091 Sanctae
1918 2030 2141 2091 Mariae
2167 2032 2670 2092 'theutonicorum
2707 2047 2815 2108 pro
2847 2032 3221 2093 terminanda
3253 2033 3377 2095 dis-

1398 2125 1600 2186 cordia
1626 2128 2000 2203 interipsum
2027 2132 2090 2186 et
2115 2125 2496 2187 Lombardos.
2984 2134 3124 2199 ⁷76,
3155 2134 3280 2190 not.
3318 2140 3373 2190 1.

550 2233 621 2283 24
669 2231 818 2303 sept.
955 2232 1184 2295 Assisii.
1316 2263 1398 2277 —-
1438 2231 1851 2309 Ratisponensi
1890 2238 1952 2292 et
1988 2231 2418 2292 Hildesemensi
2455 2231 2746 2308 episcopis
2806 2231 3054 2292 mandat
3098 2238 3167 2292 ut
3205 2235 3380 2310 Juxta

1395 2331 1663 2406 priorum
1696 2331 2115 2389 continentiam
2140 2330 2471 2390 litterarum
2498 2344 2765 2403 suarum,
2797 2330 2861 2389 in
2888 2331 3190 2407 episcopos
3225 2331 3377 2393 Her-

1399 2424 1758 2501 bipolensem
1795 2431 1856 2486 et
1896 2424 2365 2503 Augusteum,
2415 2425 2768 2486 Fuldensem
2814 2423 3087 2486 abbatem
3128 2433 3189 2486 et
3232 2429 3377 2490 alios

1398 2538 1629 2582 necnon
1656 2523 1720 2589 in
1746 2522 2241 2583 Wormatiensem
2283 2522 2535 2582 electum
2568 2528 2629 2582 et
2662 2521 3002 2584 Devardum
3028 2526 3379 2586 canonicum

1397 2619 1901 2695 Herbipolensem,
1920 2622 2081 2679 omni
2108 2618 2498 2695 appellatione
2525 2618 2867 2695 postposita,
2887 2618 3230 2694 procedant.
3263 2629 3377 2681 777

566 2727 640 2779 26
665 2726 814 2799 sept.
952 2727 1186 2792 Ausim.
1315 2755 1397 2770 —
1436 2725 1813 2786 Patriarchae
1868 2723 2238 2785 Antiocheno
2292 2723 2536 2784 mandat
2587 2729 2659 2783 ut
2709 2723 3034 2783 rectoribus
3083 2725 3380 2785 societatis

1394 2820 1782 2884 Lombardiae
1806 2820 2088 2881 kalendas
2106 2818 2432 2880 decembris
2454 2821 2723 2897 proximo
2742 2818 2974 2880 futuras
2995 2836 3101 2903 pro
3128 2822 3380 2882 termino

1396 2918 1711 2998 praefigat,
1741 2935 1860 2998 quo
1885 2934 1990 2995 per
2013 2922 2419 2994 procuratores
2453 2916 2695 2976 idoneos
2721 2931 2920 2975 coram
2952 2931 3015 2975 se
3040 2931 3379 2993 comparere

574 2991 793 3070 1256
1215 3013 1220 3018 ’
1392 3016 1669 3079 debeant.
3084 3022 3224 3089 ⁷78,
3257 3023 3375 3076 7⁷9

569 3128 635 3180 21
670 3119 813 3182 febr.
937 3125 1206 3189 viterbii.
1319 3155 1398 3168 —
1436 3123 1736 3184 Prlderico
1750 3123 2151 3184 Romanorum
2169 3122 2508 3196 imperatori
2535 3118 2739 3179 scribit
2763 3118 2839 3179 de
2864 3119 3180 3180 concordia
3196 3136 3380 3197 quam

1398 3220 1530 3279 iniit
1553 3221 1917 3296 interipsum
1944 3223 2005 3278 et
2030 3220 2188 3278 cives
2213 3217 2591 3276 Acconenses
2618 3216 2878 3294 aliosque
2903 3218 3074 3295 regni
3099 3217 3377 3280 Hieroso-

1396 3315 1690 3394 lymitani,
1726 3320 2016 3394 quantum
2042 3313 2120 3374 ad
2143 3315 2284 3390 jura
2307 3315 2492 3391 ipsius
2520 3314 2710 3391 regni;
2743 3330 2925 3391 quam
2948 3314 3380 3376 observandam

1395 3413 1660 3473 mandat.
3261 3421 3379 3472 808

566 3531 638 3585 28
666 3523 813 3586 febr.
935 3532 1206 3596 viterbii.
1317 3560 1398 3574 —
1437 3527 1891 3604 Archiepiscopo
1935 3526 2241 3587 Nazareno
2285 3530 2344 3586 et
2389 3525 2662 3603 episcopo
2701 3523 3031 3586 Acconensi
3084 3524 3380 3604 significat

1397 3623 1751 3685 discordiam
1776 3637 1929 3700 quae
1951 3627 2081 3681 erat
2112 3623 2266 3681 inter
2302 3621 2667 3682 Fridericum
2695 3622 3108 3699 imperatorem
3134 3629 3194 3683 et
3220 3624 3378 3684 cives

1397 3721 1769 3785 Acconenses
1794 3717 2055 3795 aliosque
2083 3717 2351 3777 homines
2378 3718 2546 3794 regni
2570 3717 2934 3780 Hierusalem
2948 3760 2967 3792 ‚
3004 3718 3298 3778 amIcabili
3337 3735 3376 3778 a

1393 3833 1460 3878 se
1487 3816 1668 3877 fuisse
1693 3815 2121 3891 compositione
2146 3814 2420 3889 sopitam.
2979 3822 3121 3887 808,
3151 3821 3277 3877 not.
3314 3823 3370 3876 i.

564 3934 637 3986 28
662 3926 813 3989 febr.
935 3934 1205 3998 viterbii.
1313 3963 1398 3978 —
1433 3931 1732 3991 Friderico
1757 3927 2096 4005 imperatori
2122 3928 2499 4003 conqueritur
2523 3925 2685 4003 quod
2708 3926 2772 3986 in
2798 3941 2980 4004 regno
3004 3925 3240 3989 Siciliae
3277 3944 3374 3989 ec-

1393 4027 1605 4088 clesiae
1637 4042 1676 4085 a
1711 4025 1996 4084 ministris
2033 4021 2436 4100 imperialibus
2471 4023 2791 4099 privilegiis
2828 4022 3107 4099 spoliatae
3139 4030 3199 4084 et
3234 4040 3373 4102 pas-

1392 4122 1618 4184 toribus
1645 4121 1860 4182 viduae
1885 4126 2248 4181 remaneant.
2266 4121 2569 4181 Praeterea
2593 4135 2658 4178 se
2684 4135 2975 4180 excusans
3003 4136 3181 4196 super
3200 4136 3371 4181 reno-

1390 4226 1630 4285 vatione
1668 4224 1966 4284 sociemus
2004 4219 2398 4283 Lombardiae
2422 4223 2483 4280 et
2508 4234 2697 4295 poena
2721 4220 2799 4278 in.
2814 4220 3183 4283 veronenses
3209 4222 3375 4296 pacis

1393 4321 1708 4381 violatores
1744 4320 2044 4395 imposita,
2069 4322 2275 4378 monet
2314 4323 2385 4376 ut
2418 4330 2694 4376 excessus
2718 4316 2928 4394 corrigi
2953 4314 3153 4390 faciat,
3181 4333 3373 4395 quum

1391 4434 1493 4480 eos
1516 4418 1761 4478 ulterius
1786 4416 2158 4476 dissimulare
2182 4430 2306 4474 non
2329 4413 2537 4490 possit.
3255 4424 3372 4475 810

542 4536 609 4588 21
635 4537 809 4592 mart.
934 4530 1199 4593 viterbii.
1325 4563 1391 4577 —
1431 4531 1729 4592 Friderico
1754 4531 2152 4591 Romanorum
2195 4525 2532 4604 imperatori
2572 4524 2778 4586 scribit
2812 4541 3179 4603 conquerens
3212 4529 3375 4605 quod

1391 4630 1672 4706 magister
1696 4628 1911 4688 domus
1945 4626 2477 4696 Theutonicorum,
2511 4621 2734 4683 frustra
2769 4630 3076 4701 expectato
3117 4625 3376 4686 adventu

1390 4726 1730 4786 nuntiorum
1768 4726 2060 4786 societatis
2098 4721 2505 4795 Lombardiae,
2536 4737 2572 4781 a
2599 4737 2664 4781 se
2689 4720 3020 4784 discesserit
3045 4738 3238 4800 neque
3279 4741 3373 4784 re-
