4500 5956
1053 586 1177 648 950
2151 573 2769 636 annrrAunN‘rA.

1054 716 1435 792 decembris
1475 715 1841 809 imperator
1871 702 2031 783 cnm
2076 708 2316 799 majori
2350 720 2543 803 parte
2583 707 2931 783 exercitus
2965 706 3075 778 sui
3126 707 3197 776 in
3242 703 3669 779 Alemaniam
3708 725 3865 798 pro·

1052 839 1318 935 peravit
1353 836 1451 933 (a)
1485 845 1764 932 propter
1797 834 2046 909 ducem
2074 832 2351 905 Austrie
2383 833 2505 925 qui
2535 833 2601 906 ei
2630 831 2720 927 (b)
2755 830 3151 905 rebellabat.

1482 1139 2568 1154 ”wo-mm
2579 1139 2623 1147 ..-
2633 1134 3447 1147 -———————-—-————-—

712 1427 977 1534 „mm
1170 1417 1536 1500 Henricus
1552 1477 1575 1520 ,
1625 1417 2138 1499 Romanorum
2192 1439 2360 1520 rex,
2404 1414 2501 1494 ad
2539 1411 3164 1520 supplicationem
3200 1407 3637 1492 Theoderici
3672 1405 3870 1487 Tre-

695 1537 723 1575 ⁶
748 1535 999 1630 ”issffibffi
1066 1550 1398 1634 verensis
1452 1546 2027 1655 archiepiscopi,
2078 1545 2536 1627 monasterio
2580 1546 2675 1626 de
2709 1543 3224 1625 Hemmenrod
3274 1540 3668 1623 ecclesiam
3723 1537 3873 1619 Al-

1072 1696 1343 1791 truppe
1378 1680 1670 1764 confert
1718 1706 1897 1762 cum
1950 1679 2309 1762 omnihus
2355 1678 2825 1786 pertinentiis
2872 1676 3036 1786 ejus
3071 1687 3149 1759 et
3192 1675 3367 1784 jure
3401 1683 3869 1783 patronatuS.

1233 1891 1353 1970 (Cf.
1394 1907 1603 1967 supra,
1631 1907 1693 1966 p.
1738 1898 1879 1951 537.
1910 1891 2291 1968 Privilegium
2333 1890 2622 1949 ineditum
2662 1905 2824 1949 nunc
2864 1891 3161 1967 integrum
3198 1888 3411 1948 damus
3447 1902 3520 1946 ex
3562 1884 3879 1960 exemplari

1310 2000 1481 2074 cujus
1506 1995 1676 2055 nobis
1701 1994 2019 2055 liberaliter
2052 1996 2282 2071 copiam
2310 1994 2450 2054 fecit
2473 1994 2854 2054 Boehmerus.
2886 1995 3073 2055 Adest
3096 1996 3159 2054 in
3192 1989 3522 2054 chartular.
3553 1991 3877 2051 Hemmenr.

1312 2104 1386 2164 de
1413 2118 1552 2162 ann.
1587 2110 1765 2179 1345,
1800 2102 1918 2162 vol.
1950 2103 2069 2175 111,
2099 2101 2203 2163 fol.
2239 2111 2339 2174 50,
2369 2118 2464 2177 ap.
2497 2100 2767 2162 biblioth.
2798 2096 3261 2176 Treverensem.)

1171 2288 1528 2361 Heinricus
1599 2285 1934 2380 septimus
1955 2338 1976 2377 ,
2032 2284 2272 2357 divina
2339 2285 2615 2357 favente
2676 2285 3039 2358 clementia
3095 2287 3554 2357 Romanorum
3635 2302 3760 2354 rex
3818 2289 3888 2352 et

1077 2434 1350 2510 semper
1394 2419 1759 2505 augustuS,
1801 2408 2145 2482 universis
2184 2410 2719 2504 imperpetuum.
2756 2408 2936 2494 Quia
2968 2407 3390 2481 desiderium
3440 2416 3747 2479 nostrum
3788 2412 3891 2476 est

1082 2539 1368 2612 dilatare
1416 2535 1733 2608 redditus
1777 2534 2224 2607 ecclesiarum
2242 2586 2265 2626 ,
2313 2554 2441 2628 pre
2486 2513 2728 2606 ceteris
2775 2543 3001 2606 tamen
3046 2532 3404 2606 ecclesiam
3449 2528 3892 2602 Hemminrod

1082 2661 1362 2756 speciali
1410 2657 1887 2753 amplectimur
1933 2655 2297 2728 dilectione
2332 2656 2423 2728 ob
2469 2656 2982 2750 religiositatem
3027 2655 3342 2748 ejusdem
3392 2654 3682 2727 ecclesie
3723 2673 3894 2746 per-

1078 2806 1431 2859 sonarum.
1469 2781 1951 2854 Meminuerint
1984 2780 2195 2871 igitur
2220 2789 2572 2874 presentes
2598 2789 2665 2852 et
2694 2781 2934 2868 futuri,
2967 2779 3162 2874 quod
3193 2801 3343 2868 nos,
3376 2779 3470 2853 ad
3497 2776 3893 2872 petitionem

1086 2907 1315 2982 dilecti
1348 2904 1675 3001 principis
1719 2903 1930 2975 nostri
1979 2903 2105 2974 Th.
2165 2904 2605 2976 Treverensis
2649 2903 3188 2999 archiepiscopi,
3240 2902 3525 2975 ecclesie
3572 2903 3898 2996 Hymme-

1084 3030 1362 3103 rodensi
1418 3028 1835 3101 contulimus
1880 3027 2238 3099 ecclesiam
2281 3026 2618 3123 Altruppe
2652 3026 2760 3123 (⁴)
2798 3049 2960 3100 cum
3003 3028 3188 3100 omni
3220 3029 3376 3119 jure
3410 3027 3627 3100 libere
3659 3035 3896 3099 tenen-

1088 3152 1249 3225 dam
1285 3161 1353 3223 et
1385 3150 1617 3245 quiete
1655 3149 2180 3244 possidendam,
2231 3158 2371 3223 tam
2419 3150 2491 3222 in
2529 3152 2743 3246 pratis
2776 3173 2985 3246 quam
3021 3152 3093 3222 in
3126 3151 3322 3223 silvis
3351 3159 3423 3223 et
3448 3150 3519 3221 in
3555 3150 3791 3244 aquis,
3830 3160 3901 3221 et

1088 3277 1308 3369 ipsam
1350 3274 1707 3346 ecclesiam
1749 3294 1912 3344 cum
1952 3273 2105 3364 jure
2139 3282 2541 3368 patronatus
2585 3276 2719 3370 ipsi
2766 3275 3055 3349 ecclesie
3101 3297 3195 3349 ex
3247 3274 3682 3371 providentia
3727 3294 3900 3346 con-

1088 3400 1225 3472 silii
1269 3398 1480 3470 nostri
1529 3396 1864 3469 duximus
1902 3396 2471 3471 confirmandam.
2523 3401 2612 3472 Ut
2668 3409 2903 3473 autem
2947 3401 3078 3473 hec
3136 3409 3366 3473 nostra
3426 3395 3710 3471 donatio
3757 3406 3901 3469 rata

1088 3530 1519 3617 permaneat,
1564 3541 1694 3593 nec
1736 3520 2027 3612 alicujus
2074 3520 2433 3595 dolositate
2480 3523 2862 3615 cavilletur,
2913 3523 3326 3596 mandamus
3368 3531 3440 3594 et
3486 3521 3903 3617 precipimus

1089 3647 1222 3719 sub
1267 3644 1812 3717 interminatione
1842 3644 2061 3738 gratie
2097 3653 2364 3735 nostre,
2405 3656 2485 3718 ut
2526 3648 2760 3719 nullus
2794 3647 2884 3719 sit
2916 3648 3039 3740 qui
3079 3646 3246 3719 huic
3285 3656 3514 3719 nostre
3549 3643 3901 3718 donationi

1090 3765 1345 3838 audeat
1382 3764 1718 3837 malitiose
1763 3763 2073 3836 obviare.
2111 3763 2315 3849 Quod
2346 3766 2468 3859 qui
2505 3766 2742 3839 fecerit
2767 3820 2788 3856 ,
2824 3765 3326 3860 Omnipotentis
3359 3765 3900 3859 indignationem

1091 3899 1159 3962 et
1191 3899 1491 3962 nostram
1528 3910 1603 3961 se
1636 3888 1907 3960 noverit
1940 3888 2334 3961 incurrisse.

1188 4014 1436 4085 Datum
1471 4010 1659 4107 apud
1689 4011 2098 4105 Augustam,
2135 4034 2318 4087 anno
2356 4012 2702 4085 dominice
2736 4011 3227 4085 incarnationis
3254 4013 3617 4089 millesimo
3644 4011 3903 4086 ducen-

1094 4136 1334 4208 tesimo
1366 4134 1707 4206 tricesimo
1733 4134 1981 4229 prim0,
2016 4136 2218 4209 nonis
2249 4137 2672 4228 novembris,
2710 4137 3088 4210 indictione
3115 4136 3200 4210 V.

1177 4311 1258 4390 (a)
1303 4313 1376 4371 In
1404 4311 1603 4372 codice
1617 4313 1983 4391 preparavit.

1173 4414 1250 4495 (b)
1294 4419 1364 4477 In
1389 4417 1589 4477 codice
1615 4418 1718 4480 eis.

1173 4676 1246 4752 (l)
1284 4675 1494 4735 Scilicet
1514 4673 1752 4748 Altripp,
1778 4675 1844 4732 ad
1872 4675 2141 4733 sinistram
2163 4675 2334 4734 Rheni
2361 4676 2533 4750 ripam
2554 4677 2691 4735 inter
2717 4677 2930 4752 Spiram
2954 4685 3012 4736 et
3030 4677 3354 4737 Mannheim.
