4500 5956
718 626 917 685 lumcr.
948 624 1042 700 6.]
1619 620 2022 684 HISTORIA
2061 619 2654 682 DIPLOMATICA.
3429 621 3550 684 589

714 756 927 830 riensi
979 753 1319 829 duximus
1375 750 1943 828 confirmandam.
1986 754 2395 829 Mandantes
2430 765 2499 827 et
2547 753 2681 827 sub
2734 751 3285 827 interminatione
3331 755 3549 849 gratie

716 887 948 951 nostre
997 876 1307 951 districte
1342 875 1802 971 precipientes
1836 886 1915 950 ut
1948 878 2140 952 nulla
2175 898 2510 972 umquam
2564 896 2856 972 persona
2895 874 3177 949 humilis
3223 877 3337 949 vel
3374 878 3540 969 alta,

714 1000 1178 1076 ecclesiastica
1211 999 1326 1073 vel
1359 998 1741 1087 mundana,
1786 1000 1953 1073 huic
1985 1000 2485 1075 confirmationi
2532 1009 2765 1073 nostre
2795 1000 2910 1073 vel
2953 999 3304 1074 donationi
3340 1010 3544 1076 aute-

713 1126 850 1199 i'ate
884 1123 1228 1198 contraire
1275 1122 1533 1198 audeat
1567 1134 1690 1196 aut
1728 1145 1883 1197 eam
1918 1124 2151 1219 aliquo
2198 1132 2552 1219 presumat
2601 1124 2881 1219 iugenio
2925 1121 3298 1197 infirmare.
3336 1122 3544 1209 Quod

713 1249 834 1342 qui
866 1248 1094 1321 facere
1119 1246 1654 1344 presumpserit,
1701 1247 2186 1342 omnipotentis
2231 1249 2356 1321 Dei
2400 1246 2944 1342 indignationem
2984 1256 3350 1343 nostreque
3393 1249 3543 1323 cel-

714 1370 1034 1445 situdinis
1067 1372 1548 1467 gravissimam
1583 1370 1916 1445 offensam
1953 1393 2030 1447 se
2068 1372 2340 1445 noverit
2372 1372 2841 1446 incursurum.

807 1497 1043 1569 Testes
1074 1496 1173 1568 hii
1199 1504 1362 1568 sunt
1403 1521 1422 1568 ε
1462 1496 1550 1568 Η.
1585 1495 1890 1569 marchio
1929 1495 2021 1570 de
2052 1494 2289 1569 Baden
2311 1550 2332 1587 ,
2371 1517 2603 1569 comes
2632 1495 2992 1568 Heinricus
3023 1495 3112 1570 de
3138 1497 3534 1586 Orteuberc,

714 1618 1095 1693 Fridericus
1153 1619 1245 1694 de
1293 1618 1871 1714 Truhendiugen,
1927 1619 2007 1692 E.
2062 1618 2330 1715 dapifer
2378 1620 2470 1694 de
2511 1620 2844 1716 Walpuro
2868 1674 2888 1709 ‚
2927 1620 3006 1692 C.
3064 1620 3394 1716 pincerna
3444 1619 3537 1693 de

715 1745 1212 1836 WinterstetIu,
1251 1743 1573 1817 Albertus
1621 1744 2111 1836 Riudsmulus,
2152 1746 2228 1817 L.
2266 1751 2338 1817 et
2366 1746 2444 1816 L.
2486 1746 2730 1817 fratres
2774 1745 2866 1818 de
2905 1744 3354 1835 Griudelach,
3398 1746 3537 1816 Lu-

715 1867 1028 1941 dewicus
1073 1867 1165 1941 de
1210 1867 1535 1964 Schipsse
1578 1866 1987 1964 (Schipffe),
2039 1866 2484 1940 Eberhardus
2533 1869 2624 1941 de
2678 1869 3271 1963 Hertingisperge‚
3324 1868 3532 1939 Heiu-

714 1992 893 2064 ricus
933 1991 1281 2087 Spisarius
1321 1990 1412 2065 de
1455 1991 1892 2085 Giselingen,
1945 1990 2311 2064 Dietherus
2355 1990 2447 2065 de
2500 1992 2711 2086 Egra,
2755 1990 3164 2086 liudegerus
3210 1990 3301 2064 de
3339 1991 3532 2065 Wol-

714 2114 966 2211 prands
1010 2114 1319 2189 hostiarii
1338 2168 1360 2208 ,
1395 2124 1468 2189 et
1495 2116 1613 2188 alii
1649 2115 2122 2210 quamplures.

799 2238 1049 2312 Actum
1085 2239 1279 2335 apud
1313 2239 1786 2326 Nuorenberc,
1832 2259 2016 2311 auno
2068 2238 2414 2312 dominice
2462 2238 2947 2311 incarnationis
2986 2237 3347 2311 millesimo
3391 2237 3529 2312 du-

713 2363 1078 2436 centesimo
1110 2363 1366 2436 XXXII
1388 2413 1411 2448 ‚
1457 2371 1705 2458 quarto
1737 2360 2010 2436 decimo
2047 2361 2380 2435 kalendas
2411 2362 2842 2455 novembris,
2877 2361 3253 2436 indictione
3295 2372 3518 2435 sexta.

1176 2654 3084 2673 ‘mam-ffl-

801 2917 1212 3028 HenricuS,
1250 2919 1771 3006 Romanorum
1809 2950 1981 3032 rex,
2023 2923 2281 3009 abbati
2319 2935 2394 3009 et
2428 2926 2828 3013 conventui
2865 2928 2962 3012 de
3000 2926 3524 3041 Creutzlingen
3608 2949 3902 3060 &gemm

703 3053 898 3161 apud
938 3053 1462 3137 Constantiam
1515 3056 1887 3165 promittit
1930 3059 2141 3168 quod
2175 3086 2578 3169 nunquam
2620 3061 2842 3144 villas
2885 3088 3152 3146 eorum
3207 3063 3526 3146 Hirslatt
3605 3059 3662 3100 πο
3688 3059 3896 3103 octobri..

703 3192 771 3264 et
820 3183 1283 3295 Horgunzell
1321 3196 1397 3269 et
1432 3186 1585 3269 alia
1636 3188 1842 3271 bona
1893 3188 2237 3299 ejusdem
2273 3192 2630 3275 ecclesiae
2674 3194 3034 3278 alienabit
3093 3195 3210 3279 vel
3267 3197 3521 3282 advo-

704 3315 972 3399 catiam
1008 3344 1057 3399 a
1092 3344 1234 3402 suo
1268 3319 1610 3403 dominio
1649 3320 2177 3430 sequestrabit.

852 3531 1188 3606 <laeditum
1213 3549 1292 3594 ex
1317 3536 1489 3614 copia
1514 3552 1696 3615 quam
1722 3536 1895 3598 nobis
1927 3536 2243 3598 liberaliter
2274 3541 2862 3603 communicaverunt
2900 3547 3116 3622 egregii
3142 3548 3257 3605 viri
3294 3547 3516 3608 Staelin

929 3643 992 3698 et
1032 3638 1304 3715 Kausler‚
1334 3657 1591 3718 quorum
1634 3659 1792 3705 unus
1829 3641 2356 3724 wirtember-qiam
2406 3644 2752 3721 Gesckichte,
2794 3650 2942 3710 alter
2997 3649 3520 3733 wirtember-ymbe

936 3739 1395 3806 Urkundenbucla
1417 3749 1546 3824 pari
1573 3750 1772 3810 studio
1798 3750 1862 3811 in
1888 3750 2124 3812 laudem
2150 3754 2377 3829 patriae
2413 3769 2554 3814 suae
2578 3754 2908 3816 ediderunt.
2942 3757 3237 3817 Insertum
3266 3758 3519 3819 habetur

930 3847 1045 3909 hoc
1072 3849 1554 3928 diplomalitteris
1575 3854 1831 3916 Conradi
1857 3856 1920 3916 ΙΙ
1936 3857 2265 3918 suevorum
2292 3858 2459 3920 ducis
2475 3902 2492 3931 ,
2523 3875 2678 3921 anno
2711 3869 2888 3934 1267,
2915 3861 2971 3920 V
2997 3862 3116 3921 kal.
3150 3862 3327 3935 febr„
3358 3865 3511 3925 Con-

927 3957 1179 4016 stantine
1221 3957 1505 4020 exhibitis
1546 3964 1607 4019 et
1645 3963 1708 4019 in
1748 3960 1988 4023 archivo
2028 3962 2494 4040 Cruzeliugeusis
2528 3967 2864 4026 monasterii
2905 3970 3241 4028 asservatis.
3277 3969 3510 4031 Memo-

923 4065 1120 4121 ratum
1160 4067 1221 4122 et
1246 4068 1526 4140 extract„
1549 4065 1655 4126 sed
1680 4068 1880 4127 miuus
1904 4075 2093 4144 recte,
2118 4085 2215 4147 ap.
2244 4071 2631 4145 Pomona,
2659 4069 2884 4150 Reque.
2913 4068 3011 4132 des
3039 4072 3241 4153 δίζηαι
3267 4075 3503 4137 Krcuz-

928 4161 1145 4247 linqua
1172 4183 1237 4245 p.
1269 4178 1332 4244 9,
1355 4178 1422 4231 ιι·
1449 4179 1549 4243 34,
1577 4186 1720 4233 ann.
1751 4172 1957 4252 1853.)

783 4351 1115 4426 Henricus
1151 4355 1510 4451 septimuS,
1548 4356 1794 4432 diviua
1821 4360 2094 4434 favente
2120 4361 2485 4435 clementia
2514 4363 2975 4437 Romanorum
2992 4389 3119 4440 rex
3136 4377 3206 4441 et
3238 4391 3510 4467 semper

702 4487 1049 4567 augustus.
1086 4478 1158 4551 Si
1196 4480 1558 4555 commodo
1602 4491 1671 4556 et
1705 4485 2114 4579 promotioni
2154 4485 2596 4559 ecclesiarum
2650 4489 2774 4562 Dei
2822 4499 2891 4563 et
2931 4492 3332 4565 nominatim
3371 4515 3507 4566 ea-

701 4614 839 4671 rum
860 4623 999 4695 que
1036 4603 1107 4674 iu
1139 4615 1371 4680 nostro
1399 4617 1563 4680 sunt
1590 4610 2002 4704 patrimonio
2036 4612 2406 4686 constitute
2427 4669 2448 4708 ,
2483 4615 2983 4691 intenderimus
3021 4641 3179 4691 cum
3213 4620 3457 4692 effectu
3480 4675 3501 4710 ,

699 4715 905 4794 Deum
956 4736 1330 4802 creatorem
1379 4740 1693 4805 nostrum
1729 4733 2023 4828 proinde
2056 4736 2259 4809 nobis
2292 4758 2430 4810 uon
2465 4738 2885 4833 ambigimus
2924 4741 3184 4837 premia
3228 4741 3504 4834 elargiri
