4500 5956
700 516 897 576 Inter.
928 511 1017 595 6.]
1616 502 2006 566 HISTORIA
2056 504 2641 568 DtPLOMATmA.
3414 505 3532 569 601

704 649 917 722 salem
955 653 1027 717 et
1053 640 1287 716 Sicilie
1311 637 1496 733 regi,
1537 648 1608 711 et
1637 639 1837 711 nobis
1864 638 2132 713 dudum
2165 641 2488 713 exhibuit
2511 649 2582 713 et
2616 641 3036 713 incessanter
3056 641 3306 733 satagit
3327 642 3527 715 exhi·

705 770 904 861 bere,
943 773 1299 862 sperantes
1332 763 1487 834 insu
1496 783 1618 857 per
1653 762 1744 836 ab
1789 782 1875 835 eo
1909 762 2217 856 recipere
2258 763 2581 856 gratiora,
2638 764 2729 836 de
2779 765 3010 836 innata
3045 764 3261 857 gratia
3296 775 3527 837 nostra

707 890 1219 965 concessionem
1241 894 1311 960 et
1346 883 1787 959 donationem
1813 884 2151 979 quamdiu
2177 885 2436 958 vixerit
2461 885 2766 959 omnium
2793 895 3252 981 proventuum
3268 940 3288 977 ,
3319 888 3534 979 juris-

709 1014 1090 1089 dictionum
1118 1021 1188 1085 et
1212 1009 1648 1104 justiciarum
1674 1007 1984 1079 omnium
2011 1007 2387 1082 Judeorum
2429 1009 2829 1103 degentium
2860 1019 2932 1081 et
2958 1009 3415 1083 habitantium
3459 1012 3533 1084 in

712 1136 1085 1231 Ratispona
1117 1155 1279 1206 cum
1308 1131 1499 1205 omni
1543 1133 1705 1223 ¹juro
1751 1140 1821 1202 et
1862 1131 2284 1225 integritate,
2322 1131 2910 1224 quemadmodum
2962 1132 3056 1204 ad
3117 1141 3420 1205 nostram
3466 1146 3536 1208 et

713 1257 983 1354 imperii
1013 1277 1361 1329 cameram
1385 1261 1694 1349 spectare
1721 1262 2132 1345 noscuntur,
2183 1263 2449 1347 gratam
2478 1262 2697 1326 ratam
2730 1253 3066 1326 habemus
3109 1264 3178 1327 et
3213 1254 3481 1328 firmam
3506 1284 3528 1348 3

715 1380 1133 1478 presentium
1176 1376 1583 1451 auctoritate
1633 1374 2042 1449 mandantes
2087 1386 2432 1470 quatenus
2476 1375 2800 1449 ammodo
2846 1377 3037 1451 nulla
3083 1399 3372 1472 persona
3414 1402 3537 1452 su-

715 1504 947 1578 blimis
978 1502 1091 1577 vel
1122 1500 1436 1588 humilis,
1463 1498 1926 1572 ecclesiastica
1949 1499 2061 1572 vel
2085 1498 2475 1588 mundana,
2516 1506 2752 1570 contra
2777 1500 3110 1594 presentis
3147 1498 3539 1573 donationis

721 1638 789 1702 et
816 1624 1279 1700 concessionis
1312 1631 1544 1696 nostre
1578 1621 1902 1717 paginam
1936 1623 2174 1694 venire
2201 1630 2579 1717 presumat.
2623 1621 2828 1706 Quod
2867 1623 2988 1716 qui
3016 1627 3533 1720 presumpserit,

725 1760 950 1847 preter
974 1748 1307 1820 offensam
1330 1755 1565 1817 nostre
1598 1743 1938 1837 majestati
1967 1743 2258 1833 illatam,
2295 1744 2425 1815 XX
2469 1743 2679 1816 libras
2714 1745 2863 1816 auri
2900 1745 3055 1840 puri
3092 1767 3167 1818 se
3201 1749 3542 1843 composi-

722 1887 952 1946 turum
992 1878 1346 1965 agnoscat.
1395 1868 1706 1953 Quarum
1751 1866 2086 1940 medietas
2124 1887 2397 1939 camere
2437 1876 2668 1939 nostre
2704 1877 2776 1939 et
2820 1868 3083 1963 reliqua
3127 1870 3302 1964 parti
3340 1893 3541 1965 passe

721 1995 1046 2089 injuriam
1092 1993 1540 2087 persolvetur.
1595 1989 1707 2063 Ad
1762 1989 1974 2081 hujus
2026 1989 2263 2083 itaque
2315 1988 2754 2083 gratitudinis
2800 1999 2870 2063 et
2924 1992 3053 2063 rati
3103 1995 3532 2083 memoriam,

722 2126 1107 2216 presentem
1161 2116 1455 2188 litteram
1508 2113 1848 2186 conscribi
1901 2125 1971 2186 et
2022 2114 2400 2205 majestatis
2452 2123 2682 2186 nostre
2728 2113 2955 2208 sigillo
2987 2115 3326 2207 jussimus
3354 2138 3541 2191 com-

724 2242 998 2316 muniri.

816 2366 1042 2457 Hujus
1078 2362 1179 2435 rei
1218 2369 1428 2435 testes
1455 2369 1617 2432 sunt
1649 2385 1667 2431 ε
1705 2358 2111 2432 Cuonradus
2138 2357 2229 2431 de
2261 2359 2704 2451 Smidelvelt,
2753 2359 3196 2434 Eberhardus
3244 2362 3334 2434 de
3369 2365 3549 2437 Her-

728 2489 1178 2583 tingisperge‚
1233 2483 1601 2557 Heinricus
1645 2483 1823 2553 inter
1848 2480 2157 2573 Latinos,
2196 2481 2519 2555 Albertus
2553 2483 3093 2556 triscamerarius
3128 2482 3218 2557 de
3244 2485 3545 2558 Rabins-

729 2612 941 2697 taine,
999 2605 1391 2683 Hawardus
1432 2604 1523 2678 de
1550 2606 1981 2698 Holtzwanc,
2025 2603 2365 2677 Rudolsus
2401 2605 2491 2677 de
2525 2606 3001 2696 Fuenenberc,
3039 2616 3108 2678 et
3144 2608 3259 2679 alii
3290 2629 3546 2702 quam-

731 2735 980 2829 plures.

823 2856 1075 2929 Actum
1140 2874 1323 2927 anno
1379 2851 1728 2925 dominice
1787 2851 2275 2924 incarnationis
2305 2851 2665 2923 millesimo
2696 2850 3164 2925 ducentesimo
3201 2852 3544 2927 tricesimo

736 2981 973 3073 tercio,
1011 2980 1197 3052 XIIII
1234 2975 1567 3051 kalendas
1607 2975 1881 3066 marcii,
1924 2975 2300 3050 indictione
2329 2977 2476 3067 v1·,
2527 2987 2859 3068 regnante
2904 2976 3184 3051 domino
3227 2977 3545 3053 Heinrico

720 3105 1191 3178 Romanorum
1229 3123 1392 3196 rege
1418 3101 1909 3190 illustrissimo,
1953 3122 2137 3174 anno
2170 3100 2368 3195 regni
2401 3103 2551 3193 ejus
2586 3100 2979 3174 undecimo.

829 3229 1117 3322 Signum
1168 3224 1432 3298 domini
1477 3223 1786 3297 Heinrici
1830 3224 2102 3320 septimi
2143 3224 2269 3296 Dei
2319 3224 2537 3318 gratia
2597 3224 3029 3296 invictissimi
3089 3226 3547 3299 Romanorum

715 3351 911 3446 regis
944 3369 1217 3445 semper
1242 3347 1547 3441 augusti.

829 3475 1075 3546 Datum
1109 3471 1296 3568 apud
1324 3469 1819 3564 Nuoremberc,
1860 3491 2045 3543 anno
2065 3523 2085 3560 ,
2125 3491 2366 3543 mense
2392 3478 2461 3544 et
2496 3469 2867 3544 indictione
2893 3469 3323 3565 pretitulatis.

841 4028 1244 4136 Hem-iona,
1284 4028 1805 4113 Romanorum
1849 4052 2020 4135 rex,
2065 4035 2329 4108 notam
2363 4024 2544 4108 facit
2601 4024 2930 4107 formam
2983 4027 3545 4137 compositionis
3705 4051 3917 4155 Apggm,

728 4162 1126 4244 accedente
1173 4186 1313 4244 suo
1350 4185 1729 4244 consensu
1765 4157 1960 4241 inter
1993 4157 2404 4242 Hem-icum
2437 4157 3074 4242 Wormatiensem
3109 4160 3548 4273 episcopum
3696 4158 3924 4204 ΜΝ·

737 4309 905 4372 cum
942 4292 1261 4376 ecclesia
1312 4291 1480 4403 ejus
1533 4301 1609 4375 et
1651 4291 1849 4375 cives
1890 4290 2484 4375 Wormatienses
2536 4290 2780 4374 factae
2800 4355 2824 4401 ‚
2866 4292 3148 4375 scilicet
3198 4294 3295 4376 de
3345 4320 3542 4378 novo

749 4427 932 4506 statu
983 4423 1309 4508 civitatis
1362 4424 1789 4507 ordinando
1841 4448 1980 4530 per
2032 4421 2436 4506 consilium
2488 4422 2612 4504 cui
2673 4422 3211 4532 praesidebunt
3271 4451 3542 4508 novem

762 4550 930 4639 cives
965 4559 1065 4642 ab
1101 4558 1454 4667 episcopo
1490 4567 1566 4641 et
1603 4584 1734 4641 sex
1769 4557 2049 4639 milites
2085 4556 2183 4640 ab
2218 4555 2505 4639 eisdem
2539 4555 2831 4640 civibus
2867 4556 3106 4640 electi.

894 4690 995 4754 IV.
1036 4710 1150 4754 Pu·
1172 4711 1216 4752 2.
3155 4700 3228 4752 76
