4500 5956
768 2573 894 2628 Apud

714 2628 802 2670 Swl
807 2629 920 2670 niort
929 2656 946 2681 ,

651 2683 706 2726 14
734 2680 1009 2736 septembris.

780 4357 908 4412 Apud

692 4412 967 4465 wimptnm
979 4439 993 4461 ,

658 4469 718 4513 25
749 4464 1026 4520 septembrio.

1033 542 1157 605 584
2079 541 2420 602 HENRICI
2470 539 2812 602 SEPTuu
3480 544 3640 629 [An.
3678 546 3860 608 1232.

1033 674 1429 748 advocatias
1460 675 1807 747 curiarum
1836 675 2159 765 ecclesie,
2205 675 2528 747 videlicet
2550 674 2881 763 Gartach‚
2918 674 3333 767 Westheim,
3370 678 3863 753 Rethencheim

1037 809 1107 872 et
1142 799 1664 890 Hancoshusen,
1705 821 1747 871 a
1783 799 1984 870 nobis
2014 807 2084 871 et
2116 798 2402 893 imperio
2436 796 2892 885 venditioniS,
2923 797 3416 872 infeudationis
3449 802 3562 874 vel
3599 802 3864 896 obliga-

1036 922 1241 994 tionis
1276 922 1473 994 titulo
1500 922 1797 994 alienare
1832 921 2172 1016 possimus
2195 921 2308 993 vel
2345 917 2723 991 debeamus
2754 927 2877 992 aut
2909 920 3115 993 etiam
3152 921 3360 995 alicui
3393 924 3690 1017 elargiri,
3724 947 3863 998 non

1039 1043 1222 1140 (nec)
1249 1044 1321 1115 in
1353 1045 1755 1117 concambio
1787 1065 1913 1139 pro
1943 1042 2493 1139 possessionibus
2518 1042 2674 1114 aliis
2699 1050 3180 1116 transmutare.
3218 1043 3631 1119 Mandamus
3656 1048 3866 1140 igitur

1041 1174 1111 1238 et
1142 1168 1275 1238 sub
1312 1166 1861 1239 interminatione
1888 1167 2105 1259 gratie
2131 1174 2361 1239 nostre
2383 1163 2770 1238 firmissime
2794 1166 3214 1261 precipimus
3241 1168 3530 1242 utnulla
3555 1191 3861 1265 unquam

1041 1310 1332 1383 persona
1366 1290 1651 1362 humilis
1688 1291 1800 1363 vel
1843 1291 2019 1381 alta,
2065 1288 2519 1362 ecclesiastica
2567 1288 2682 1361 vel
2727 1287 3118 1381 mundana,
3169 1300 3405 1364 contra
3448 1292 3863 1387 prelibatum

1036 1411 1557 1485 laudamentum
1587 1423 1656 1485 et
1684 1413 2205 1509 promissionem
2244 1420 2547 1484 nostram
2573 1410 2812 1484 venire
2839 1410 3096 1484 audeat
3129 1422 3250 1485 ant
3283 1413 3576 1505 alicujus
3603 1415 3859 1509 ingenii

1039 1534 1366 1629 scrupulo
1419 1535 1810 1607 immutare.
1873 1533 2078 1619 Quod
2132 1534 2257 1629 qui
2312 1533 2534 1605 facere
2583 1534 3107 1630 presumpserit,
3152 1534 3697 1628 indignationem
3732 1550 3866 1610 tre-

1040 1655 1280 1727 mendi
1328 1655 1586 1746 judicis
1626 1666 1992 1750 nostreque
2027 1656 2458 1730 celsitudinis
2506 1655 2987 1750 gravissimam
3028 1657 3354 1730 offensam
3396 1658 3865 1733 indubitanter

1039 1799 1116 1850 se
1147 1779 1422 1850 noverit
1457 1778 1919 1851 incursurum.

1141 1901 1387 1973 Actum
1425 1901 1616 1996 apud
1633 1902 2087 1998 Wimpinam,
2118 1923 2301 1975 anno
2324 1901 2669 1976 dominice
2704 1900 3191 1973 incarnationis
3218 1902 3349 1973 M*
3368 1902 3540 1974 CC⁰⁰
3554 1905 3860 1995 xxx110,

1047 2023 1290 2118 quinto
1325 2022 1484 2096 idus
1513 2025 1951 2121 septembris,
1990 2025 2367 2098 indictione
2397 2033 2620 2098 sexta.

1154 2555 1525 2639 Henricus
1552 2617 1576 2663 ,
1650 2554 2174 2638 Romanorum
2244 2579 2379 2636 rex
2402 2613 2427 2657 ,
2501 2564 2750 2635 ratam
2829 2553 3062 2638 habet
3129 2556 3619 2640 donationem
3687 2557 3872 2642 boni

1049 2688 1453 2799 cujusdam
1527 2688 1732 2797 apud
1804 2685 2224 2769 Eschinber
2293 2711 2385 2768 ex
2448 2698 2662 2794 parte
2714 2685 3092 2772 Ludewici
3157 2688 3255 2771 de
3315 2689 3873 2799 Wangenheim

934 2810 938 2815 ’
1053 2822 1514 2907 monasterio
1559 2819 1798 2901 Vallis
1844 2818 2099 2901 Sancti
2147 2817 2451 2928 Georgii
2495 2817 2806 2900 factam.

1223 3033 1561 3114 (Memorat.
1597 3049 1695 3110 ap.
1744 3030 2078 3104 Bonnam,
2108 3031 2329 3112 Reque.
2377 3031 2581 3110 imper.
2596 3075 2618 3106 ,
2650 3048 2710 3109 p.
2760 3038 2917 3108 2⁴2,
2947 3039 3015 3092 ιι·
3052 3038 3204 3106 276,
3247 3048 3325 3093 ex
3355 3035 3678 3113 exemplari
3713 3036 3878 3114 qnod

1294 3138 1663 3215 transcripsit
1684 3136 1866 3196 flesse
1896 3138 1959 3195 in
1991 3131 2339 3216 copialbucla
2365 3137 2436 3200 S.
2471 3133 2855 3218 Georqentlaal
2877 3135 2951 3198 de
2974 3152 3132 3199 anno
3161 3146 3340 3214 1880,
3368 3137 3473 3201 fol.
3505 3138 3633 3218 4ο.)

1156 3324 1381 3415 Hujus
1412 3320 1527 3393 rei
1559 3328 1767 3392 testes
1807 3328 1971 3392 sunt
2004 3347 2022 3392 ε
2068 3321 2406 3394 Henricus
2441 3320 2529 3393 de
2562 3319 3087 3415 Schwartzberg
3105 3373 3126 3408 ‚
3166 3319 3562 3396 Guntherus
3603 3323 3694 3398 de
3725 3324 3878 3396 Ke-

1059 3446 1444 3538 vernburg,
1478 3441 1799 3514 Albertus
1824 3440 1916 3514 de
1948 3443 2152 3538 Wye,
2189 3442 2642 3517 Meinhardus
2667 3443 2759 3516 de
2792 3443 3108 3516 Tundors
3133 3445 3447 3537 comites,
3483 3445 3878 3521 Ludevicus

1061 3569 1153 3643 de
1189 3565 1672 3641 Frankenstein
1690 3618 1711 3656 ,
1747 3573 1881 3639 etc.

1160 3693 1411 3764 Datum
1471 3687 1662 3784 apud
1712 3687 2039 3761 swinfort
2087 3685 2231 3786 (l),
2278 3709 2462 3761 anno
2501 3688 2846 3764 dominice
2900 3692 3394 3767 incarnationis
3424 3691 3872 3780 MCCXXXII,

1068 3812 1283 3887 XVIII
1320 3810 1656 3885 kalendas
1690 3809 1989 3884 octobris
2005 3862 2027 3903 ,
2069 3809 2445 3884 indictione
2478 3822 2702 3884 sexta.

1180 4339 1548 4426 Henricus
1564 4404 1589 4450 ,
1642 4340 2166 4426 Romanorum
2220 4369 2390 4447 rex,
2432 4369 2568 4452 per
2610 4368 2888 4427 manus
2939 4346 3238 4429 comitis
3288 4345 3739 4431 Hartmanni
3792 4351 3887 4432 de

1143 4604 1221 4679 (l)
1260 4604 1469 4663 Scilicet
1493 4605 1862 4680 Schweinfurt
1884 4620 2047 4679 super
2072 4606 2342 4664 Moenum.
