4500 5956
716 683 923 741 lxmcr..
952 680 1075 757 10.]
1613 681 2007 746 HISTORIA
2056 684 2636 752 DIPLOMA'rch.
3415 693 3529 754 931

713 836 911 908 reges
937 823 1005 886 et
1041 813 1358 889 dominos
1393 813 1768 909 adoptatis,
1804 825 1873 889 et
1912 816 2199 893 fideliter
2233 823 2570 916 acquisita
2606 823 3089 914 defenderent,
3122 833 3191 896 et
3218 826 3524 898 virtuose
3563 810 3620 915 Γ,

714 939 1051 1031 subjicere
1078 939 1370 1035 populos
1394 938 1722 1013 barbaros
1750 953 2181 1015 conarentur.
2215 947 2302 1017 Et
2322 946 2483 1019 licet
2499 968 2592 1019 ex
2620 959 2988 1020 memorate
3014 948 3290 1021 virtutis
3313 949 3526 1021 initiis
3583 990 3614 1000 ff

714 1064 1227 1157 progenitorum
1258 1061 1622 1135 fecundata
1654 1075 2037 1138 nostrorum
2066 1069 2232 1140 satis
2262 1069 2559 1142 extiterit
2589 1092 2914 1163 generosa
2947 1072 3312 1165 plantatio;
3346 1073 3525 1146 hanc

716 1196 942 1258 tamen
979 1188 1113 1258 sub
1143 1188 1504 1259 creationis
1546 1208 1726 1259 nove
1763 1191 2182 1285 propagine,
2220 1214 2360 1286 que
2396 1192 2831 1264 nascentibus
2867 1193 2936 1263 in
2974 1215 3186 1288 regno
3223 1196 3516 1284 coaluit,

713 1331 841 1384 nec
886 1311 1274 1384 inferiorem
1316 1312 1654 1385 industria
1697 1314 2041 1387 credimus
2098 1336 2228 1388 nec
2273 1317 2675 1389 strenuitate
2723 1317 3079 1390 minorem.
3122 1319 3302 1390 Sane
3361 1341 3519 1391 cnm

711 1443 961 1509 etatem
991 1443 1292 1508 nostram
1321 1435 1558 1509 divina
1587 1436 1887 1531 potentia
1923 1447 2109 1511 tanta
2136 1439 2454 1512 felicitate
2484 1438 2825 1513 dotaverit
2859 1450 2938 1511 nt
2968 1438 3060 1512 ad
3089 1462 3324 1534 regem
3351 1463 3521 1514 ves-

715 1566 896 1628 trum
923 1568 1149 1630 vestre
1178 1558 1566 1631 dilectionis
1594 1561 1767 1632 lacte
1796 1561 2127 1633 nutritum
2157 1572 2226 1634 et
2259 1563 2506 1634 vestris
2542 1563 2877 1634 uberibus
2900 1562 3343 1651 ablactatum,
3382 1566 3521 1637 Ro-

719 1680 901 1752 mani
947 1682 1219 1754 culmen
1268 1682 1533 1777 imperii
1580 1683 1809 1755 celesti
1864 1684 2148 1756 consilio
2193 1685 2648 1779 pervenisset,
2705 1706 2831 1757 vos
2872 1694 3149 1759 strenue
3191 1687 3520 1760 bellantes

716 1825 870 1874 cum
903 1804 1053 1898 ipso
1084 1805 1175 1877 ad
1207 1805 1717 1898 subjugandam
1752 1807 1882 1878 sibi
1918 1805 2185 1902 perfide
2209 1808 2599 1880 rebellionis
2626 1809 3022 1894 audaciam,
3061 1811 3244 1881 vires
3274 1821 3344 1883 et
3372 1813 3523 1883 ani-

715 1947 862 1999 mos
898 1928 1384 2020 assumpsistis.
1430 1928 1771 2023 Cumque,
1811 1929 2067 2002 collisis
2104 1934 2471 2003 multorum
2508 1933 2890 2026 potentium
2930 1934 3196 2005 viribus
3232 1936 3355 2028 qui
3386 1954 3522 2007 non

715 2049 914 2121 nobis
935 2104 953 2138 ,
994 2051 1135 2122 imo
1169 2050 1412 2123 divino
1441 2049 1706 2143 judicio
1739 2062 2041 2125 nostram
2070 2055 2418 2147 justiciam
2451 2054 2810 2148 dirigenti,
2852 2057 3209 2128 temerarie
3241 2058 3524 2131 resiste-

712 2173 910 2256 bant,
942 2174 1035 2247 ad
1060 2174 1507 2248 obtinendam
1537 2176 1824 2248 Romani
1852 2176 2120 2271 imperii
2152 2178 2618 2250 monarchiam
2642 2232 2660 2266 ,
2695 2179 2885 2251 italie
2912 2179 3213 2272 quedam
3245 2181 3522 2254 factiosa

711 2297 1055 2385 collectio,
1098 2300 1290 2371 velut
1321 2300 1390 2370 in
1420 2301 1738 2393 granario
1771 2301 2009 2372 lolium
2044 2309 2112 2373 et
2151 2300 2447 2396 putredo
2486 2303 2885 2374 remanserit
2913 2302 2985 2373 in
3012 2304 3316 2395 sentina;
3368 2326 3516 2395 nos,

712 2420 801 2494 ad
843 2424 1044 2515 cnjus
1079 2424 1665 2518 expugnationem
1711 2424 2020 2496 animosa
2067 2423 2434 2497 Germania
2476 2426 2673 2519 plene
2716 2426 2962 2498 nostris
3006 2427 3323 2521 exposita
3363 2450 3527 2501 ma-

711 2546 918 2621 nibus
969 2568 1044 2619 se
1078 2547 1245 2620 satis
1289 2547 1575 2620 viriliter
1625 2559 1693 2620 et
1730 2556 2050 2642 potenter
2090 2548 2429 2641 accingit,
2480 2557 2799 2642 expertes
2847 2569 2974 2620 vos
3024 2558 3210 2621 tante
3245 2551 3529 2623 victorie

709 2671 853 2742 fore
876 2690 1016 2741 non
1052 2671 1383 2761 sinimus,
1427 2691 1554 2744 nec
1574 2670 1973 2764 judicamus
2017 2672 2338 2766 indignos
2359 2726 2377 2760 ,
2422 2672 2725 2743 maxime
2758 2693 2918 2743 cnm
2957 2672 3304 2744 credimus
3333 2675 3526 2768 quod

710 2795 888 2867 inter
915 2794 1124 2866 totius
1160 2793 1433 2889 imperii
1468 2795 1677 2867 nostri
1719 2796 2057 2891 presidia,
2100 2795 2490 2868 hereditarii
2533 2796 2726 2886 regni
2758 2797 2970 2866 nostri
3003 2795 3204 2867 nobis
3240 2796 3525 2869 effectus

707 2917 1008 2992 lucidius
1048 2918 1299 2992 debeat
1334 2940 1700 3014 apparere,
1748 2941 1877 2992 nec
1917 2920 2420 2992 successionem
2457 2929 2760 2991 nostram
2791 2919 3263 3013 generositatis
3296 2942 3337 2992 a
3368 2921 3526 3013 jure

706 3045 807 3117 sic
835 3045 1158 3117 volumus
1190 3043 1446 3116 habere
1472 3043 1886 3138 degenerem
1905 3097 1925 3133 ,
1962 3051 2038 3114 ut
2074 3042 2167 3115 ad
2192 3040 2674 3115 conterendam
2713 3041 3073 3138 perfidiam
3105 3043 3523 3116 Lombardo-

708 3190 859 3240 rum
891 3189 1022 3240 vos
1055 3178 1418 3262 parentum
1454 3177 1836 3240 vestrorum
1882 3166 2176 3260 vestigia
2215 3166 2547 3259 subsequi
2596 3186 2732 3237 non
2778 3166 3003 3238 velitis
3045 3174 3114 3238 et
3155 3165 3519 3261 Apbricam

704 3297 827 3359 aut
869 3289 1041 3361 alias
1079 3298 1353 3361 exteras
1389 3287 1702 3358 nationes
1742 3285 2304 3381 predecessorum
2347 3294 2734 3357 nostrorum
2773 3307 2962 3358 more
3013 3285 3254 3358 ditioni
3291 3296 3523 3359 nostre

703 3413 1076 3503 subjicere,
1113 3411 1236 3505 qui
1271 3431 1359 3483 ne
1389 3409 1558 3483 dum
1595 3410 1864 3482 fortune
1910 3418 2173 3481 terrene
2207 3407 2634 3497 discrimina,
2676 3408 2801 3482 sed
2836 3417 2903 3481 et
2933 3410 3198 3482 marine
3232 3411 3519 3504 naviga-

702 3536 907 3608 tionis
932 3534 1260 3628 ambigua
1291 3543 1754 3605 tentaverunt.
1778 3534 1851 3603 In
1878 3533 1995 3604 illo
2020 3542 2494 3605 verumtamen
2522 3532 2829 3626 priorum
2854 3541 3241 3605 nostrorum
3273 3533 3422 3605 vias
3449 3543 3516 3605 et

705 3662 984 3734 semitas
1022 3656 1356 3753 subsequi
1395 3657 1824 3746 devitamus,
1872 3658 2153 3752 quando
2186 3658 2625 3729 innumerosa
2670 3655 3111 3729 multitudine
3159 3657 3515 3751 sepissime

698 3804 989 3878 regnum
1026 3782 1098 3854 in
1126 3781 1523 3855 hominibus
1556 3779 1981 3867 vacuabant,
2014 3800 2241 3852 rerum
2289 3799 2424 3850 non
2470 3778 2770 3849 contenti
2799 3779 3158 3868 subsidiis,
3198 3778 3321 3850 sed
3347 3777 3513 3850 fide-

698 3907 867 3978 lium
903 3927 1186 4000 corpora
1228 3904 1507 3975 remotis
1541 3903 1923 3997 plerunque
1951 3902 2219 3974 fortune
2252 3899 2634 3994 dispendiis
2667 3899 3102 3993 exponendo.
3145 3900 3397 3971 Verum
3432 3911 3511 3971 ut

697 4030 1000 4122 ipsorum
1050 4024 1336 4097 intentio
1381 4022 1572 4119 apud
1623 4045 1747 4095 nos
1794 4023 2240 4095 excusatione
2287 4043 2425 4093 non
2476 4032 2746 4110 careat,
2799 4021 3001 4092 nobis
3049 4018 3181 4092 hoc
3227 4042 3365 4093 non
3402 4033 3507 4095 est

695 4153 1154 4226 necessarium
1181 4202 1201 4238 ,
1263 4150 1439 4220 sicut
1489 4148 1946 4252 necessarium
2007 4158 2152 4221 erat
2205 4148 2342 4237 eis;
2407 4146 2655 4217 multas
2710 4165 2870 4214 nam
2925 4143 3125 4217 nobis
3178 4166 3506 4241 personas

694 4273 1057 4347 Germania
1092 4272 1466 4364 germinat,
1506 4293 1629 4366 per
1658 4293 1833 4366 quas
1864 4271 2066 4343 vobis
2092 4292 2369 4366 parcere
2401 4290 2795 4364 possumus,
2830 4289 2919 4339 ex
2953 4267 3208 4361 quibus
3234 4269 3336 4341 uti
3364 4269 3501 4343 de-

689 4400 934 4472 bemus
964 4420 1206 4472 secure
1241 4399 1314 4469 in
1355 4398 1606 4470 talibus
1652 4418 1788 4469 non
1834 4397 2109 4490 ignotis.
2166 4398 2417 4468 Tacere
2463 4403 2913 4467 veruntamen
2956 4394 3088 4466 hoc
3135 4395 3286 4468 sine
3327 4418 3501 4469 con-

691 4524 985 4596 sciencie
1044 4522 1349 4617 pondere
1411 4543 1547 4594 non
1595 4542 1984 4617 possemnS,
2036 4521 2224 4615 quod
2269 4521 2445 4592 inter
2489 4520 2658 4591 alios
2718 4541 2893 4613 quos
2942 4518 3142 4591 nobis
3190 4519 3502 4614 undique

691 4645 927 4719 divine
971 4647 1269 4741 potentie
1310 4644 1600 4717 dextera
1637 4644 2074 4738 subjugavit,
2121 4665 2445 4738 personas
2475 4653 2738 4715 vestras
2774 4641 3134 4714 nobiscum
3178 4643 3500 4716 libentius

688 4770 1097 4842 haberemus
1132 4795 1148 4838 ε
1202 4777 1438 4865 utpote
1464 4769 1590 4862 qui
1621 4766 1712 4839 de
1744 4777 1970 4841 vestre
2002 4766 2630 4861 circumspectionis
2679 4764 3012 4837 industria
3049 4777 3118 4836 et
3154 4763 3292 4836 fide
3322 4788 3497 4859 pro-
