4500 5956
1137 619 1259 683 832
2137 608 2565 670 munemel
2615 609 2963 671 SECUNDI
3584 615 3745 694 [Arm.
3784 618 3941 680 1236

773 1091 1039 1197 ngffim
1242 1071 1550 1156 Interim
1621 1070 2032 1178 imperator
2104 1068 2533 1178 Augustam
2611 1068 2921 1152 veniens
3013 1094 3333 1154 manum
3404 1074 3810 1157 militarem
3871 1075 3950 1157 in

722 1198 854 1251 '⁰⁸¹⁰
880 1202 1084 1241 mm·
1134 1206 1423 1313 campis
1470 1202 1622 1286 Lici
1677 1199 2099 1310 (Lechfeld)
2137 1199 2468 1308 colligit,
2508 1211 2582 1282 et
2618 1201 2795 1284 inde
2829 1201 3213 1310 profectus
3258 1204 3336 1286 in
3386 1206 3644 1315 vigilia
3700 1207 3951 1290 Sancti

1133 1338 1386 1421 Jacobi
1432 1334 1642 1417 mille
1687 1333 1964 1414 milites
2019 1334 2098 1412 in
2153 1331 2451 1414 Italiam
2506 1358 2765 1416 secum
2829 1335 3065 1418 ducit.
3128 1337 3448 1421 Gonara.
3513 1339 3776 1422 Coton.
3820 1366 3944 1447 ap.

1132 1471 1522 1575 Boanum,
1561 1476 1861 1561 Fontes,
1909 1477 1967 1547 t.
2010 1465 2118 1571 ΙΙ,
2161 1492 2238 1572 p.
2285 1467 2471 1548 369.
2504 1514 2613 1527 —
2648 1467 2851 1571 [Dux
2905 1468 3283 1575 Austriae]
3320 1471 3564 1554 edicta
3596 1472 3950 1555 Friderici

1132 1601 1641 1710 imperatoriS,
1681 1597 2112 1680 inimicitias
2150 1598 2582 1705 principum
2636 1602 3118 1708 contempsit,
3158 1602 3399 1685 donec
3443 1603 3542 1686 ab
3578 1605 3745 1712 ipso
3780 1605 3951 1687 Fri-

1132 1736 1387 1817 derico
1421 1759 1557 1840 per
1611 1731 2018 1813 sententias
2062 1731 2492 1839 principum
2538 1732 2617 1811 in
2655 1734 2866 1814 curia
2903 1734 3293 1843 Augustae
3329 1734 3707 1818 celebrata
3754 1761 3947 1845 pro—

1132 1866 1490 1950 scribitur
1523 1873 1598 1946 et
1631 1863 2195 1973 principatuum
2245 1888 2561 1946 suorum
2608 1864 2896 1948 honore
2930 1866 3297 1974 privatur.
3340 1867 3582 1949 Hssam.
3628 1869 3906 1950 Ama.
3922 1929 3945 1973 ,

1131 2026 1257 2106 ap.
1315 1997 1707 2101 Boanum,
1764 1994 1957 2077 Ibid.
2014 2022 2092 2102 p.
2143 1996 2338 2077 504.
2379 2042 2489 2058 —
2524 1996 3004 2106 [Imperator]
3049 1998 3429 2081 commisit
3472 1999 3634 2108 regi
3685 1999 3947 2081 Bobe-

1129 2131 1463 2213 miorum
1516 2138 1590 2211 et
1648 2129 1826 2211 duci
1879 2127 2267 2211 Bawariae
2330 2139 2405 2209 et
2458 2127 2922 2237 quibusdam
2977 2130 3348 2238 episcopis
3402 2141 3684 2213 terram
3738 2131 3950 2213 ducis

1130 2262 1479 2344 Austriae
1530 2260 2121 2369 expugnandam
2178 2271 2484 2367 propter
2539 2260 2996 2367 multiplices
3060 2288 3413 2345 excessus
3476 2273 3551 2344 et
3613 2263 3949 2344 facinora

1124 2394 1407 2504 quibus
1460 2395 1662 2475 idem
1716 2393 1875 2474 dux
1925 2390 2135 2473 fama
2186 2390 2496 2498 publica
2550 2391 2948 2475 laborabat
2989 2392 3142 2503 (1).
3190 2394 3341 2491 Qui
3379 2393 3768 2475 Austriam
3821 2394 3950 2473 in-

1124 2528 1365 2639 gressi
1399 2589 1424 2635 ,
1499 2525 1877 2636 adjunctis
1959 2524 2101 2606 sibi
2183 2524 2572 2607 nobilibus
2635 2537 2884 2609 terrae
2965 2551 3160 2636 quos
3242 2526 3405 2635 ipse
3489 2527 3646 2607 dux
3730 2536 3949 2607 antea

1118 2657 1399 2768 injuste
1433 2667 1909 2766 oppresserat
1942 2667 2016 2737 et
2060 2656 2156 2738 de
2195 2663 2399 2737 terra
2435 2681 2576 2738 sua
2607 2654 2965 2764 ejecerat,
3006 2665 3245 2740 totam
3286 2656 3674 2739 Austriam
3711 2658 3949 2739 deva-

1121 2799 1507 2873 staverunt
1557 2798 1632 2872 et
1667 2788 2102 2898 imperatori
2159 2786 2814 2898 subjugaverunt,
2854 2799 3151 2896 praeter
3185 2814 3430 2897 pauca
3473 2798 3722 2871 castra
3766 2815 3949 2871 mu-

1119 2923 1493 3006 nitissima
1529 2923 1608 3005 in
1665 2922 1948 3032 quibus
2001 2921 2161 3030 ipse
2201 2921 2362 3004 dux
2397 2918 2772 3030 profugus
2828 2946 2908 3004 se
2959 2921 3262 3029 recepit.
3312 2922 3630 3006 Gonni-11.
3679 2921 3937 3004 CoLoN.

1121 3082 1246 3164 ap.
1297 3056 1681 3161 Bemmari,
1722 3056 1951 3157 Ibid„
1996 3081 2074 3161 p.
2120 3055 2312 3138 369.
2352 3101 2460 3114 —
2496 3053 2668 3136 Dux
2705 3079 2973 3162 graves
3018 3054 3247 3136 etiam
3284 3064 3550 3137 contra
3599 3055 3939 3162 impera-

1118 3196 1362 3270 torem
1412 3188 1508 3268 de
1563 3186 1843 3269 sororis
1900 3212 2082 3268 suae
2127 3184 2489 3268 dotalitiis
2511 3246 2534 3291 ,
2575 3185 3042 3295 Margaretae
3096 3186 3377 3268 scilicet
3412 3185 3570 3295 (2),
3611 3212 3943 3295 casuque

1125 3318 1246 3399 sui
1299 3318 1554 3399 mariti
1609 3318 1895 3399 crudeli
1947 3317 2216 3399 habuit
2270 3318 2735 3423 simultates3
2778 3344 2976 3427 quae
3024 3344 3228 3400 anno
3279 3317 3586 3402 Domini
3620 3319 3942 3403 MCCXL

1126 3452 1223 3532 ad
1267 3449 1574 3559 plenam
1618 3450 2102 3534 concordiam
2148 3451 2639 3533 devenerunt.
2686 3449 2990 3533 JonANN.
3036 3450 3330 3532 V1c‘ron.
3381 3478 3507 3559 ap.
3549 3449 3938 3555 Boanum,

1123 3592 1412 3685 Fontes,
1456 3593 1514 3663 t.
1558 3584 1620 3688 1,
1661 3609 1740 3690 p.
1785 3584 1970 3662 281.

2204 3758 3589 3768 ————-———————.-—---.-7.<

1126 3869 1156 3903 n
1180 3847 1504 3922 approbata3
1529 3846 1729 3919 quihus
1753 3862 1851 3919 per
1879 3846 1981 3902 hoc
2006 3843 2340 3917 privilegium
2368 3842 2618 3901 nolumus
2640 3844 2695 3899 in
2719 3843 2900 3916 aliquo
2923 3841 3184 3914 derogari.
3209 3842 3266 3899 Si
3294 3842 3417 3914 quis
3442 3858 3570 3900 vero
3593 3842 3693 3899 hec
3718 3847 3942 3915 attemp-

1127 3964 1156 3999 ι
1180 3953 1294 4003 tare
1318 3944 1734 4018 presumpserit,
1763 3943 1897 3999 iram
1922 3941 2304 4015 omnipotentis
2331 3940 2425 3997 Dei
2453 3945 2509 3998 et
2532 3940 2813 3998 beatorum
2853 3938 3209 4013 apostolorum
3237 3939 3379 3996 Petri
3403 3944 3461 3995 et
3485 3937 3631 3995 Pauli
3655 3953 3717 3995 se
3743 3938 3946 3996 noverit

1125 4063 1155 4097 n
1176 4044 1534 4101 incursurum.
1556 4060 1585 4095 υ

1197 4140 1269 4211 (4)
1308 4139 1431 4197 vid.
1463 4154 1626 4211 supra
1653 4154 1711 4210 p.
1739 4139 1844 4194 852
1872 4143 1925 4193 et
1945 4152 2121 4209 seqq„
2141 4135 2439 4208 imperiales
2459 4140 2646 4191 contra
2666 4132 2857 4190 ducem
2881 4132 3132 4190 Austriae
3151 4132 3358 4189 litteras
3374 4138 3431 4188 et
3455 4130 3590 4187 infra
3614 4128 3943 4203 privilegium

1126 4235 1333 4293 civibus
1354 4233 1745 4291 Viennensibus
1768 4233 1973 4301 datum,
2002 4231 2157 4304 aprili
2179 4232 2342 4289 4237.
2368 4228 2578 4299 Quibus
2604 4235 2782 4286 tamen
2804 4227 3187 4285 conferendum
3217 4234 3306 4285 est
3329 4226 3458 4300 quid
3486 4227 3664 4283 dicant
3689 4225 3942 4284 chronic.

1126 4330 1334 4392 Salisb.
1366 4336 1422 4387 et
1445 4330 1697 4387 Chi-onie.
1730 4327 2284 4401 claustro-neobury.,
2312 4344 2400 4400 ap.
2429 4327 2563 4397 Ρη,
2591 4326 2912 4399 Scriptores.

1203 4432 1275 4503 (2)
1311 4432 1429 4486 Jam
1463 4428 1532 4485 de
1556 4429 1672 4485 istis
1699 4428 1948 4486 dotalitiis
1984 4427 2105 4484 lites
2137 4433 2193 4483 et
2227 4426 2479 4499 querelae
2507 4424 2713 4482 fuerant
2747 4429 2992 4495 exortae,
3021 4424 3151 4481 dum
3187 4422 3363 4480 adhuc
3397 4420 3658 4478 Henricus
3682 4419 3944 4494 septimus

1131 4527 1389 4599 regimine
1424 4525 1705 4599 potiretur.
1731 4526 1833 4594 Qui
1866 4525 2081 4597 quidem
2106 4524 2208 4581 sub
2244 4523 2445 4580 ultimis
2470 4523 2555 4579 sui
2578 4522 2728 4595 regni
2755 4522 2909 4579 annis
2941 4521 3190 4579 abbatem
3213 4521 3394 4580 Sancti
3416 4518 3555 4579 Galli
3584 4524 3645 4574 ut
3674 4532 3790 4575 rem
3820 4531 3942 4574 cum

1130 4627 1269 4683 duce
1292 4628 1657 4697 componeret,
1684 4621 1886 4695 pluries
1913 4622 2174 4679 Viennam
2199 4620 2572 4694 praemiserat.
2601 4620 2682 4678 Cl'.
2710 4620 2880 4678 Coma.
2912 4635 2987 4677 mr
3008 4619 3283 4689 Famam,
3308 4634 3399 4692 ap.
3434 4617 3642 4686 Pnrz,
3673 4616 3941 4683 Monam„

1127 4731 1170 4781 t.
1199 4724 1268 4794 11,
1291 4739 1348 4795 p.
1378 4723 1481 4778 480
1506 4725 1564 4777 et
1587 4722 1713 4788 484,
1737 4725 1792 4776 et
1818 4734 1981 4792 supra
1999 4735 2053 4791 p.
2076 4720 2200 4775 853.
