4500 5956
597 587 794 646 Immo-r.
826 584 915 662 8.]
1501 583 1892 647 HISTORIA
1941 578 2524 642 mPLOMA'rch.
3308 584 3428 645 717

598 719 868 792 dilectis
925 717 1126 790 nobis
1171 717 1523 790 Walthero
1574 718 1958 791 honorabili
2004 713 2240 787 abbati
2297 724 2365 785 et
2399 712 2768 786 conventui
2826 712 2916 785 de
2958 713 3435 809 Halsprunnen

596 863 723 936 pro
763 839 1203 935 septuaginta
1254 841 1449 912 libris
1499 842 1826 933 legalium
1859 835 2602 930 Nuerenbergensium,
2640 834 2868 908 eidem
2896 836 3277 910 venditioni
3313 861 3440 911 as-

602 986 881 1037 sensum
927 962 1331 1035 benivolum
1370 964 1718 1059 porrigere
1759 963 2226 1056 dignaremur.
2269 960 2407 1031 Nos
2447 960 2681 1052 itaque
2724 959 3233 1033 considerantes
3274 962 3434 1036 hos-

600 1089 1002 1182 pitalitatem
1039 1085 1205 1157 dicti
1242 1087 1637 1159 monasterii
1683 1109 1823 1184 qua
1853 1086 2063 1180 pollet
2098 1083 2451 1166 continue,
2490 1081 2918 1154 attendentes
2944 1084 3148 1155 etiam
3186 1084 3437 1158 devota

607 1231 848 1282 eorum
879 1208 1249 1301 obsequia,
1287 1229 1428 1303 que
1470 1210 1673 1282 nobis
1720 1219 1790 1280 et
1830 1207 2078 1281 nostris
2126 1204 2461 1277 exhibent
2492 1204 2944 1293 incessanter,
2987 1206 3219 1278 villam
3263 1231 3437 1281 ean-

609 1334 765 1408 dem
808 1333 878 1402 in
908 1331 1262 1403 Kelminze
1299 1354 1459 1404 cum
1488 1332 1674 1405 omni
1705 1334 1862 1424 jure
1892 1341 1961 1404 et
1994 1328 2426 1425 pertinentiis
2455 1328 2628 1417 suis,
2662 1328 2918 1420 quibus
2946 1329 3164 1421 ipsam
3198 1332 3432 1405 villam

604 1464 1006 1551 prenotatus
1032 1454 1371 1527 Rudolfus
1406 1456 1496 1527 de
1538 1453 1963 1529 Lewenrode
1994 1463 2198 1525 antea
2239 1449 2660 1547 possidebat,
2703 1450 3171 1545 prenominato
3202 1452 3436 1528 hono-

605 1578 804 1650 rabili
865 1577 1219 1650 Waltbero
1286 1578 1518 1651 abbati
1568 1587 1636 1650 et
1682 1577 2054 1652 conventui
2110 1575 2200 1649 de
2246 1576 2727 1670 Halsprunnen
2780 1597 2905 1669 pro
2950 1577 3256 1651 remedio
3306 1578 3431 1650 di-

607 1723 859 1773 vorum
908 1701 1424 1793 progenitorum
1475 1709 1863 1774 nostrorum
1914 1720 2158 1791 regum
2202 1707 2273 1771 et
2307 1700 2794 1792 imperatorum
2835 1710 2905 1771 et
2938 1709 3167 1773 nostra
3208 1702 3432 1774 salute

611 1825 858 1896 damus
910 1832 981 1895 et
1032 1824 1479 1896 concedimus
1529 1826 2036 1919 imperpetuum
2082 1821 2605 1919 possidendam.
2669 1824 3053 1895 Statuentes
3104 1831 3183 1894 nt
3240 1824 3429 1897 nulla

611 1969 946 2041 umquam
977 1968 1270 2041 persona
1295 1947 1581 2019 humilis
1614 1949 1725 2021 vel
1750 1950 1915 2038 alta,
1956 1946 2415 2020 ecclesiastica
2448 1947 2559 2017 vel
2591 1945 2969 2036 mundana,
3010 1945 3269 2019 dictum
3308 1949 3431 2020 ab·

611 2071 841 2142 batem
875 2081 996 2142 aut
1033 2082 1451 2143 conventum
1490 2071 1580 2145 de
1612 2072 2093 2166 Halsprunnen
2127 2072 2198 2142 in
2236 2069 2492 2142 eisdem
2527 2068 2727 2141 bonis
2758 2069 2902 2141 suis
2942 2080 3293 2163 presumat
3321 2073 3429 2145 le-

617 2193 776 2265 dere
818 2195 928 2266 vel
970 2194 1262 2285 alicujus
1311 2194 1570 2288 ingenii
1606 2195 1978 2290 scruppulo
2015 2192 2383 2290 impedire.
2424 2191 2628 2277 Quod
2664 2191 2785 2284 qui
2820 2192 3055 2264 fecerit
3098 2194 3429 2267 offensam

618 2328 682 2389 et
707 2317 1252 2410 indignationem
1289 2326 1590 2389 nostram
1617 2339 1692 2390 se
1725 2319 1977 2390 sentiat
1999 2316 2392 2388 incurrisse.
2435 2317 2524 2387 Ut
2557 2326 2791 2387 autem
2828 2336 3110 2409 presens
3145 2316 3430 2391 donatio

617 2441 826 2511 robur
873 2440 1180 2535 optineat
1214 2449 1545 2535 perpetuo
1582 2441 1987 2529 valiturum,
2016 2450 2397 2533 presentem
2425 2438 2691 2510 literam
2726 2437 2945 2531 sigillo
2969 2448 3199 2511 nostre
3234 2440 3432 2512 celsi-

620 2563 879 2635 tudinis
916 2564 1208 2636 fecimus
1242 2564 1577 2636 roborari.

714 2688 949 2759 Testes
983 2696 1145 2758 sunt
1173 2687 1274 2758 bii
1312 2713 1328 2759 ε
1372 2687 1784 2761 venerabilis
1820 2688 2253 2759 Hermannus
2287 2684 2797 2780 Herbipolensis
2829 2686 3219 2780 episcopus,
3260 2687 3435 2757 Lan-

624 2810 851 2882 dolfus
885 2810 1404 2883 wormatiensis
1452 2812 1747 2901 electae,
1789 2808 2323 2903 Thegenhardus
2369 2807 2741 2904 imperialis
2793 2808 2951 2879 aule
2992 2808 3432 2901 prothonota-

624 2934 799 3026 rius,
839 2934 1203 3007 Heinricus
1251 2933 1559 3007 marchio
1590 2933 1681 3007 de
1713 2936 2083 3029 Burgowe,
2120 2932 2483 3005 Heinricus
2529 2929 2870 3018 deNifl'en
2904 2929 3035 3026 (l),
3079 2930 3437 3007 Cnnradus

624 3056 710 3128 de
744 3058 1070 3146 Durnun,
1117 3057 1515 3152 Swicgerus
1567 3056 1658 3129 de
1701 3056 2229 3148 Gundelvingen
2252 3109 2271 3142 ,
2311 3053 2669 3126 Heinricus
2719 3053 2810 3127 de
2841 3054 3262 3147 Beigerbach
3315 3057 3441 3150 qui

623 3190 727 3252 est
757 3182 1165 3253 salmannus
1201 3181 1511 3273 ejusdem
1547 3180 1804 3275 predii,
1850 3178 2267 3254 Ludewicus
2304 3179 2395 3252 de
2434 3178 2838 3273 Virnsperc,
2875 3178 3319 3253 Eberhardus
3352 3178 3443 3252 de

626 3303 1239 3399 Hertingesperge,
1276 3304 1783 3377 Erchenbertus
1818 3303 2054 3394 junior
2096 3301 2187 3375 de
2227 3302 2756 3397 Buoetendorph
2781 3356 2802 3394 ,
2853 3302 3206 3377 conradus
3240 3305 3441 3377 bute-

625 3426 923 3519 gelarius
961 3426 1051 3500 de
1080 3428 1582 3519 Nuoerinberc,
1624 3437 1692 3500 et
1727 3427 1846 3500 alii
1880 3426 2350 3522 quamplures.

717 3552 972 3623 Datum
1000 3550 1188 3646 apud
1215 3551 1714 3641 Nuoerinberc,
1746 3572 1929 3623 anno
1957 3549 2305 3623 dominice
2334 3549 2817 3623 incarnationis
2854 3549 3441 3641 M⁰CC⁰XXX⁰V⁰‚

625 3673 838 3747 tercio
875 3696 1095 3748 nonas
1130 3675 1481 3765 februarii,
1523 3674 1901 3748 indictione
1924 3682 2194 3747 octava.

700 4032 774 4104 (t)
814 4032 969 4090 Circa
993 4031 1100 4089 boc
1125 4036 1362 4106 tempus,
1383 4032 1703 4106 legationem
1730 4033 1799 4090 ad
1816 4048 1998 4107 regem
2015 4031 2274 4090 Francius
2291 4031 2511 4089 missam
2537 4030 2703 4088 fuisse
2720 4032 3006 4102 credimus,
3032 4032 3101 4090 de
3113 4049 3219 4106 qua
3237 4033 3443 4090 Amal.

630 4128 1034 4199 Aryentt’nenses
1062 4129 1149 4187 his
1183 4130 1367 4188 verbis
1394 4149 1407 4186 ε
1443 4151 1469 4185 α
1501 4131 1657 4187 Anno
1693 4134 1902 4190 ⁴235...
1947 4130 2259 4204 episcopum
2292 4128 2700 4201 Emipolensem
2734 4144 2856 4185 cum
2895 4130 2962 4186 n.
3011 4130 3080 4187 de
3117 4131 3234 4188 Nife
3256 4130 3454 4189 direxit

632 4223 772 4299 [rex]
796 4226 853 4281 in
880 4225 1081 4283 Gallias
1117 4227 1186 4284 ad
1218 4243 1404 4300 regem
1437 4227 1724 4298 Franciae,
1754 4232 1816 4283 ut
1856 4242 1981 4286 cum
2015 4242 2081 4284 eo
2120 4226 2469 4284 convenirent
2513 4225 2580 4280 de
2623 4225 2959 4284 matrimonio
2997 4226 3136 4283 inter
3175 4228 3453 4300 utriusque

632 4338 827 4394 pueros
855 4324 1241 4381 contrahendo·
1271 4325 1373 4394 Qui
1406 4324 1682 4382 redierunt
1717 4324 1917 4382 infecto
1954 4325 2186 4396 negotio.
2216 4342 2244 4377 ι
2271 4324 2373 4399 Ap.
2413 4324 2718 4392 Bosana,
2753 4323 2972 4395 Fontes,
3001 4330 3042 4381 t.
3074 4326 3178 4396 111,
3226 4343 3282 4399 p.
3323 4330 3448 4383 408.

632 4418 955 4492 Episcopum
989 4421 1134 4477 enim
1160 4420 1600 4496 Herbipolensem
1624 4428 1680 4479 et
1708 4422 1997 4478 Henricum
2022 4423 2091 4479 de
2112 4421 2293 4480 Nissen
2330 4437 2362 4479 a
2384 4436 2570 4480 mense
2589 4421 2858 4480 februario
2893 4422 2963 4479 ad
2989 4439 3228 4481 mensem
3251 4423 3451 4480 maium

635 4517 778 4573 curia
799 4517 942 4591 regis
970 4517 1211 4576 abfuisse
1244 4518 1402 4591 quasi
1424 4523 1762 4593 compertum
1791 4517 2072 4577 habemus.
