<?xml version="1.0" encoding="UTF-8"?>
<!DOCTYPE html PUBLIC "-//W3C//DTD XHTML 1.0 Transitional//EN"
    "http://www.w3.org/TR/xhtml1/DTD/xhtml1-transitional.dtd">
<html xmlns="http://www.w3.org/1999/xhtml" xml:lang="en" lang="en">
 <head>
  <title>
</title>
<meta http-equiv="Content-Type" content="text/html;charset=utf-8" />
  <meta name='ocr-system' content='tesseract 3.04.00' />
  <meta name='ocr-capabilities' content='ocr_page ocr_carea ocr_par ocr_line ocrx_word'/>
</head>
<body>
  <div class='ocr_page' id='page_1' title='image "./historiadiploma00empegoog_0435.png"; bbox 0 0 4500 5956; ppageno 0'>
   <div class='ocr_carea' id='block_1_1' title="bbox 1572 660 3484 724">
    <p class='ocr_par' dir='ltr' id='par_1_1' title="bbox 1572 660 3484 724">
     <span class='ocr_line' id='line_1_1' title="bbox 1572 660 3484 724; baseline 0.002 -4"><span class='ocrx_word' id='word_1_1' title='bbox 1572 661 1827 721; x_wconf 76' lang='lat' dir='ltr'>INDEX</span> <span class='ocrx_word' id='word_1_2' title='bbox 1874 660 2576 721; x_wconf 76' lang='lat' dir='ltr'><strong>DOCUMENTORUM.</strong></span> <span class='ocrx_word' id='word_1_3' title='bbox 3367 663 3484 724; x_wconf 79' lang='lat'><strong>977</strong></span> 
     </span>
    </p>
   </div>
   <div class='ocr_carea' id='block_1_2' title="bbox 650 865 922 983">
    <p class='ocr_par' dir='ltr' id='par_1_2' title="bbox 650 865 922 983">
     <span class='ocr_line' id='line_1_2' title="bbox 650 865 922 983; baseline 0 0"><span class='ocrx_word' id='word_1_4' title='bbox 650 865 922 983; x_wconf 58' lang='lat' dir='ltr'><em>Q</em></span> 
     </span>
    </p>
   </div>
   <div class='ocr_carea' id='block_1_3' title="bbox 895 842 951 4845">
    <p class='ocr_par' dir='ltr' id='par_1_3' title="bbox 895 842 951 4845">
     <span class='ocr_line' id='line_1_3' title="bbox 927 842 951 1622; baseline 0 -487"><span class='ocrx_word' id='word_1_5' title='bbox 927 842 951 1622; x_wconf 95' lang='lat' dir='ltr'><strong>  </strong></span> 
     </span>
     <span class='ocr_line' id='line_1_4' title="bbox 919 1786 947 2585; baseline 0 -546"><span class='ocrx_word' id='word_1_6' title='bbox 919 1786 947 2585; x_wconf 95' lang='lat' dir='ltr'><strong>  </strong></span> 
     </span>
     <span class='ocr_line' id='line_1_5' title="bbox 895 2758 938 4845; baseline 0 0"><span class='ocrx_word' id='word_1_7' title='bbox 895 2758 938 4845; x_wconf 95' lang='lat' dir='ltr'><strong>   </strong></span> 
     </span>
    </p>
   </div>
   <div class='ocr_carea' id='block_1_4' title="bbox 647 988 3486 1629">
    <p class='ocr_par' dir='ltr' id='par_1_4' title="bbox 647 988 3486 1629">
     <span class='ocr_line' id='line_1_6' title="bbox 1502 988 3486 1067; baseline 0.001 -18"><span class='ocrx_word' id='word_1_8' title='bbox 1502 990 1576 1050; x_wconf 89' lang='lat' dir='ltr'><strong>de</strong></span> <span class='ocrx_word' id='word_1_9' title='bbox 1597 989 1956 1049; x_wconf 88' lang='lat' dir='ltr'><strong>haereditate</strong></span> <span class='ocrx_word' id='word_1_10' title='bbox 1983 991 2307 1066; x_wconf 83' lang='lat' dir='ltr'><strong>pertinente</strong></span> <span class='ocrx_word' id='word_1_11' title='bbox 2332 988 2408 1048; x_wconf 89' lang='lat' dir='ltr'><strong>ad</strong></span> <span class='ocrx_word' id='word_1_12' title='bbox 2438 988 2763 1048; x_wconf 87' lang='lat' dir='ltr'><strong>dominium</strong></span> <span class='ocrx_word' id='word_1_13' title='bbox 2790 988 2865 1048; x_wconf 86' lang='lat' dir='ltr'><strong>de</strong></span> <span class='ocrx_word' id='word_1_14' title='bbox 2888 989 3272 1062; x_wconf 82' lang='lat' dir='ltr'><strong>Brunswick,</strong></span> <span class='ocrx_word' id='word_1_15' title='bbox 3303 1006 3486 1067; x_wconf 86' lang='lat' dir='ltr'><strong>quam</strong></span> 
     </span>
     <span class='ocr_line' id='line_1_7' title="bbox 1500 1084 3482 1148; baseline 0.001 -3"><span class='ocrx_word' id='word_1_16' title='bbox 1500 1086 1689 1146; x_wconf 88' lang='lat' dir='ltr'><strong>eidem</strong></span> <span class='ocrx_word' id='word_1_17' title='bbox 1715 1086 1966 1146; x_wconf 86' lang='lat' dir='ltr'><strong>contulit</strong></span> <span class='ocrx_word' id='word_1_18' title='bbox 1990 1086 2054 1144; x_wconf 89' lang='lat' dir='ltr'><strong>in</strong></span> <span class='ocrx_word' id='word_1_19' title='bbox 2080 1084 2344 1146; x_wconf 77' lang='lat' dir='ltr'><strong>feudum.</strong></span> <span class='ocrx_word' id='word_1_20' title='bbox 3368 1096 3482 1148; x_wconf 82' lang='grc'><strong>790</strong></span> 
     </span>
     <span class='ocr_line' id='line_1_8' title="bbox 647 1178 3483 1264; baseline -0.001 -19"><span class='ocrx_word' id='word_1_21' title='bbox 647 1185 920 1247; x_wconf 84' lang='lat' dir='ltr'>novemb.</span> <span class='ocrx_word' id='word_1_22' title='bbox 1011 1185 1335 1264; x_wconf 76' lang='lat' dir='ltr'><strong>Augustae.</strong></span> <span class='ocrx_word' id='word_1_23' title='bbox 1422 1213 1497 1227; x_wconf 89' lang='lat'>—</span> <span class='ocrx_word' id='word_1_24' title='bbox 1538 1182 1879 1242; x_wconf 80' lang='lat' dir='ltr'><strong>Hermanno</strong></span> <span class='ocrx_word' id='word_1_25' title='bbox 1907 1184 2185 1259; x_wconf 88' lang='lat' dir='ltr'><strong>magistro</strong></span> <span class='ocrx_word' id='word_1_26' title='bbox 2211 1181 2517 1257; x_wconf 87' lang='lat' dir='ltr'><strong>hospitalis</strong></span> <span class='ocrx_word' id='word_1_27' title='bbox 2542 1178 2791 1240; x_wconf 77' lang='lat' dir='ltr'><strong>Sanctae</strong></span> <span class='ocrx_word' id='word_1_28' title='bbox 2817 1181 3040 1240; x_wconf 89' lang='lat' dir='ltr'><strong>Mariae</strong></span> <span class='ocrx_word' id='word_1_29' title='bbox 3075 1181 3483 1242; x_wconf 89' lang='lat' dir='ltr'><strong>Theutonico-</strong></span> 
     </span>
     <span class='ocr_line' id='line_1_9' title="bbox 1499 1275 3485 1354; baseline 0.001 -17"><span class='ocrx_word' id='word_1_30' title='bbox 1499 1294 1633 1337; x_wconf 89' lang='lat' dir='ltr'><strong>rum</strong></span> <span class='ocrx_word' id='word_1_31' title='bbox 1674 1279 1737 1337; x_wconf 89' lang='lat' dir='ltr'><strong>in</strong></span> <span class='ocrx_word' id='word_1_32' title='bbox 1780 1278 2107 1338; x_wconf 78' lang='lat' dir='ltr'><strong>Jerusalem</strong></span> <span class='ocrx_word' id='word_1_33' title='bbox 2150 1277 2525 1337; x_wconf 88' lang='lat' dir='ltr'><strong>donationem</strong></span> <span class='ocrx_word' id='word_1_34' title='bbox 2563 1282 2625 1336; x_wconf 87' lang='lat' dir='ltr'><strong>et</strong></span> <span class='ocrx_word' id='word_1_35' title='bbox 2664 1275 3059 1336; x_wconf 83' lang='lat' dir='ltr'><strong>venditionem</strong></span> <span class='ocrx_word' id='word_1_36' title='bbox 3092 1279 3485 1354; x_wconf 85' lang='lat' dir='ltr'><strong>quorumdam</strong></span> 
     </span>
     <span class='ocr_line' id='line_1_10' title="bbox 1498 1373 3484 1450; baseline 0.002 -18"><span class='ocrx_word' id='word_1_37' title='bbox 1498 1373 1788 1433; x_wconf 88' lang='lat' dir='ltr'><strong>bonorum</strong></span> <span class='ocrx_word' id='word_1_38' title='bbox 1841 1373 2062 1435; x_wconf 82' lang='lat' dir='ltr'><strong>ibidem</strong></span> <span class='ocrx_word' id='word_1_39' title='bbox 2124 1389 2533 1450; x_wconf 83' lang='lat' dir='ltr'><strong>expressorum</strong></span> <span class='ocrx_word' id='word_1_40' title='bbox 2584 1373 2789 1433; x_wconf 89' lang='lat' dir='ltr'><strong>domui</strong></span> <span class='ocrx_word' id='word_1_41' title='bbox 2837 1373 3024 1433; x_wconf 88' lang='lat' dir='ltr'><strong>eidem</strong></span> <span class='ocrx_word' id='word_1_42' title='bbox 3072 1390 3110 1434; x_wconf 91' lang='lat' dir='ltr'><strong>a</strong></span> <span class='ocrx_word' id='word_1_43' title='bbox 3159 1376 3484 1435; x_wconf 88' lang='lat' dir='ltr'><strong>Bertrando</strong></span> 
     </span>
     <span class='ocr_line' id='line_1_11' title="bbox 1497 1469 3477 1547; baseline 0.001 -17"><span class='ocrx_word' id='word_1_44' title='bbox 1497 1471 1767 1532; x_wconf 71' lang='lat' dir='ltr'><strong>Por-celet</strong></span> <span class='ocrx_word' id='word_1_45' title='bbox 1792 1477 1852 1531; x_wconf 90' lang='lat' dir='ltr'><strong>et</strong></span> <span class='ocrx_word' id='word_1_46' title='bbox 1878 1470 2131 1531; x_wconf 85' lang='lat' dir='ltr'><strong>Isabella</strong></span> <span class='ocrx_word' id='word_1_47' title='bbox 2156 1487 2346 1531; x_wconf 83' lang='lat' dir='ltr'><strong>uxore</strong></span> <span class='ocrx_word' id='word_1_48' title='bbox 2371 1474 2501 1547; x_wconf 78' lang='lat' dir='ltr'><strong>ejus</strong></span> <span class='ocrx_word' id='word_1_49' title='bbox 2525 1485 2724 1529; x_wconf 86' lang='lat' dir='ltr'><strong>coram</strong></span> <span class='ocrx_word' id='word_1_50' title='bbox 2752 1470 2944 1547; x_wconf 85' lang='lat' dir='ltr'><strong>legato</strong></span> <span class='ocrx_word' id='word_1_51' title='bbox 2970 1486 3078 1530; x_wconf 90' lang='lat' dir='ltr'><strong>suo</strong></span> <span class='ocrx_word' id='word_1_52' title='bbox 3105 1469 3344 1544; x_wconf 85' lang='lat' dir='ltr'><strong>factam,</strong></span> <span class='ocrx_word' id='word_1_53' title='bbox 3374 1488 3477 1532; x_wconf 88' lang='lat' dir='ltr'><strong>ra·</strong></span> 
     </span>
     <span class='ocr_line' id='line_1_12' title="bbox 1498 1565 3478 1629; baseline 0.001 -1"><span class='ocrx_word' id='word_1_54' title='bbox 1498 1574 1624 1628; x_wconf 88' lang='lat' dir='ltr'><strong>tam</strong></span> <span class='ocrx_word' id='word_1_55' title='bbox 1646 1567 1825 1628; x_wconf 88' lang='lat' dir='ltr'><strong>habet</strong></span> <span class='ocrx_word' id='word_1_56' title='bbox 1849 1573 1910 1628; x_wconf 92' lang='lat' dir='ltr'><strong>et</strong></span> <span class='ocrx_word' id='word_1_57' title='bbox 1934 1565 2266 1628; x_wconf 81' lang='lat' dir='ltr'><strong>confirmat.</strong></span> <span class='ocrx_word' id='word_1_58' title='bbox 3147 1596 3154 1603; x_wconf 86' lang='lat'>-</span> <span class='ocrx_word' id='word_1_59' title='bbox 3363 1578 3395 1628; x_wconf 86' lang='grc'><strong>7</strong></span> <span class='ocrx_word' id='word_1_60' title='bbox 3403 1578 3478 1629; x_wconf 78' lang='grc'><strong>92</strong></span> 
     </span>
    </p>
   </div>
   <div class='ocr_carea' id='block_1_5' title="bbox 638 1663 3488 3875">
    <p class='ocr_par' dir='ltr' id='par_1_5' title="bbox 638 1663 3488 3875">
     <span class='ocr_line' id='line_1_13' title="bbox 644 1663 3480 1745; baseline 0.002 -21"><span class='ocrx_word' id='word_1_61' title='bbox 644 1663 917 1726; x_wconf 81' lang='lat' dir='ltr'><strong>novemb.</strong></span> <span class='ocrx_word' id='word_1_62' title='bbox 1006 1664 1333 1744; x_wconf 73' lang='lat' dir='ltr'><strong>Augustae.</strong></span> <span class='ocrx_word' id='word_1_63' title='bbox 1415 1694 1501 1712; x_wconf 96' lang='lat'>—</span> <span class='ocrx_word' id='word_1_64' title='bbox 1537 1667 1709 1729; x_wconf 83' lang='lat' dir='ltr'><strong>Cives</strong></span> <span class='ocrx_word' id='word_1_65' title='bbox 1735 1668 1886 1729; x_wconf 86' lang='lat' dir='ltr'><strong>Novi</strong></span> <span class='ocrx_word' id='word_1_66' title='bbox 1910 1668 2046 1728; x_wconf 88' lang='lat' dir='ltr'><strong>Fori</strong></span> <span class='ocrx_word' id='word_1_67' title='bbox 2068 1672 2128 1726; x_wconf 89' lang='lat' dir='ltr'><strong>et</strong></span> <span class='ocrx_word' id='word_1_68' title='bbox 2152 1666 2465 1745; x_wconf 86' lang='lat' dir='ltr'><strong>Nurnberg</strong></span> <span class='ocrx_word' id='word_1_69' title='bbox 2490 1672 2724 1744; x_wconf 87' lang='lat' dir='ltr'><strong>propter</strong></span> <span class='ocrx_word' id='word_1_70' title='bbox 2749 1666 3108 1727; x_wconf 85' lang='lat' dir='ltr'><strong>vicinitatem</strong></span> <span class='ocrx_word' id='word_1_71' title='bbox 3132 1684 3251 1743; x_wconf 91' lang='lat' dir='ltr'><strong>qua</strong></span> <span class='ocrx_word' id='word_1_72' title='bbox 3275 1685 3480 1729; x_wconf 90' lang='lat' dir='ltr'><strong>eorum</strong></span> 
     </span>
     <span class='ocr_line' id='line_1_14' title="bbox 1497 1763 3481 1841; baseline 0.001 -18"><span class='ocrx_word' id='word_1_73' title='bbox 1497 1766 1737 1841; x_wconf 73' lang='lat' dir='ltr'><strong>negotia</strong></span> <span class='ocrx_word' id='word_1_74' title='bbox 1760 1765 2096 1825; x_wconf 88' lang='lat' dir='ltr'><strong>communia</strong></span> <span class='ocrx_word' id='word_1_75' title='bbox 2132 1763 2317 1837; x_wconf 82' lang='lat' dir='ltr'><strong>fiunt,</strong></span> <span class='ocrx_word' id='word_1_76' title='bbox 2360 1779 2398 1824; x_wconf 86' lang='lat' dir='ltr'><strong>a</strong></span> <span class='ocrx_word' id='word_1_77' title='bbox 2418 1767 2553 1840; x_wconf 78' lang='lat' dir='ltr'><strong>jure</strong></span> <span class='ocrx_word' id='word_1_78' title='bbox 2575 1764 2937 1825; x_wconf 75' lang='lat' dir='ltr'><strong>teloneorum</strong></span> <span class='ocrx_word' id='word_1_79' title='bbox 2978 1766 3132 1824; x_wconf 89' lang='lat' dir='ltr'><strong>inter</strong></span> <span class='ocrx_word' id='word_1_80' title='bbox 3156 1782 3219 1825; x_wconf 89' lang='lat' dir='ltr'><strong>se</strong></span> <span class='ocrx_word' id='word_1_81' title='bbox 3243 1766 3481 1825; x_wconf 83' lang='lat' dir='ltr'><strong>solven-</strong></span> 
     </span>
     <span class='ocr_line' id='line_1_15' title="bbox 1494 1860 3487 1938; baseline 0.002 -18"><span class='ocrx_word' id='word_1_82' title='bbox 1494 1861 1708 1922; x_wconf 89' lang='lat' dir='ltr'><strong>dorum</strong></span> <span class='ocrx_word' id='word_1_83' title='bbox 1735 1863 2030 1921; x_wconf 87' lang='lat' dir='ltr'><strong>immunes</strong></span> <span class='ocrx_word' id='word_1_84' title='bbox 2056 1876 2185 1920; x_wconf 85' lang='lat' dir='ltr'><strong>esse</strong></span> <span class='ocrx_word' id='word_1_85' title='bbox 2210 1860 2497 1932; x_wconf 78' lang='lat' dir='ltr'><strong>declarat3</strong></span> <span class='ocrx_word' id='word_1_86' title='bbox 2528 1861 2694 1921; x_wconf 85' lang='lat' dir='ltr'><strong>salvo</strong></span> <span class='ocrx_word' id='word_1_87' title='bbox 2716 1861 2874 1937; x_wconf 84' lang='lat' dir='ltr'><strong>quod</strong></span> <span class='ocrx_word' id='word_1_88' title='bbox 2900 1863 3208 1938; x_wconf 86' lang='lat' dir='ltr'><strong>utriusque</strong></span> <span class='ocrx_word' id='word_1_89' title='bbox 3232 1863 3487 1923; x_wconf 87' lang='lat' dir='ltr'><strong>civitatis</strong></span> 
     </span>
     <span class='ocr_line' id='line_1_16' title="bbox 1495 1956 3486 2035; baseline 0.001 -19"><span class='ocrx_word' id='word_1_90' title='bbox 1495 1957 1723 2017; x_wconf 86' lang='lat' dir='ltr'><strong>incolae</strong></span> <span class='ocrx_word' id='word_1_91' title='bbox 1748 1962 1873 2018; x_wconf 91' lang='lat' dir='ltr'><strong>tam</strong></span> <span class='ocrx_word' id='word_1_92' title='bbox 1901 1959 1964 2015; x_wconf 91' lang='lat' dir='ltr'><strong>in</strong></span> <span class='ocrx_word' id='word_1_93' title='bbox 1994 1956 2087 2017; x_wconf 78' lang='lat' dir='ltr'><strong>hle</strong></span> <span class='ocrx_word' id='word_1_94' title='bbox 2110 1956 2457 2017; x_wconf 89' lang='lat' dir='ltr'><strong>civitatibus</strong></span> <span class='ocrx_word' id='word_1_95' title='bbox 2475 1973 2660 2035; x_wconf 81' lang='lat' dir='ltr'><strong>quam</strong></span> <span class='ocrx_word' id='word_1_96' title='bbox 2685 1973 2790 2033; x_wconf 90' lang='lat' dir='ltr'><strong>per</strong></span> <span class='ocrx_word' id='word_1_97' title='bbox 2815 1958 2960 2016; x_wconf 87' lang='lat' dir='ltr'><strong>alias</strong></span> <span class='ocrx_word' id='word_1_98' title='bbox 2988 1957 3216 2018; x_wconf 87' lang='lat' dir='ltr'><strong>telonea</strong></span> <span class='ocrx_word' id='word_1_99' title='bbox 3240 1960 3486 2035; x_wconf 87' lang='lat' dir='ltr'><strong>imperio</strong></span> 
     </span>
     <span class='ocr_line' id='line_1_17' title="bbox 1494 2052 3480 2115; baseline 0.001 -2"><span class='ocrx_word' id='word_1_100' title='bbox 1494 2052 1691 2113; x_wconf 89' lang='lat' dir='ltr'><strong>debita</strong></span> <span class='ocrx_word' id='word_1_101' title='bbox 1718 2054 2050 2114; x_wconf 83' lang='lat' dir='ltr'><strong>exsolvant.</strong></span> <span class='ocrx_word' id='word_1_102' title='bbox 2589 2102 2592 2105; x_wconf 93' lang='lat'><strong>.</strong></span> <span class='ocrx_word' id='word_1_103' title='bbox 3368 2063 3480 2115; x_wconf 84' lang='grc'><strong>795</strong></span> 
     </span>
     <span class='ocr_line' id='line_1_18' title="bbox 647 2145 3485 2228; baseline 0.001 -21"><span class='ocrx_word' id='word_1_104' title='bbox 647 2145 914 2209; x_wconf 84' lang='lat' dir='ltr'><strong>decemb.</strong></span> <span class='ocrx_word' id='word_1_105' title='bbox 985 2147 1344 2225; x_wconf 79' lang='lat' dir='ltr'><strong>Hagenowe.</strong></span> <span class='ocrx_word' id='word_1_106' title='bbox 1413 2182 1495 2197; x_wconf 92' lang='lat'><strong>—</strong></span> <span class='ocrx_word' id='word_1_107' title='bbox 1533 2151 1752 2223; x_wconf 90' lang='lat' dir='ltr'><strong>Donat,</strong></span> <span class='ocrx_word' id='word_1_108' title='bbox 1782 2150 2053 2211; x_wconf 85' lang='lat' dir='ltr'><strong>concedit</strong></span> <span class='ocrx_word' id='word_1_109' title='bbox 2088 2156 2150 2210; x_wconf 90' lang='lat' dir='ltr'><strong>et</strong></span> <span class='ocrx_word' id='word_1_110' title='bbox 2192 2148 2505 2210; x_wconf 85' lang='lat' dir='ltr'><strong>confirmat</strong></span> <span class='ocrx_word' id='word_1_111' title='bbox 2549 2149 2902 2228; x_wconf 81' lang='lat' dir='ltr'><strong>Baymundo</strong></span> <span class='ocrx_word' id='word_1_112' title='bbox 2945 2152 3149 2210; x_wconf 84' lang='lat' dir='ltr'><strong>comiti</strong></span> <span class='ocrx_word' id='word_1_113' title='bbox 3192 2151 3485 2212; x_wconf 86' lang='lat' dir='ltr'><strong>Tolosano</strong></span> 
     </span>
     <span class='ocr_line' id='line_1_19' title="bbox 1492 2245 3486 2325; baseline 0.001 -18"><span class='ocrx_word' id='word_1_114' title='bbox 1492 2245 1660 2307; x_wconf 79' lang='lat' dir='ltr'><strong>amni</strong></span> <span class='ocrx_word' id='word_1_115' title='bbox 1700 2254 1760 2307; x_wconf 91' lang='lat' dir='ltr'><strong>et</strong></span> <span class='ocrx_word' id='word_1_116' title='bbox 1797 2245 1958 2307; x_wconf 81' lang='lat' dir='ltr'><strong>fideli</strong></span> <span class='ocrx_word' id='word_1_117' title='bbox 2002 2262 2109 2306; x_wconf 87' lang='lat' dir='ltr'><strong>suo</strong></span> <span class='ocrx_word' id='word_1_118' title='bbox 2144 2253 2362 2306; x_wconf 87' lang='lat' dir='ltr'><strong>terram</strong></span> <span class='ocrx_word' id='word_1_119' title='bbox 2389 2247 2747 2307; x_wconf 87' lang='lat' dir='ltr'><strong>Venesinam</strong></span> <span class='ocrx_word' id='word_1_120' title='bbox 2772 2254 3077 2325; x_wconf 84' lang='lat' dir='ltr'><strong>totamque</strong></span> <span class='ocrx_word' id='word_1_121' title='bbox 3102 2248 3277 2307; x_wconf 87' lang='lat' dir='ltr'><strong>aliam</strong></span> <span class='ocrx_word' id='word_1_122' title='bbox 3302 2264 3486 2325; x_wconf 86' lang='lat' dir='ltr'><strong>quam</strong></span> 
     </span>
     <span class='ocr_line' id='line_1_20' title="bbox 1492 2344 3486 2421; baseline 0.001 -16"><span class='ocrx_word' id='word_1_123' title='bbox 1492 2347 1556 2405; x_wconf 86' lang='lat' dir='ltr'><strong>in</strong></span> <span class='ocrx_word' id='word_1_124' title='bbox 1583 2347 1830 2421; x_wconf 86' lang='lat' dir='ltr'><strong>imperio</strong></span> <span class='ocrx_word' id='word_1_125' title='bbox 1856 2346 1982 2405; x_wconf 85' lang='lat' dir='ltr'><strong>sive</strong></span> <span class='ocrx_word' id='word_1_126' title='bbox 2008 2346 2068 2404; x_wconf 91' lang='lat' dir='ltr'><strong>in</strong></span> <span class='ocrx_word' id='word_1_127' title='bbox 2097 2361 2279 2421; x_wconf 89' lang='lat' dir='ltr'><strong>regno</strong></span> <span class='ocrx_word' id='word_1_128' title='bbox 2303 2345 2631 2406; x_wconf 87' lang='lat' dir='ltr'><strong>Arelatensi</strong></span> <span class='ocrx_word' id='word_1_129' title='bbox 2656 2351 2718 2404; x_wconf 91' lang='lat' dir='ltr'><strong>et</strong></span> <span class='ocrx_word' id='word_1_130' title='bbox 2743 2344 3067 2405; x_wconf 80' lang='lat' dir='ltr'><strong>Viennensi</strong></span> <span class='ocrx_word' id='word_1_131' title='bbox 3101 2346 3259 2406; x_wconf 87' lang='lat' dir='ltr'><strong>idem</strong></span> <span class='ocrx_word' id='word_1_132' title='bbox 3286 2362 3486 2407; x_wconf 86' lang='lat' dir='ltr'><strong>comes</strong></span> 
     </span>
     <span class='ocr_line' id='line_1_21' title="bbox 1492 2441 3488 2520; baseline 0.002 -19"><span class='ocrx_word' id='word_1_133' title='bbox 1492 2448 1694 2503; x_wconf 88' lang='lat' dir='ltr'><strong>tenere</strong></span> <span class='ocrx_word' id='word_1_134' title='bbox 1722 2443 2049 2515; x_wconf 80' lang='lat' dir='ltr'><strong>consuevit,</strong></span> <span class='ocrx_word' id='word_1_135' title='bbox 2066 2449 2126 2502; x_wconf 86' lang='lat' dir='ltr'><strong>et</strong></span> <span class='ocrx_word' id='word_1_136' title='bbox 2144 2444 2400 2502; x_wconf 88' lang='lat' dir='ltr'><strong>restituit</strong></span> <span class='ocrx_word' id='word_1_137' title='bbox 2423 2444 2650 2502; x_wconf 89' lang='lat' dir='ltr'><strong>eumin</strong></span> <span class='ocrx_word' id='word_1_138' title='bbox 2677 2441 3021 2520; x_wconf 81' lang='lat' dir='ltr'><strong>dignitatem</strong></span> <span class='ocrx_word' id='word_1_139' title='bbox 3050 2444 3488 2504; x_wconf 77' lang='lat' dir='ltr'><strong>marchionatus</strong></span> 
     </span>
     <span class='ocr_line' id='line_1_22' title="bbox 1492 2538 3480 2600; baseline 0.001 -2"><span class='ocrx_word' id='word_1_140' title='bbox 1492 2538 1862 2599; x_wconf 81' lang='lat' dir='ltr'><strong>Provinciae.</strong></span> <span class='ocrx_word' id='word_1_141' title='bbox 3365 2548 3480 2600; x_wconf 82' lang='grc'><strong>799</strong></span> 
     </span>
     <span class='ocr_line' id='line_1_23' title="bbox 645 2628 3486 2715; baseline 0.003 -26"><span class='ocrx_word' id='word_1_142' title='bbox 645 2628 909 2694; x_wconf 80' lang='lat' dir='ltr'><strong>decemb.</strong></span> <span class='ocrx_word' id='word_1_143' title='bbox 982 2631 1338 2710; x_wconf 79' lang='lat' dir='ltr'><strong>Hagenowe.</strong></span> <span class='ocrx_word' id='word_1_144' title='bbox 1409 2667 1492 2683; x_wconf 92' lang='lat'><em>-</em></span> <span class='ocrx_word' id='word_1_145' title='bbox 1530 2635 1890 2715; x_wconf 83' lang='lat' dir='ltr'><strong>Baymundo</strong></span> <span class='ocrx_word' id='word_1_146' title='bbox 1935 2638 2134 2697; x_wconf 88' lang='lat' dir='ltr'><strong>comiti</strong></span> <span class='ocrx_word' id='word_1_147' title='bbox 2175 2636 2472 2696; x_wconf 86' lang='lat' dir='ltr'><strong>Tolosano</strong></span> <span class='ocrx_word' id='word_1_148' title='bbox 2521 2633 2691 2694; x_wconf 83' lang='lat' dir='ltr'><strong>affini</strong></span> <span class='ocrx_word' id='word_1_149' title='bbox 2739 2641 2801 2694; x_wconf 92' lang='lat' dir='ltr'><strong>et</strong></span> <span class='ocrx_word' id='word_1_150' title='bbox 2843 2632 3007 2694; x_wconf 85' lang='lat' dir='ltr'><strong>fideli</strong></span> <span class='ocrx_word' id='word_1_151' title='bbox 3056 2651 3164 2694; x_wconf 88' lang='lat' dir='ltr'><strong>suo</strong></span> <span class='ocrx_word' id='word_1_152' title='bbox 3212 2635 3486 2697; x_wconf 89' lang='lat' dir='ltr'><strong>dominos</strong></span> 
     </span>
     <span class='ocr_line' id='line_1_24' title="bbox 1491 2732 3484 2813; baseline 0.001 -22"><span class='ocrx_word' id='word_1_153' title='bbox 1491 2733 1666 2793; x_wconf 85' lang='lat' dir='ltr'><strong>villae</strong></span> <span class='ocrx_word' id='word_1_154' title='bbox 1694 2735 1955 2813; x_wconf 83' lang='lat' dir='ltr'><strong>Insulae,</strong></span> <span class='ocrx_word' id='word_1_155' title='bbox 1975 2735 2236 2794; x_wconf 83' lang='lat' dir='ltr'><strong>civitatis</strong></span> <span class='ocrx_word' id='word_1_156' title='bbox 2265 2732 2699 2810; x_wconf 83' lang='lat' dir='ltr'><strong>Carpentoratis</strong></span> <span class='ocrx_word' id='word_1_157' title='bbox 2715 2774 2733 2804; x_wconf 90' lang='lat'><em>,</em></span> <span class='ocrx_word' id='word_1_158' title='bbox 2764 2734 2940 2792; x_wconf 80' lang='lat' dir='ltr'><strong>castri</strong></span> <span class='ocrx_word' id='word_1_159' title='bbox 2966 2732 3039 2792; x_wconf 89' lang='lat' dir='ltr'><strong>de</strong></span> <span class='ocrx_word' id='word_1_160' title='bbox 3064 2732 3397 2810; x_wconf 87' lang='lat' dir='ltr'><strong>Interaquis</strong></span> <span class='ocrx_word' id='word_1_161' title='bbox 3423 2738 3484 2793; x_wconf 91' lang='lat' dir='ltr'><strong>et</strong></span> 
     </span>
     <span class='ocr_line' id='line_1_25' title="bbox 1487 2829 3477 2907; baseline 0.001 -19"><span class='ocrx_word' id='word_1_162' title='bbox 1487 2830 1741 2891; x_wconf 89' lang='lat' dir='ltr'><strong>aliorum</strong></span> <span class='ocrx_word' id='word_1_163' title='bbox 1766 2831 2028 2891; x_wconf 88' lang='lat' dir='ltr'><strong>locorum</strong></span> <span class='ocrx_word' id='word_1_164' title='bbox 2055 2836 2335 2907; x_wconf 87' lang='lat' dir='ltr'><strong>perpetuo</strong></span> <span class='ocrx_word' id='word_1_165' title='bbox 2361 2832 2427 2889; x_wconf 89' lang='lat' dir='ltr'><strong>in</strong></span> <span class='ocrx_word' id='word_1_166' title='bbox 2454 2829 2737 2889; x_wconf 83' lang='lat' dir='ltr'><strong>vassallos</strong></span> <span class='ocrx_word' id='word_1_167' title='bbox 2764 2829 3053 2890; x_wconf 87' lang='lat' dir='ltr'><strong>concedit.</strong></span> <span class='ocrx_word' id='word_1_168' title='bbox 3361 2839 3477 2890; x_wconf 87' lang='lat'><strong>800</strong></span> 
     </span>
     <span class='ocr_line' id='line_1_26' title="bbox 656 2920 3479 3005; baseline 0.002 -24"><span class='ocrx_word' id='word_1_169' title='bbox 656 2927 725 2982; x_wconf 75' lang='lat'><strong>81</strong></span> <span class='ocrx_word' id='word_1_170' title='bbox 759 2920 888 2985; x_wconf 87' lang='lat' dir='ltr'><strong>dec.</strong></span> <span class='ocrx_word' id='word_1_171' title='bbox 980 2924 1339 3004; x_wconf 75' lang='lat' dir='ltr'><strong>Hagenowe.</strong></span> <span class='ocrx_word' id='word_1_172' title='bbox 1407 2958 1489 2972; x_wconf 94' lang='lat'>—</span> <span class='ocrx_word' id='word_1_173' title='bbox 1527 2926 1795 2989; x_wconf 87' lang='lat' dir='ltr'><strong>Dominis</strong></span> <span class='ocrx_word' id='word_1_174' title='bbox 1838 2927 2014 2988; x_wconf 83' lang='lat' dir='ltr'><strong>villae</strong></span> <span class='ocrx_word' id='word_1_175' title='bbox 2048 2927 2314 3001; x_wconf 85' lang='lat' dir='ltr'><strong>Insulae,</strong></span> <span class='ocrx_word' id='word_1_176' title='bbox 2346 2925 2812 3004; x_wconf 86' lang='lat' dir='ltr'><strong>Carpentoratis,</strong></span> <span class='ocrx_word' id='word_1_177' title='bbox 2843 2927 3017 2987; x_wconf 88' lang='lat' dir='ltr'><strong>castri</strong></span> <span class='ocrx_word' id='word_1_178' title='bbox 3047 2925 3122 2985; x_wconf 87' lang='lat' dir='ltr'><strong>de</strong></span> <span class='ocrx_word' id='word_1_179' title='bbox 3148 2926 3479 3005; x_wconf 71' lang='lat' dir='ltr'><strong>Inter-aquis</strong></span> 
     </span>
     <span class='ocr_line' id='line_1_27' title="bbox 1486 3023 3481 3100; baseline 0 -15"><span class='ocrx_word' id='word_1_180' title='bbox 1486 3031 1549 3085; x_wconf 88' lang='lat' dir='ltr'><strong>et</strong></span> <span class='ocrx_word' id='word_1_181' title='bbox 1574 3025 1824 3085; x_wconf 88' lang='lat' dir='ltr'><strong>aliorum</strong></span> <span class='ocrx_word' id='word_1_182' title='bbox 1850 3025 2110 3086; x_wconf 86' lang='lat' dir='ltr'><strong>locorum</strong></span> <span class='ocrx_word' id='word_1_183' title='bbox 2136 3024 2513 3084; x_wconf 83' lang='lat' dir='ltr'><strong>donationem</strong></span> <span class='ocrx_word' id='word_1_184' title='bbox 2542 3023 2939 3100; x_wconf 86' lang='lat' dir='ltr'><strong>supradictam</strong></span> <span class='ocrx_word' id='word_1_185' title='bbox 2973 3028 3178 3083; x_wconf 89' lang='lat' dir='ltr'><strong>notam</strong></span> <span class='ocrx_word' id='word_1_186' title='bbox 3205 3023 3350 3085; x_wconf 80' lang='lat' dir='ltr'><strong>facit</strong></span> <span class='ocrx_word' id='word_1_187' title='bbox 3363 3067 3381 3095; x_wconf 91' lang='lat'>,</span> <span class='ocrx_word' id='word_1_188' title='bbox 3412 3030 3481 3085; x_wconf 88' lang='lat' dir='ltr'><strong>ut</strong></span> 
     </span>
     <span class='ocr_line' id='line_1_28' title="bbox 1486 3120 3477 3197; baseline 0.001 -16"><span class='ocrx_word' id='word_1_189' title='bbox 1486 3123 1689 3181; x_wconf 88' lang='lat' dir='ltr'><strong>comiti</strong></span> <span class='ocrx_word' id='word_1_190' title='bbox 1756 3121 2050 3182; x_wconf 88' lang='lat' dir='ltr'><strong>Tolosano</strong></span> <span class='ocrx_word' id='word_1_191' title='bbox 2108 3126 2397 3197; x_wconf 89' lang='lat' dir='ltr'><strong>tanquam</strong></span> <span class='ocrx_word' id='word_1_192' title='bbox 2448 3121 2689 3181; x_wconf 90' lang='lat' dir='ltr'><strong>domino</strong></span> <span class='ocrx_word' id='word_1_193' title='bbox 2741 3136 2852 3181; x_wconf 88' lang='lat' dir='ltr'><strong>suo</strong></span> <span class='ocrx_word' id='word_1_194' title='bbox 2906 3120 2980 3181; x_wconf 90' lang='lat' dir='ltr'><strong>de</strong></span> <span class='ocrx_word' id='word_1_195' title='bbox 3042 3127 3270 3181; x_wconf 89' lang='lat' dir='ltr'><strong>caetero</strong></span> <span class='ocrx_word' id='word_1_196' title='bbox 3322 3121 3477 3182; x_wconf 92' lang='lat' dir='ltr'><strong>obe-</strong></span> 
     </span>
     <span class='ocr_line' id='line_1_29' title="bbox 1485 3219 3469 3280; baseline 0.001 -2"><span class='ocrx_word' id='word_1_197' title='bbox 1485 3219 1673 3280; x_wconf 72' lang='lat' dir='ltr'><strong>diant.</strong></span> <span class='ocrx_word' id='word_1_198' title='bbox 3354 3229 3469 3280; x_wconf 73' lang='lat'><strong>802</strong></span> 
     </span>
     <span class='ocr_line' id='line_1_30' title="bbox 639 3305 3476 3391; baseline 0.003 -25"><span class='ocrx_word' id='word_1_199' title='bbox 639 3305 901 3370; x_wconf 84' lang='lat' dir='ltr'><strong>decemb.</strong></span> <span class='ocrx_word' id='word_1_200' title='bbox 975 3312 1341 3390; x_wconf 81' lang='lat' dir='ltr'><strong>Hagenowe.</strong></span> <span class='ocrx_word' id='word_1_201' title='bbox 1406 3343 1484 3359; x_wconf 89' lang='lat'>—</span> <span class='ocrx_word' id='word_1_202' title='bbox 1524 3313 1621 3375; x_wconf 86' lang='lat' dir='ltr'><strong>Ad</strong></span> <span class='ocrx_word' id='word_1_203' title='bbox 1642 3316 1986 3374; x_wconf 84' lang='lat' dir='ltr'><strong>instantiam</strong></span> <span class='ocrx_word' id='word_1_204' title='bbox 2017 3314 2432 3391; x_wconf 87' lang='lat' dir='ltr'><strong>archiepiscopi</strong></span> <span class='ocrx_word' id='word_1_205' title='bbox 2458 3314 2856 3386; x_wconf 87' lang='lat' dir='ltr'><strong>Treverensis,</strong></span> <span class='ocrx_word' id='word_1_206' title='bbox 2887 3313 3162 3374; x_wconf 86' lang='lat' dir='ltr'><strong>abbatem</strong></span> <span class='ocrx_word' id='word_1_207' title='bbox 3192 3320 3252 3374; x_wconf 84' lang='lat' dir='ltr'><strong>et</strong></span> <span class='ocrx_word' id='word_1_208' title='bbox 3277 3317 3476 3376; x_wconf 88' lang='lat' dir='ltr'><strong>eccle-</strong></span> 
     </span>
     <span class='ocr_line' id='line_1_31' title="bbox 1484 3411 3473 3490; baseline 0.001 -19"><span class='ocrx_word' id='word_1_209' title='bbox 1484 3414 1637 3472; x_wconf 89' lang='lat' dir='ltr'><strong>siam</strong></span> <span class='ocrx_word' id='word_1_210' title='bbox 1666 3412 1739 3472; x_wconf 89' lang='lat' dir='ltr'><strong>de</strong></span> <span class='ocrx_word' id='word_1_211' title='bbox 1766 3413 2258 3490; x_wconf 79' lang='lat' dir='ltr'><strong>Vuadegozingen</strong></span> <span class='ocrx_word' id='word_1_212' title='bbox 2288 3429 2426 3472; x_wconf 88' lang='lat' dir='ltr'><strong>eum</strong></span> <span class='ocrx_word' id='word_1_213' title='bbox 2455 3411 2732 3472; x_wconf 88' lang='lat' dir='ltr'><strong>omnibus</strong></span> <span class='ocrx_word' id='word_1_214' title='bbox 2772 3411 2944 3471; x_wconf 86' lang='lat' dir='ltr'><strong>bonis</strong></span> <span class='ocrx_word' id='word_1_215' title='bbox 2979 3412 3384 3488; x_wconf 88' lang='lat' dir='ltr'><strong>praesentibus</strong></span> <span class='ocrx_word' id='word_1_216' title='bbox 3412 3419 3473 3473; x_wconf 91' lang='lat' dir='ltr'><strong>et</strong></span> 
     </span>
     <span class='ocr_line' id='line_1_32' title="bbox 1482 3509 3467 3585; baseline 0.001 -16"><span class='ocrx_word' id='word_1_217' title='bbox 1482 3509 1699 3570; x_wconf 75' lang='lat' dir='ltr'><strong>futuris</strong></span> <span class='ocrx_word' id='word_1_218' title='bbox 1726 3509 1839 3569; x_wconf 90' lang='lat' dir='ltr'><strong>sub</strong></span> <span class='ocrx_word' id='word_1_219' title='bbox 1865 3526 1972 3569; x_wconf 89' lang='lat' dir='ltr'><strong>sua</strong></span> <span class='ocrx_word' id='word_1_220' title='bbox 2001 3517 2060 3569; x_wconf 92' lang='lat' dir='ltr'><strong>et</strong></span> <span class='ocrx_word' id='word_1_221' title='bbox 2085 3511 2313 3585; x_wconf 87' lang='lat' dir='ltr'><strong>imperii</strong></span> <span class='ocrx_word' id='word_1_222' title='bbox 2344 3511 2700 3585; x_wconf 87' lang='lat' dir='ltr'><strong>protectione</strong></span> <span class='ocrx_word' id='word_1_223' title='bbox 2725 3510 2954 3584; x_wconf 87' lang='lat' dir='ltr'><strong>recipit.</strong></span> <span class='ocrx_word' id='word_1_224' title='bbox 3353 3519 3467 3571; x_wconf 79' lang='grc'><strong>803</strong></span> 
     </span>
     <span class='ocr_line' id='line_1_33' title="bbox 638 3596 3469 3682; baseline 0.004 -27"><span class='ocrx_word' id='word_1_225' title='bbox 638 3596 901 3659; x_wconf 86' lang='lat' dir='ltr'><strong>decemb.</strong></span> <span class='ocrx_word' id='word_1_226' title='bbox 973 3602 1334 3682; x_wconf 79' lang='lat' dir='ltr'><strong>Hagenowe.</strong></span> <span class='ocrx_word' id='word_1_227' title='bbox 1399 3637 1483 3649; x_wconf 93' lang='lat'><strong>—</strong></span> <span class='ocrx_word' id='word_1_228' title='bbox 1521 3606 1684 3666; x_wconf 89' lang='lat' dir='ltr'><strong>Duas</strong></span> <span class='ocrx_word' id='word_1_229' title='bbox 1736 3612 1932 3682; x_wconf 83' lang='lat' dir='ltr'><strong>partes</strong></span> <span class='ocrx_word' id='word_1_230' title='bbox 1966 3606 2214 3681; x_wconf 81' lang='lat' dir='ltr'><strong>judicii,</strong></span> <span class='ocrx_word' id='word_1_231' title='bbox 2268 3606 2611 3666; x_wconf 86' lang='lat' dir='ltr'><strong>advocatlae</strong></span> <span class='ocrx_word' id='word_1_232' title='bbox 2664 3612 2725 3665; x_wconf 91' lang='lat' dir='ltr'><strong>et</strong></span> <span class='ocrx_word' id='word_1_233' title='bbox 2773 3605 3149 3664; x_wconf 84' lang='lat' dir='ltr'><strong>collectarum</strong></span> <span class='ocrx_word' id='word_1_234' title='bbox 3201 3608 3263 3664; x_wconf 90' lang='lat' dir='ltr'><strong>in</strong></span> <span class='ocrx_word' id='word_1_235' title='bbox 3317 3605 3469 3665; x_wconf 85' lang='lat' dir='ltr'><strong>valle</strong></span> 
     </span>
     <span class='ocr_line' id='line_1_34' title="bbox 1479 3700 3470 3779; baseline -0.001 -17"><span class='ocrx_word' id='word_1_236' title='bbox 1479 3700 1682 3762; x_wconf 89' lang='lat' dir='ltr'><strong>Sancti</strong></span> <span class='ocrx_word' id='word_1_237' title='bbox 1729 3700 1997 3779; x_wconf 79' lang='lat' dir='ltr'><strong>Gregorii</strong></span> <span class='ocrx_word' id='word_1_238' title='bbox 2043 3717 2080 3762; x_wconf 93' lang='lat' dir='ltr'><strong>a</strong></span> <span class='ocrx_word' id='word_1_239' title='bbox 2125 3704 2480 3761; x_wconf 83' lang='lat' dir='ltr'><strong>monasterio</strong></span> <span class='ocrx_word' id='word_1_240' title='bbox 2520 3701 2722 3762; x_wconf 88' lang='lat' dir='ltr'><strong>Sancti</strong></span> <span class='ocrx_word' id='word_1_241' title='bbox 2767 3701 3032 3778; x_wconf 85' lang='lat' dir='ltr'><strong>Gregorii</strong></span> <span class='ocrx_word' id='word_1_242' title='bbox 3074 3718 3137 3761; x_wconf 86' lang='lat' dir='ltr'><strong>se</strong></span> <span class='ocrx_word' id='word_1_243' title='bbox 3177 3703 3470 3776; x_wconf 88' lang='lat' dir='ltr'><strong>accepisse</strong></span> 
     </span>
     <span class='ocr_line' id='line_1_35' title="bbox 1478 3795 3470 3875; baseline -0.001 -17"><span class='ocrx_word' id='word_1_244' title='bbox 1478 3803 1759 3870; x_wconf 59' lang='lat' dir='ltr'><strong>testatum</strong></span> <span class='ocrx_word' id='word_1_245' title='bbox 1786 3797 1949 3875; x_wconf 85' lang='lat' dir='ltr'><strong>quod</strong></span> <span class='ocrx_word' id='word_1_246' title='bbox 1977 3799 2397 3857; x_wconf 88' lang='lat' dir='ltr'><strong>monasterium</strong></span> <span class='ocrx_word' id='word_1_247' title='bbox 2425 3797 2681 3856; x_wconf 83' lang='lat' dir='ltr'><strong>vicissim</strong></span> <span class='ocrx_word' id='word_1_248' title='bbox 2708 3795 2819 3856; x_wconf 86' lang='lat' dir='ltr'><strong>sub</strong></span> <span class='ocrx_word' id='word_1_249' title='bbox 2847 3812 2956 3856; x_wconf 87' lang='lat' dir='ltr'><strong>sua</strong></span> <span class='ocrx_word' id='word_1_250' title='bbox 2981 3797 3218 3872; x_wconf 87' lang='lat' dir='ltr'><strong>speciali</strong></span> <span class='ocrx_word' id='word_1_251' title='bbox 3244 3802 3470 3872; x_wconf 86' lang='lat' dir='ltr'><strong>protec-</strong></span> 
     </span>
    </p>
   </div>
   <div class='ocr_carea' id='block_1_6' title="bbox 642 3895 3464 4244">
    <p class='ocr_par' dir='ltr' id='par_1_6' title="bbox 642 3895 3464 4244">
     <span class='ocr_line' id='line_1_36' title="bbox 642 3895 3464 4068; baseline 0.002 -25"><span class='ocrx_word' id='word_1_252' title='bbox 642 3983 881 4056; x_wconf 74' lang='lat' dir='ltr'><strong>ianuar.</strong></span> <span class='ocrx_word' id='word_1_253' title='bbox 1061 3987 1241 4065; x_wconf 86' lang='lat' dir='ltr'><strong>Apud</strong></span> <span class='ocrx_word' id='word_1_254' title='bbox 1399 3895 1894 4068; x_wconf 50' lang='lat' dir='ltr'><strong>—uglzpffcgpto</strong></span> <span class='ocrx_word' id='word_1_255' title='bbox 1917 3989 2252 4050; x_wconf 76' lang='lat' dir='ltr'><strong>vivariensi</strong></span> <span class='ocrx_word' id='word_1_256' title='bbox 2277 3995 2340 4049; x_wconf 89' lang='lat' dir='ltr'><strong>et</strong></span> <span class='ocrx_word' id='word_1_257' title='bbox 2378 3988 2813 4050; x_wconf 80' lang='lat' dir='ltr'><strong>successoribus</strong></span> <span class='ocrx_word' id='word_1_258' title='bbox 2838 3992 2970 4066; x_wconf 84' lang='lat' dir='ltr'><strong>ejus</strong></span> <span class='ocrx_word' id='word_1_259' title='bbox 2996 3989 3307 4051; x_wconf 84' lang='lat' dir='ltr'><strong>confirmat</strong></span> <span class='ocrx_word' id='word_1_260' title='bbox 3331 3903 3464 4050; x_wconf 50' lang='lat'><strong>3311</strong></span> 
     </span>
     <span class='ocr_line' id='line_1_37' title="bbox 969 4066 3464 4165; baseline 0.001 -20"><span class='ocrx_word' id='word_1_261' title='bbox 969 4066 1328 4145; x_wconf 59' lang='lat' dir='ltr'><strong>Hflssfflffist·</strong></span> <span class='ocrx_word' id='word_1_262' title='bbox 1476 4088 1575 4148; x_wconf 89' lang='lat' dir='ltr'><strong>nia</strong></span> <span class='ocrx_word' id='word_1_263' title='bbox 1617 4087 1925 4165; x_wconf 85' lang='lat' dir='ltr'><strong>privilegia</strong></span> <span class='ocrx_word' id='word_1_264' title='bbox 1963 4103 2000 4147; x_wconf 96' lang='lat' dir='ltr'><strong>a</strong></span> <span class='ocrx_word' id='word_1_265' title='bbox 2031 4086 2571 4164; x_wconf 84' lang='lat' dir='ltr'><strong>praedecessoribus</strong></span> <span class='ocrx_word' id='word_1_266' title='bbox 2613 4088 2736 4147; x_wconf 88' lang='lat' dir='ltr'><strong>suis</strong></span> <span class='ocrx_word' id='word_1_267' title='bbox 2778 4091 2838 4146; x_wconf 89' lang='lat' dir='ltr'><strong>et</strong></span> <span class='ocrx_word' id='word_1_268' title='bbox 2874 4102 2913 4146; x_wconf 88' lang='lat' dir='ltr'><strong>a</strong></span> <span class='ocrx_word' id='word_1_269' title='bbox 2953 4089 3144 4163; x_wconf 86' lang='lat' dir='ltr'><strong>seipso</strong></span> <span class='ocrx_word' id='word_1_270' title='bbox 3186 4087 3464 4148; x_wconf 87' lang='lat' dir='ltr'><strong>ecclesiae</strong></span> 
     </span>
     <span class='ocr_line' id='line_1_38' title="bbox 1471 4183 3456 4244; baseline 0 -1"><span class='ocrx_word' id='word_1_271' title='bbox 1471 4183 1807 4244; x_wconf 74' lang='lat' dir='ltr'><strong>vivariensi</strong></span> <span class='ocrx_word' id='word_1_272' title='bbox 1831 4183 2083 4243; x_wconf 92' lang='lat' dir='ltr'><strong>indulta.</strong></span> <span class='ocrx_word' id='word_1_273' title='bbox 3342 4192 3456 4243; x_wconf 81' lang='lat'><strong>805</strong></span> 
     </span>
    </p>
   </div>
   <div class='ocr_carea' id='block_1_7' title="bbox 959 4278 3461 4838">
    <p class='ocr_par' dir='ltr' id='par_1_7' title="bbox 963 4278 3461 4551">
     <span class='ocr_line' id='line_1_39' title="bbox 1058 4278 3460 4355; baseline 0.001 -17"><span class='ocrx_word' id='word_1_274' title='bbox 1058 4278 1239 4355; x_wconf 87' lang='lat' dir='ltr'><strong>Apud</strong></span> <span class='ocrx_word' id='word_1_275' title='bbox 1394 4311 1474 4326; x_wconf 92' lang='lat'><em>-</em></span> <span class='ocrx_word' id='word_1_276' title='bbox 1514 4280 1777 4341; x_wconf 86' lang='lat' dir='ltr'><strong>Priorem</strong></span> <span class='ocrx_word' id='word_1_277' title='bbox 1805 4285 1865 4338; x_wconf 90' lang='lat' dir='ltr'><strong>et</strong></span> <span class='ocrx_word' id='word_1_278' title='bbox 1894 4285 2253 4340; x_wconf 80' lang='lat' dir='ltr'><strong>conventum</strong></span> <span class='ocrx_word' id='word_1_279' title='bbox 2295 4279 2571 4340; x_wconf 83' lang='lat' dir='ltr'><strong>ecelesiae</strong></span> <span class='ocrx_word' id='word_1_280' title='bbox 2603 4278 2949 4340; x_wconf 88' lang='lat' dir='ltr'><strong>Sanctorum</strong></span> <span class='ocrx_word' id='word_1_281' title='bbox 2989 4279 3152 4340; x_wconf 89' lang='lat' dir='ltr'><strong>Petri</strong></span> <span class='ocrx_word' id='word_1_282' title='bbox 3189 4285 3251 4340; x_wconf 90' lang='lat' dir='ltr'><strong>et</strong></span> <span class='ocrx_word' id='word_1_283' title='bbox 3287 4280 3460 4342; x_wconf 90' lang='lat' dir='ltr'><strong>Pauli</strong></span> 
     </span>
     <span class='ocr_line' id='line_1_40' title="bbox 963 4357 3461 4455; baseline 0.002 -19"><span class='ocrx_word' id='word_1_284' title='bbox 963 4357 1330 4436; x_wconf 61' lang='lat' dir='ltr'><strong>flflgffl‘lwfl·</strong></span> <span class='ocrx_word' id='word_1_285' title='bbox 1472 4377 1635 4454; x_wconf 86' lang='lat' dir='ltr'><strong>apud</strong></span> <span class='ocrx_word' id='word_1_286' title='bbox 1660 4377 1997 4455; x_wconf 76' lang='lat' dir='ltr'><strong>Bugisberg</strong></span> <span class='ocrx_word' id='word_1_287' title='bbox 2035 4379 2099 4437; x_wconf 90' lang='lat' dir='ltr'><strong>in</strong></span> <span class='ocrx_word' id='word_1_288' title='bbox 2139 4378 2410 4438; x_wconf 87' lang='lat' dir='ltr'><strong>districtu</strong></span> <span class='ocrx_word' id='word_1_289' title='bbox 2454 4378 2735 4438; x_wconf 85' lang='lat' dir='ltr'><strong>Bernensi</strong></span> <span class='ocrx_word' id='word_1_290' title='bbox 2774 4376 2887 4438; x_wconf 91' lang='lat' dir='ltr'><strong>sub</strong></span> <span class='ocrx_word' id='word_1_291' title='bbox 2912 4377 3199 4454; x_wconf 86' lang='lat' dir='ltr'><strong>imperiali</strong></span> <span class='ocrx_word' id='word_1_292' title='bbox 3227 4384 3461 4454; x_wconf 88' lang='lat' dir='ltr'><strong>protec-</strong></span> 
     </span>
     <span class='ocr_line' id='line_1_41' title="bbox 1471 4476 3454 4551; baseline 0.001 -17"><span class='ocrx_word' id='word_1_293' title='bbox 1471 4476 1632 4535; x_wconf 88' lang='lat' dir='ltr'><strong>tione</strong></span> <span class='ocrx_word' id='word_1_294' title='bbox 1655 4476 1882 4551; x_wconf 85' lang='lat' dir='ltr'><strong>recipit.</strong></span> <span class='ocrx_word' id='word_1_295' title='bbox 3151 4503 3156 4508; x_wconf 90' lang='lat'><strong>·</strong></span> <span class='ocrx_word' id='word_1_296' title='bbox 3340 4484 3454 4536; x_wconf 80' lang='lat'><strong>80⁷</strong></span> 
     </span>
    </p>

    <p class='ocr_par' dir='ltr' id='par_1_8' title="bbox 959 4568 3458 4838">
     <span class='ocr_line' id='line_1_42' title="bbox 1049 4568 3458 4649; baseline 0.002 -20"><span class='ocrx_word' id='word_1_297' title='bbox 1049 4568 1229 4646; x_wconf 86' lang='lat' dir='ltr'><strong>Apud</strong></span> <span class='ocrx_word' id='word_1_298' title='bbox 1390 4601 1475 4619; x_wconf 93' lang='lat'>-</span> <span class='ocrx_word' id='word_1_299' title='bbox 1511 4571 1608 4632; x_wconf 88' lang='lat' dir='ltr'><strong>Ad</strong></span> <span class='ocrx_word' id='word_1_300' title='bbox 1643 4573 1984 4649; x_wconf 86' lang='lat' dir='ltr'><strong>petitionem</strong></span> <span class='ocrx_word' id='word_1_301' title='bbox 2027 4571 2313 4633; x_wconf 84' lang='lat' dir='ltr'><strong>Johannis</strong></span> <span class='ocrx_word' id='word_1_302' title='bbox 2362 4570 2438 4631; x_wconf 90' lang='lat' dir='ltr'><strong>de</strong></span> <span class='ocrx_word' id='word_1_303' title='bbox 2480 4570 2958 4648; x_wconf 84' lang='lat' dir='ltr'><strong>Mecklemburg,</strong></span> <span class='ocrx_word' id='word_1_304' title='bbox 2988 4573 3188 4633; x_wconf 89' lang='lat' dir='ltr'><strong>omnia</strong></span> <span class='ocrx_word' id='word_1_305' title='bbox 3212 4571 3370 4634; x_wconf 88' lang='lat' dir='ltr'><strong>bona</strong></span> <span class='ocrx_word' id='word_1_306' title='bbox 3397 4579 3458 4634; x_wconf 92' lang='lat' dir='ltr'><strong>et</strong></span> 
     </span>
     <span class='ocr_line' id='line_1_43' title="bbox 959 4648 3455 4748; baseline 0.003 -23"><span class='ocrx_word' id='word_1_307' title='bbox 959 4648 1302 4727; x_wconf 60' lang='lat' dir='ltr'><strong>Hfigssmwss</strong></span> <span class='ocrx_word' id='word_1_308' title='bbox 1463 4670 1601 4746; x_wconf 81' lang='lat' dir='ltr'><strong>jura</strong></span> <span class='ocrx_word' id='word_1_309' title='bbox 1628 4684 1782 4745; x_wconf 86' lang='lat' dir='ltr'><strong>quae</strong></span> <span class='ocrx_word' id='word_1_310' title='bbox 1807 4675 1928 4729; x_wconf 88' lang='lat' dir='ltr'><strong>tam</strong></span> <span class='ocrx_word' id='word_1_311' title='bbox 1957 4671 2021 4728; x_wconf 92' lang='lat' dir='ltr'><strong>in</strong></span> <span class='ocrx_word' id='word_1_312' title='bbox 2062 4672 2234 4746; x_wconf 86' lang='lat' dir='ltr'><strong>aquis</strong></span> <span class='ocrx_word' id='word_1_313' title='bbox 2268 4685 2452 4746; x_wconf 89' lang='lat' dir='ltr'><strong>quam</strong></span> <span class='ocrx_word' id='word_1_314' title='bbox 2478 4670 2541 4728; x_wconf 91' lang='lat' dir='ltr'><strong>in</strong></span> <span class='ocrx_word' id='word_1_315' title='bbox 2566 4670 2738 4729; x_wconf 89' lang='lat' dir='ltr'><strong>terris</strong></span> <span class='ocrx_word' id='word_1_316' title='bbox 2763 4668 3050 4729; x_wconf 88' lang='lat' dir='ltr'><strong>haetenus</strong></span> <span class='ocrx_word' id='word_1_317' title='bbox 3071 4669 3169 4729; x_wconf 89' lang='lat' dir='ltr'><strong>hic</strong></span> <span class='ocrx_word' id='word_1_318' title='bbox 3195 4670 3455 4748; x_wconf 85' lang='lat' dir='ltr'><strong>legitime</strong></span> 
     </span>
     <span class='ocr_line' id='line_1_44' title="bbox 1466 4764 3445 4838; baseline 0.002 -12"><span class='ocrx_word' id='word_1_319' title='bbox 1466 4767 1692 4838; x_wconf 86' lang='lat' dir='ltr'><strong>tenuit,</strong></span> <span class='ocrx_word' id='word_1_320' title='bbox 1723 4766 1911 4826; x_wconf 88' lang='lat' dir='ltr'><strong>eidem</strong></span> <span class='ocrx_word' id='word_1_321' title='bbox 1936 4764 2272 4827; x_wconf 84' lang='lat' dir='ltr'><strong>confirmat.</strong></span> <span class='ocrx_word' id='word_1_322' title='bbox 3334 4778 3445 4829; x_wconf 82' lang='lat'><strong>807</strong></span> 
     </span>
    </p>
   </div>
   <div class='ocr_carea' id='block_1_8' title="bbox 771 4862 3128 4934">
    <p class='ocr_par' dir='ltr' id='par_1_9' title="bbox 771 4862 3128 4934">
     <span class='ocr_line' id='line_1_45' title="bbox 771 4862 3128 4934; baseline 0.003 -6"><span class='ocrx_word' id='word_1_323' title='bbox 771 4862 882 4928; x_wconf 86' lang='lat' dir='ltr'><strong>IV.</strong></span> <span class='ocrx_word' id='word_1_324' title='bbox 932 4879 1117 4930; x_wconf 64' lang='lat' dir='ltr'><strong>rma</strong></span> <span class='ocrx_word' id='word_1_325' title='bbox 3017 4883 3128 4934; x_wconf 74' lang='lat'><strong>123</strong></span> 
     </span>
    </p>
   </div>
  </div>
 </body>
</html>
