4500 5956
970 551 1090 614 846
1965 544 2393 609 Pnlnssmcl
2441 547 2793 609 ssscumm
3414 546 3574 626 [An.
3610 547 3788 612 1236.

969 706 1098 759 nos
1141 683 1347 777 juxta
1383 680 1552 755 dicti
1597 680 1987 776 transcripti
2043 690 2345 756 tenorem
2400 683 2502 757 eis
2539 683 2768 779 ipsum
2822 681 3267 779 privilegium
3313 684 3648 756 innovare
3700 683 3793 757 de

969 817 1202 883 nostra
1234 805 1453 902 gratia
1487 804 1967 898 dignaremur3
2006 806 2207 897 cujus
2238 815 2435 880 tenor
2464 814 2570 881 est
2604 827 2727 903 per
2762 805 2997 879 omnia
3030 806 3184 879 talis
3216 832 3235 876 z

1070 928 1422 1030 [Sequitur
1474 929 1564 1003 de
1599 929 1815 1001 verbo
1862 928 1956 1002 ad
2007 929 2304 1002 verbum
2361 930 2804 1025 privilegium
2852 950 2978 1025 pro
3026 928 3628 1003 Tremoniensibus
3669 928 3792 1001 in-

970 1055 1269 1145 dultum,
1311 1052 1459 1126 dat.
1499 1073 1617 1147 ap.
1657 1050 2153 1142 Frankenvort,
2191 1074 2376 1126 anno
2409 1054 2627 1144 4220,
2660 1052 2978 1127 kalendis
3002 1052 3191 1143 maii,
3230 1052 3471 1126 indict.
3514 1061 3784 1142 octava,

969 1178 1162 1275 quod
1197 1200 1436 1273 supra,
1474 1186 1524 1248 t.
1566 1177 1622 1267 I,
1656 1200 1728 1272 p.
1767 1171 1964 1270 777.]

1063 1304 1205 1378 Nos
1239 1304 1449 1397 igitur
1474 1311 1803 1395 tanquam
1836 1300 1927 1374 de
1953 1302 2243 1375 veritate
2260 1323 2544 1397 precum
2570 1301 2839 1394 incerti,
2876 1322 3035 1375 cum
3066 1308 3134 1374 et
3153 1300 3215 1373 si
3240 1300 3409 1374 dicti
3422 1300 3613 1372 cives
3637 1299 3788 1395 pri-

969 1428 1302 1522 vilegium
1342 1424 1527 1499 idem
1575 1427 1782 1517 juxta
1826 1425 2112 1497 formam
2147 1425 2446 1499 oblatam
2498 1424 2886 1521 transcripti
2935 1447 2978 1498 a
3031 1432 3260 1498 nostra
3313 1424 3607 1496 fuissent
3660 1444 3787 1496 ex·

970 1551 1288 1626 cellentia
1349 1548 1699 1623 consecuti
1760 1557 1831 1622 et
1895 1548 2089 1641 quod
2141 1549 2579 1622 combustum
2643 1548 2852 1623 fuerit
2905 1557 3136 1621 nostre
3192 1547 3584 1621 celsitudini
3649 1566 3787 1620 non

968 1682 1347 1762 constaret,
1418 1671 1669 1746 dilecto
1738 1672 2033 1767 principi
2095 1682 2327 1746 nostro
2381 1672 2761 1746 venerabili
2821 1671 3208 1746 Trevirensi
3275 1670 3789 1766 archiepiscopo

975 1797 1445 1872 commisimus
1476 1794 1954 1869 certitudinem
1975 1797 2464 1891 premissorum
2497 1796 2896 1890 diligentius
2929 1794 3441 1889 inquirendam
3479 1795 3594 1867 cui
3620 1795 3789 1867 dum

973 1931 1043 1998 et
1076 1922 1167 1995 de
1203 1920 1567 2018 privilegio
1617 1920 1980 2015 impetrato
2028 1929 2100 1994 et
2147 1920 2623 1995 combustione
2675 1920 2891 2014 ipsius
2935 1940 3018 1991 ac
3073 1918 3363 1992 veritate
3405 1919 3789 2014 transcripti

970 2069 1094 2142 per
1113 2047 1503 2137 Juramenta
1529 2044 2046 2140 quamplurium
2072 2053 2463 2118 nostrorum
2488 2042 2800 2118 fidelium
2821 2043 2953 2117 loci
2981 2043 3228 2139 prefati
3258 2042 3397 2116 fide
3422 2043 3790 2134 dignorum

973 2170 1179 2267 plene
1213 2168 1538 2261 constitit,
1577 2168 1920 2262 nobisque
1952 2190 2078 2263 per
2104 2189 2190 2241 ea
2216 2166 2734 2242 attendentibus
2747 2166 2958 2241 fidem
2985 2188 3230 2263 puram
3253 2175 3324 2240 et
3354 2166 3790 2240 devotionem

970 2294 1310 2366 sinceram
1360 2313 1571 2385 quam
1637 2290 1848 2363 iidem
1909 2289 2148 2365 fideles
2206 2291 2421 2364 nostri
2470 2292 2659 2364 cives
2711 2291 3229 2364 Tremoniensae
3278 2289 3371 2363 ad
3429 2312 3790 2385 personam

977 2428 1278 2490 nostram
1302 2424 1372 2489 et
1390 2414 1658 2510 imperii
1687 2415 2017 2488 honorem
2042 2414 2325 2488 firmiter
2342 2414 2597 2488 habere
2623 2424 3028 2503 noscuntur;
3053 2413 3565 2488 considerantes
3584 2415 3790 2487 etiam

972 2548 1166 2636 grata
1197 2538 1364 2613 satis
1405 2547 1475 2611 et
1507 2548 1788 2634 accepta
1819 2539 2099 2612 servitia
2140 2560 2282 2634 que
2324 2538 2598 2612 dudum
2639 2538 2840 2612 nobis
2886 2547 2954 2612 et
2989 2538 3277 2633 imperio
3325 2537 3794 2612 exhibuerunt

972 2664 1265 2738 fideliter
1301 2671 1371 2735 et
1408 2661 1658 2736 devote
1697 2671 1765 2737 et
1800 2658 2137 2735 exhibent
2165 2663 2582 2736 incessanter
2621 2683 2703 2736 ac
2738 2661 2811 2733 in
2849 2669 3053 2735 antea
3090 2661 3178 2736 de
3215 2662 3397 2735 bono
3430 2662 3503 2733 in
3546 2662 3794 2734 melius

971 2796 1298 2885 poterunt
1343 2787 1711 2880 exhibere3
1775 2787 2260 2881 transcriptum
2315 2788 2542 2882 ipsum
2571 2786 2868 2882 presenti
2913 2786 3276 2880 privilegio
3308 2785 3398 2859 de
3434 2785 3652 2859 verbo
3701 2784 3797 2858 ad

988 2913 1278 2987 verbum
1311 2911 1645 3004 jussimus
1693 2910 1928 3003 inseri,
1976 2932 2103 3007 per
2135 2910 2271 2984 hoc
2295 2909 2678 3006 predictum
2712 2909 3149 3005 privilegium
3195 2909 3386 3006 quod
3425 2910 3798 2983 amiserant

976 3036 1068 3109 de
1121 3036 1343 3129 gratia
1399 3044 1628 3108 nostre
1680 3034 2112 3109 celsitudinis
2166 3036 2600 3107 innovantes.
2652 3035 3032 3108 Statuimus
3081 3035 3292 3128 igitur
3344 3044 3414 3107 et
3464 3035 3793 3131 imperiali

979 3159 1354 3233 sanctimus
1399 3158 1625 3231 edicto
1666 3159 1961 3230 utnulla
2004 3159 2287 3230 omnino
2324 3180 2617 3252 persona
2654 3157 2790 3231 alta
2837 3158 2951 3230 vel
2994 3158 3300 3247 humiliS,
3340 3159 3795 3234 ecclesiastica

980 3284 1095 3356 vel
1147 3282 1511 3370 secularis»,
1541 3280 1886 3377 predictos
1910 3279 2148 3355 fideles
2194 3292 2464 3354 nostros
2511 3291 2747 3355 contra
2793 3282 3126 3377 presentis
3186 3283 3528 3377 privilegii
3580 3285 3792 3358 nostri

974 3416 1278 3479 tenorem
1323 3425 1532 3498 super
1579 3403 1926 3498 aliquibus
1957 3427 2134 3477 ausu
2181 3404 2539 3477 temerario
2571 3407 2928 3478 molestare
2961 3401 3393 3503 [presumat1.
3436 3407 3637 3492 Quod
3671 3408 3791 3501 qui

980 3529 1507 3626 presumpserit,
1558 3535 1787 3623 preter
1822 3548 2070 3622 penam
2101 3527 2498 3622 supradicto
2545 3529 2912 3624 privilegio
2941 3529 3353 3624 appositam,
3387 3538 3665 3602 centum
3698 3531 3796 3602 li-

977 3655 1140 3727 bras
1169 3653 1320 3726 auri
1354 3653 1511 3747 puri
1544 3660 1930 3747 componat,
1967 3652 2400 3726 medietatem
2428 3652 2595 3726 fisco
2625 3663 2884 3746 nostro,
2921 3654 3184 3747 reliqua
3212 3654 3433 3749 passis
3466 3654 3794 3746 injuriam

978 3776 1461 3874 persolvenda.
1508 3776 1594 3849 Ut
1637 3784 1866 3849 autem
1916 3775 2045 3849 hec
2085 3776 2439 3849 innovatio
2466 3776 2678 3849 robur
2717 3776 3023 3849 obtineat
3052 3787 3383 3872 perpetue
3416 3775 3789 3870 firmitatis,

976 3924 1258 3998 praeens
1287 3900 1725 3997 privilegium
1764 3898 1910 3972 fieri
1951 3908 2021 3972 et
2050 3899 2240 3972 bulla
2271 3921 2481 3973 aurea
2513 3900 2761 3995 tipario
2791 3909 3021 3973 nostre
3051 3901 3426 3992 majestatis
3461 3901 3793 3997 impressa

964 4028 1299 4120 jussimus
1333 4025 1672 4120 insigniri.

1072 4151 1294 4243 Hujus
1335 4150 1431 4222 rei
1476 4158 1686 4223 testes
1718 4157 1884 4221 sunt
1922 4174 1939 4219 ε
1989 4148 2326 4221 Henricus
2374 4148 2791 4222 Coloniensis
2837 4149 3432 4246 archiepiscopus,
3478 4150 3792 4224 Theodo-

979 4273 1164 4345 ricus
1218 4274 1641 4347 Trevirensis
1689 4273 2266 4368 archiepiscopus,
2316 4273 2532 4346 abbas
2578 4274 2996 4361 Prumensis‚
3039 4274 3256 4348 abbas
3291 4273 3786 4365 Werdinensis,

978 4396 1315 4469 Henricus
1380 4397 1533 4470 dux
1585 4397 1983 4483 Brabantie‚
2039 4396 2377 4469 Henricus
2440 4398 2839 4491 langravius
2900 4398 3309 4492 Thuringie,
3364 4398 3569 4471 frater
3617 4399 3794 4470 Her-

978 4542 1274 4593 mannus
1311 4519 1410 4616 (a)
1446 4520 1855 4593 venerabilis
1897 4520 2222 4613 magister
2275 4520 2628 4617 hospitalis
2676 4523 2923 4597 Sancte
2958 4523 3173 4597 Marie
3217 4522 3791 4596 Theutonicorum

1059 4669 1140 4752 (a)
1185 4672 1259 4732 In
1284 4675 1563 4749 impresso
1588 4670 1890 4751 Henricus,
1919 4671 2093 4735 male.
