4500 5956
532 581 732 641 Ιιωιοτ.
765 575 852 658 7.]
1431 568 1832 632 HISTORIA
1883 563 2478 627 DlphouA'rtcA.
3249 549 3373 613 669

646 1154 1054 1256 lIenricuS,
1100 1152 1618 1234 Romanorum
1660 1178 1826 1250 rex,
1882 1150 1976 1228 ad
2038 1148 2473 1254 petitionem
2531 1144 2893 1222 Bernardi
2953 1140 3245 1222 abbatis
3293 1152 3363 1222 et
3459 1202 3501 1240 n

548 1300 958 1368 conventus
1006 1284 1444 1366 monasterii
1484 1286 1576 1362 de
1624 1282 1870 1382 Buch‚
1936 1282 2134 1360 idem
2194 1278 2739 1358 monasterium
2779 1302 2955 1354 cum
3007 1274 3363 1354 omnibus

550 1420 766 1502 bonis
804 1420 968 1526 ejus
1010 1420 1084 1496 in
1124 1418 1584 1524 protectione
1642 1444 1780 1496 sua
1820 1414 2158 1520 suscipit,
2204 1414 2423 1518 eique
2469 1412 2667 1490 bona
2719 1438 2855 1488 sua
2901 1410 3045 1488 sita
3099 1410 3175 1486 in
3213 1408 3359 1488 Ni·-

550 1552 1024 1634 dabudowitz
1064 1562 1136 1632 et
1182 1552 1550 1656 Kogelant
1589 1548 1810 1656 pleno
1842 1548 2014 1654 jure
2052 1546 2339 1626 confert
2379 1556 2451 1622 et
2487 1544 2747 1622 donat.

712 1766 900 1836 (Edit.
942 1782 1034 1840 ap.
1072 1764 1464 1822 seneen-cmv
1508 1770 1566 1822 et
1598 1764 1885 1832 Ram-sm,
1912 1760 2319 1836 Diplomatar„
2351 1766 2395 1816 t.
2435 1758 2509 1828 ΙΙ,
2543 1774 2593 1830 p.
2637 1768 2737 1814 181
2769 1778 2783 1826 ;
2815 1756 2947 1814 coll.
2997 1772 3131 1814 cum
3175 1758 3365 1832 origi-

788 1870 908 1928 nali
938 1872 996 1926 in
1022 1870 1260 1927 archivo
1288 1870 1624 1938 Dresdensi,
1658 1878 1720 1924 n⁰
1754 1878 1890 1942 3151,
1924 1866 2082 1924 unde
2112 1866 2325 1940 pendet
2353 1864 2543 1920 adhuc
2573 1862 2827 1936 sigillum
2859 1860 3143 1938 cereum.)

646 2054 722 2124 In
760 2056 1036 2124 nomine
1084 2062 1318 2124 sancte
1374 2062 1440 2122 et
1496 2052 1860 2122 individue
1908 2052 2275 2120 Trinitatis,
2335 2048 2691 2118 Heinricus
2743 2050 3073 2140 septimus
3131 2050 3371 2118 divina

554 2178 820 2249 favente
858 2178 1220 2249 clementia
1260 2179 1722 2249 Romanorum
1766 2198 1890 2245 rex
1948 2184 2014 2245 et
2064 2196 2333 2267 semper
2381 2184 2743 2265 augustus.
2799 2172 2905 2243 Ad
2961 2174 3091 2243 hoc
3139 2172 3373 2245 divina

558 2301 958 2395 disponente
988 2301 1426 2395 providentia
1460 2301 1548 2371 ad
1582 2301 1772 2393 regni
1802 2299 2268 2391 gubernacula
2301 2321 2423 2367 nos
2463 2297 2803 2367 credimus
2838 2299 3263 2385 sublimatOS,
3301 2309 3371 2365 ut

556 2425 698 2495 loca
730 2427 974 2497 divino
1002 2427 1218 2495 cultui
1252 2427 1640 2519 mancipata
1678 2437 2030 2493 teneamur
2062 2423 2463 2493 liberalitate
2507 2423 2695 2513 rogia
2733 2443 3169 2513 promovere,
3223 2445 3373 2491 ser-

558 2571 938 2643 verumque
968 2551 1088 2621 Dei
1136 2551 1548 2621 utilitatibus
1587 2549 1656 2617 in
1698 2549 2214 2619 confirmatione
2254 2547 2775 2639 privilegiorum
2823 2555 3199 2613 nostrorum
3245 2569 3371 2615 nec

560 2695 688 2745 non
730 2675 802 2743 in
842 2675 994 2745 aliis
1030 2675 1526 2767 temporalibus
1556 2673 1880 2743 subsidiis
1910 2673 2303 2741 subvenire.
2351 2671 2629 2739 Noverit
2681 2671 2888 2759 igitur
2921 2679 3055 2737 tam
3097 2691 3374 2759 presens

564 2809 702 2869 etas
734 2819 946 2891 quam
978 2821 1380 2869 successura
1412 2799 1772 2891 posteritas
1818 2797 2004 2887 quod
2044 2817 2166 2865 nos
2208 2797 2297 2864 ob
2325 2795 2771 2865 reverentiam
2797 2795 3193 2865 intemerate
3225 2797 3375 2863 vir-

562 2923 736 3013 ginis
772 2923 894 2993 Dei
926 2923 1276 3013 genitricis
1312 2923 1558 3011 Marie,
1602 2923 1924 3015 peticioni
1956 2921 2226 2991 abbatis
2254 2919 2627 2989 Bernhardi
2663 2929 2729 2989 et
2759 2921 3177 2989 confratrum
3205 2941 3375 2989 suo-

562 3068 710 3115 rum
776 3047 1170 3117 monasterii
1228 3045 1318 3117 de
1394 3045 1584 3115 Buch
1640 3047 2124 3139 Cysterciensis
2174 3045 2435 3113 ordinis
2495 3043 2581 3113 de
2625 3043 3055 3135 providentia
3111 3045 3375 3115 consilii

562 3171 768 3243 nostri
798 3171 1188 3241 satisfacere
1218 3171 1602 3263 cupienteS,
1644 3171 1872 3263 ipsum
1916 3169 2401 3239 monasterium
2435 3191 2595 3237 cum
2627 3169 2947 3237 omnibus
2985 3167 3379 3239 hominibus

564 3303 626 3365 et
664 3297 1250 3387 possessionibuS‚
1308 3317 1484 3387 quas
1532 3295 1604 3363 in
1646 3295 2140 3387 presentiarum
2174 3293 2499 3363 canonice
2529 3293 2831 3385 possidet
2863 3303 2931 3363 et
2969 3295 3035 3361 in
3071 3297 3375 3365 futurum

556 3416 756 3508 justis
781 3418 1012 3491 modis
1043 3416 1290 3513 poterit
1326 3415 1658 3512 adipisci,
1703 3416 1840 3489 sub
1876 3424 2176 3490 nostram
2207 3426 2278 3487 et
2318 3416 2591 3511 imperii
2631 3415 3120 3510 protectionem
3158 3418 3379 3490 susci·

563 3542 791 3636 pimus
835 3563 918 3614 ac
960 3542 1418 3638 patrocinium
1457 3541 1790 3636 speciale,
1845 3538 2034 3613 dicta
2076 3540 2263 3612 hona
2298 3561 2459 3611 cum
2501 3539 2651 3611 suis
2697 3540 3120 3634 pertinentiis
3154 3541 3380 3614 eidem

566 3666 960 3738 auctoritate
972 3666 1166 3759 regia
1189 3665 1696 3738 confirmantes.
1726 3662 1838 3736 Ad
1856 3664 1986 3735 hec
2010 3683 2134 3758 pro
2149 3662 2456 3737 remedio
2470 3663 2699 3735 anime
2717 3673 2946 3736 nostre
2971 3673 3038 3735 et
3063 3663 3380 3737 divorum

567 3788 1079 3882 progenitorum
1119 3797 1541 3879 nostrorum,
1574 3796 1954 3860 memorato
1993 3786 2412 3860 monasterio
2457 3786 2652 3880 quod
2700 3787 2791 3858 ab
2850 3787 3017 3882 ipsis
3072 3786 3381 3859 dotatum

571 3908 946 3984 dinoscitur
988 3911 1323 4005 quodque
1355 3922 1689 4005 tanquam
1726 3910 2064 3983 familiare
2100 3919 2172 3982 et
2201 3910 2536 3982 dilectum
2571 3910 2748 3980 inter
2782 3910 3192 3983 monasteria
3220 3911 3383 4007 Cys-

572 4035 755 4107 tercii
782 4034 1050 4108 ordinis
1073 4035 1274 4108 nobis
1304 4035 1692 4131 specialiter
1716 4044 2144 4130 reputamuS‚
2189 4032 2279 4106 de
2307 4032 2730 4125 benignitate
2751 4033 2942 4125 regia
2957 4034 3189 4106 omnia
3203 4035 3387 4108 bona

574 4159 765 4232 nobis
794 4160 1207 4255 pertinentia
1237 4159 1369 4233 sita
1388 4161 1461 4232 in
1486 4160 1999 4233 Nidabudowiz
2024 4169 2093 4231 et
2121 4159 2494 4251 Kogelant,
2532 4178 2671 4250 que
2697 4159 3049 4228 annuatim
3080 4160 3388 4255 quinque

576 4281 779 4355 libras
812 4284 1282 4377 Liznikgensis
1321 4294 1592 4357 monete
1628 4284 1829 4357 nobis
1873 4283 2239 4356 taxacione
2280 4281 2586 4375 legitima
2621 4282 3138 4375 persolvebant,
3185 4285 3387 4380 pleno

574 4406 717 4497 jure
729 4409 1146 4480 conferimus
1171 4418 1241 4479 et
1267 4408 1636 4492 donamus,
1674 4408 1746 4479 in
1780 4430 1952 4480 usus
1984 4417 2054 4480 et
2088 4407 2477 4479 utillitatem
2511 4405 2781 4479 abbatis
2819 4416 2889 4479 et
2921 4407 3199 4479 fratrum
3224 4431 3391 4504 pre-

586 4528 766 4603 libati
799 4531 1199 4604 monasterii
1233 4532 1305 4603 in
1336 4541 1747 4628 perpetuum
1787 4531 2208 4627 possidenda
2257 4552 2341 4603 ac
2385 4552 2543 4602 cum
2579 4531 2769 4602 omni
2804 4531 3191 4625 integritate
3214 4534 3391 4625 juris

589 4662 648 4723 et
676 4654 1022 4745 libertate,
1077 4663 1216 4727 tam
1253 4655 1553 4751 presenti
1588 4678 1800 4750 quam
1834 4657 2100 4747 futura,
2135 4654 2282 4727 suis
2320 4655 2565 4727 usibus
2597 4656 2984 4729 retinenda.
3015 4656 3392 4729 Statuimus

3529 1148 3645 1198 Apud

3511 1202 3715 1248 tenburg,

3505 1256 3551 1292 lo
3567 1254 3681 1302 julii.
