<?xml version="1.0" encoding="UTF-8"?>
<!DOCTYPE html PUBLIC "-//W3C//DTD XHTML 1.0 Transitional//EN"
    "http://www.w3.org/TR/xhtml1/DTD/xhtml1-transitional.dtd">
<html xmlns="http://www.w3.org/1999/xhtml" xml:lang="en" lang="en">
 <head>
  <title>
</title>
<meta http-equiv="Content-Type" content="text/html;charset=utf-8" />
  <meta name='ocr-system' content='tesseract 3.04.00' />
  <meta name='ocr-capabilities' content='ocr_page ocr_carea ocr_par ocr_line ocrx_word'/>
</head>
<body>
  <div class='ocr_page' id='page_1' title='image "./historiadiploma00empegoog_0142.png"; bbox 0 0 4500 5956; ppageno 0'>
   <div class='ocr_carea' id='block_1_1' title="bbox 1095 556 3901 639">
    <p class='ocr_par' dir='ltr' id='par_1_1' title="bbox 1095 556 3901 639">
     <span class='ocr_line' id='line_1_1' title="bbox 1095 556 3901 639; baseline -0.003 -11"><span class='ocrx_word' id='word_1_1' title='bbox 1095 564 1221 628; x_wconf 76' lang='lat'><strong>684</strong></span> <span class='ocrx_word' id='word_1_2' title='bbox 2137 559 2483 622; x_wconf 71' lang='lat' dir='ltr'><strong>namurci</strong></span> <span class='ocrx_word' id='word_1_3' title='bbox 2529 556 2865 620; x_wconf 71' lang='lat' dir='ltr'><strong>sar-run</strong></span> <span class='ocrx_word' id='word_1_4' title='bbox 3535 557 3697 639; x_wconf 67' lang='lat' dir='ltr'><strong>[An.</strong></span> <span class='ocrx_word' id='word_1_5' title='bbox 3733 560 3901 624; x_wconf 74' lang='lat'><strong>1234.</strong></span> 
     </span>
    </p>
   </div>
   <div class='ocr_carea' id='block_1_2' title="bbox 1082 690 3910 4243">
    <p class='ocr_par' dir='ltr' id='par_1_2' title="bbox 1082 690 3910 4243">
     <span class='ocr_line' id='line_1_2' title="bbox 1103 690 3910 785; baseline 0 -17"><span class='ocrx_word' id='word_1_6' title='bbox 1103 694 1376 768; x_wconf 85' lang='lat' dir='ltr'><strong>fidelem</strong></span> <span class='ocrx_word' id='word_1_7' title='bbox 1403 702 1712 766; x_wconf 90' lang='lat' dir='ltr'><strong>nostrum</strong></span> <span class='ocrx_word' id='word_1_8' title='bbox 1747 692 2144 765; x_wconf 90' lang='lat' dir='ltr'><strong>Heinricum</strong></span> <span class='ocrx_word' id='word_1_9' title='bbox 2173 693 2264 767; x_wconf 90' lang='lat' dir='ltr'><strong>de</strong></span> <span class='ocrx_word' id='word_1_10' title='bbox 2286 694 2485 766; x_wconf 88' lang='lat' dir='ltr'><strong>Nifen</strong></span> <span class='ocrx_word' id='word_1_11' title='bbox 2511 692 2605 766; x_wconf 90' lang='lat' dir='ltr'><strong>ad</strong></span> <span class='ocrx_word' id='word_1_12' title='bbox 2635 690 3113 766; x_wconf 77' lang='lat' dir='ltr'><strong>executionem</strong></span> <span class='ocrx_word' id='word_1_13' title='bbox 3141 690 3605 785; x_wconf 86' lang='lat' dir='ltr'><strong>predictorum</strong></span> <span class='ocrx_word' id='word_1_14' title='bbox 3633 716 3680 768; x_wconf 88' lang='lat' dir='ltr'><strong>a</strong></span> <span class='ocrx_word' id='word_1_15' title='bbox 3705 696 3910 769; x_wconf 90' lang='lat' dir='ltr'><strong>latere</strong></span> 
     </span>
     <span class='ocr_line' id='line_1_3' title="bbox 1106 813 3908 914; baseline 0.001 -25"><span class='ocrx_word' id='word_1_16' title='bbox 1106 825 1340 889; x_wconf 87' lang='lat' dir='ltr'><strong>nostro</strong></span> <span class='ocrx_word' id='word_1_17' title='bbox 1374 816 1710 887; x_wconf 84' lang='lat' dir='ltr'><strong>duximus</strong></span> <span class='ocrx_word' id='word_1_18' title='bbox 1747 814 2260 891; x_wconf 89' lang='lat' dir='ltr'><strong>destinandum.</strong></span> <span class='ocrx_word' id='word_1_19' title='bbox 2294 814 2495 900; x_wconf 90' lang='lat' dir='ltr'><strong>Quod</strong></span> <span class='ocrx_word' id='word_1_20' title='bbox 2522 815 2824 888; x_wconf 88' lang='lat' dir='ltr'><strong>officium</strong></span> <span class='ocrx_word' id='word_1_21' title='bbox 2860 813 2994 886; x_wconf 92' lang='lat' dir='ltr'><strong>sibi</strong></span> <span class='ocrx_word' id='word_1_22' title='bbox 3027 815 3466 889; x_wconf 88' lang='lat' dir='ltr'><strong>commissum</strong></span> <span class='ocrx_word' id='word_1_23' title='bbox 3495 839 3542 891; x_wconf 88' lang='lat' dir='ltr'><strong>a</strong></span> <span class='ocrx_word' id='word_1_24' title='bbox 3567 819 3766 891; x_wconf 89' lang='lat' dir='ltr'><strong>nobis</strong></span> <span class='ocrx_word' id='word_1_25' title='bbox 3788 841 3908 914; x_wconf 92' lang='lat' dir='ltr'><strong>pro</strong></span> 
     </span>
     <span class='ocr_line' id='line_1_4' title="bbox 1106 937 3906 1035; baseline 0.001 -23"><span class='ocrx_word' id='word_1_26' title='bbox 1106 961 1311 1034; x_wconf 91' lang='lat' dir='ltr'><strong>posse</strong></span> <span class='ocrx_word' id='word_1_27' title='bbox 1347 949 1418 1012; x_wconf 92' lang='lat' dir='ltr'><strong>et</strong></span> <span class='ocrx_word' id='word_1_28' title='bbox 1460 960 1663 1012; x_wconf 92' lang='lat' dir='ltr'><strong>nosse</strong></span> <span class='ocrx_word' id='word_1_29' title='bbox 1709 938 2004 1013; x_wconf 88' lang='lat' dir='ltr'><strong>fideliter</strong></span> <span class='ocrx_word' id='word_1_30' title='bbox 2046 950 2416 1030; x_wconf 82' lang='lat' dir='ltr'><strong>executus,</strong></span> <span class='ocrx_word' id='word_1_31' title='bbox 2481 939 2655 1011; x_wconf 89' lang='lat' dir='ltr'><strong>inter</strong></span> <span class='ocrx_word' id='word_1_32' title='bbox 2699 949 2925 1011; x_wconf 88' lang='lat' dir='ltr'><strong>cetera</strong></span> <span class='ocrx_word' id='word_1_33' title='bbox 2969 937 3268 1035; x_wconf 89' lang='lat' dir='ltr'><strong>quedam</strong></span> <span class='ocrx_word' id='word_1_34' title='bbox 3314 948 3535 1014; x_wconf 90' lang='lat' dir='ltr'><strong>castra</strong></span> <span class='ocrx_word' id='word_1_35' title='bbox 3577 943 3906 1014; x_wconf 87' lang='lat' dir='ltr'>nobilium</span> 
     </span>
     <span class='ocr_line' id='line_1_5' title="bbox 1104 1061 3900 1154; baseline 0.001 -19"><span class='ocrx_word' id='word_1_36' title='bbox 1104 1063 1413 1135; x_wconf 84' lang='lat' dir='ltr'><strong>virorum</strong></span> <span class='ocrx_word' id='word_1_37' title='bbox 1451 1064 1734 1134; x_wconf 77' lang='lat' dir='ltr'><strong>fratrum</strong></span> <span class='ocrx_word' id='word_1_38' title='bbox 1778 1061 1868 1135; x_wconf 93' lang='lat' dir='ltr'><strong>de</strong></span> <span class='ocrx_word' id='word_1_39' title='bbox 1901 1061 2302 1135; x_wconf 89' lang='lat' dir='ltr'><strong>Hobenloch</strong></span> <span class='ocrx_word' id='word_1_40' title='bbox 2351 1062 2653 1136; x_wconf 81' lang='lat' dir='ltr'><strong>dictante</strong></span> <span class='ocrx_word' id='word_1_41' title='bbox 2684 1062 3022 1134; x_wconf 90' lang='lat' dir='ltr'><strong>sententia</strong></span> <span class='ocrx_word' id='word_1_42' title='bbox 3071 1074 3140 1134; x_wconf 95' lang='lat' dir='ltr'><strong>et</strong></span> <span class='ocrx_word' id='word_1_43' title='bbox 3173 1064 3441 1154; x_wconf 84' lang='lat' dir='ltr'><strong>justitia</strong></span> <span class='ocrx_word' id='word_1_44' title='bbox 3488 1064 3900 1138; x_wconf 77' lang='lat' dir='ltr'><strong>destruebat.</strong></span> 
     </span>
     <span class='ocr_line' id='line_1_6' title="bbox 1104 1185 3906 1284; baseline 0.002 -28"><span class='ocrx_word' id='word_1_45' title='bbox 1104 1186 1325 1280; x_wconf 87' lang='lat' dir='ltr'><strong>Super</strong></span> <span class='ocrx_word' id='word_1_46' title='bbox 1359 1186 1469 1257; x_wconf 90' lang='lat' dir='ltr'><strong>his</strong></span> <span class='ocrx_word' id='word_1_47' title='bbox 1497 1186 1821 1258; x_wconf 90' lang='lat' dir='ltr'><strong>omnibus</strong></span> <span class='ocrx_word' id='word_1_48' title='bbox 1852 1186 2073 1279; x_wconf 92' lang='lat' dir='ltr'><strong>primo</strong></span> <span class='ocrx_word' id='word_1_49' title='bbox 2100 1186 2225 1258; x_wconf 90' lang='lat' dir='ltr'><strong>Dei</strong></span> <span class='ocrx_word' id='word_1_50' title='bbox 2255 1185 2565 1259; x_wconf 79' lang='lat' dir='ltr'><strong>altissimi</strong></span> <span class='ocrx_word' id='word_1_51' title='bbox 2600 1196 2672 1257; x_wconf 92' lang='lat' dir='ltr'><strong>et</strong></span> <span class='ocrx_word' id='word_1_52' title='bbox 2700 1195 2894 1257; x_wconf 91' lang='lat' dir='ltr'><strong>tuum</strong></span> <span class='ocrx_word' id='word_1_53' title='bbox 2923 1206 3006 1257; x_wconf 90' lang='lat' dir='ltr'><strong>ac</strong></span> <span class='ocrx_word' id='word_1_54' title='bbox 3035 1186 3326 1258; x_wconf 87' lang='lat' dir='ltr'><strong>aliorum</strong></span> <span class='ocrx_word' id='word_1_55' title='bbox 3354 1188 3739 1284; x_wconf 85' lang='lat' dir='ltr'><strong>principum</strong></span> <span class='ocrx_word' id='word_1_56' title='bbox 3773 1199 3906 1263; x_wconf 90' lang='lat' dir='ltr'><strong>tes-</strong></span> 
     </span>
     <span class='ocr_line' id='line_1_7' title="bbox 1103 1307 3909 1403; baseline 0.002 -24"><span class='ocrx_word' id='word_1_57' title='bbox 1103 1309 1467 1380; x_wconf 85' lang='lat' dir='ltr'><strong>timonium</strong></span> <span class='ocrx_word' id='word_1_58' title='bbox 1518 1309 1950 1381; x_wconf 84' lang='lat' dir='ltr'><strong>invocamus.</strong></span> <span class='ocrx_word' id='word_1_59' title='bbox 1998 1309 2257 1379; x_wconf 85' lang='lat' dir='ltr'><strong>Verum</strong></span> <span class='ocrx_word' id='word_1_60' title='bbox 2303 1329 2464 1379; x_wconf 92' lang='lat' dir='ltr'><strong>cum</strong></span> <span class='ocrx_word' id='word_1_61' title='bbox 2498 1329 2710 1402; x_wconf 91' lang='lat' dir='ltr'><strong>super</strong></span> <span class='ocrx_word' id='word_1_62' title='bbox 2762 1307 2870 1378; x_wconf 90' lang='lat' dir='ltr'><strong>bis</strong></span> <span class='ocrx_word' id='word_1_63' title='bbox 2910 1308 3263 1402; x_wconf 84' lang='lat' dir='ltr'><strong>premissis</strong></span> <span class='ocrx_word' id='word_1_64' title='bbox 3295 1320 3491 1403; x_wconf 85' lang='lat' dir='ltr'><strong>grata</strong></span> <span class='ocrx_word' id='word_1_65' title='bbox 3545 1332 3628 1383; x_wconf 95' lang='lat' dir='ltr'><strong>ac</strong></span> <span class='ocrx_word' id='word_1_66' title='bbox 3680 1311 3909 1385; x_wconf 86' lang='lat' dir='ltr'><strong>debita</strong></span> 
     </span>
     <span class='ocr_line' id='line_1_8' title="bbox 1101 1431 3906 1527; baseline 0 -21"><span class='ocrx_word' id='word_1_67' title='bbox 1101 1432 1475 1506; x_wconf 91' lang='lat' dir='ltr'><strong>debuimus</strong></span> <span class='ocrx_word' id='word_1_68' title='bbox 1511 1432 1768 1525; x_wconf 90' lang='lat' dir='ltr'><strong>premia</strong></span> <span class='ocrx_word' id='word_1_69' title='bbox 1807 1440 2190 1525; x_wconf 90' lang='lat' dir='ltr'><strong>reportare,</strong></span> <span class='ocrx_word' id='word_1_70' title='bbox 2227 1431 2518 1524; x_wconf 86' lang='lat' dir='ltr'><strong>quidam</strong></span> <span class='ocrx_word' id='word_1_71' title='bbox 2553 1432 2761 1503; x_wconf 90' lang='lat' dir='ltr'><strong>emuli</strong></span> <span class='ocrx_word' id='word_1_72' title='bbox 2794 1432 3008 1504; x_wconf 86' lang='lat' dir='ltr'><strong>nostri</strong></span> <span class='ocrx_word' id='word_1_73' title='bbox 3034 1431 3158 1524; x_wconf 91' lang='lat' dir='ltr'><strong>qui</strong></span> <span class='ocrx_word' id='word_1_74' title='bbox 3201 1434 3429 1504; x_wconf 77' lang='lat' dir='ltr'><strong>forsan</strong></span> <span class='ocrx_word' id='word_1_75' title='bbox 3463 1454 3587 1527; x_wconf 90' lang='lat' dir='ltr'><strong>per</strong></span> <span class='ocrx_word' id='word_1_76' title='bbox 3610 1436 3746 1506; x_wconf 87' lang='lat' dir='ltr'><strong>alia</strong></span> <span class='ocrx_word' id='word_1_77' title='bbox 3773 1455 3906 1508; x_wconf 93' lang='lat' dir='ltr'><strong>non</strong></span> 
     </span>
     <span class='ocr_line' id='line_1_9' title="bbox 1098 1553 3910 1651; baseline 0.001 -25"><span class='ocrx_word' id='word_1_78' title='bbox 1098 1564 1380 1651; x_wconf 89' lang='lat' dir='ltr'><strong>possent</strong></span> <span class='ocrx_word' id='word_1_79' title='bbox 1407 1555 1688 1626; x_wconf 88' lang='lat' dir='ltr'><strong>servitia</strong></span> <span class='ocrx_word' id='word_1_80' title='bbox 1720 1553 2088 1626; x_wconf 82' lang='lat' dir='ltr'><strong>familiares</strong></span> <span class='ocrx_word' id='word_1_81' title='bbox 2123 1563 2194 1625; x_wconf 91' lang='lat' dir='ltr'><strong>et</strong></span> <span class='ocrx_word' id='word_1_82' title='bbox 2220 1563 2453 1646; x_wconf 89' lang='lat' dir='ltr'><strong>gratos</strong></span> <span class='ocrx_word' id='word_1_83' title='bbox 2482 1575 2559 1627; x_wconf 91' lang='lat' dir='ltr'><strong>se</strong></span> <span class='ocrx_word' id='word_1_84' title='bbox 2600 1553 2894 1627; x_wconf 88' lang='lat' dir='ltr'><strong>reddere</strong></span> <span class='ocrx_word' id='word_1_85' title='bbox 2939 1555 3368 1649; x_wconf 85' lang='lat' dir='ltr'><strong>imperatorie</strong></span> <span class='ocrx_word' id='word_1_86' title='bbox 3393 1555 3746 1648; x_wconf 82' lang='lat' dir='ltr'><strong>dignitati,</strong></span> <span class='ocrx_word' id='word_1_87' title='bbox 3790 1569 3910 1631; x_wconf 90' lang='lat' dir='ltr'><strong>ant</strong></span> 
     </span>
     <span class='ocr_line' id='line_1_10' title="bbox 1096 1676 3909 1774; baseline 0 -25"><span class='ocrx_word' id='word_1_88' title='bbox 1096 1679 1264 1772; x_wconf 90' lang='lat' dir='ltr'><strong>quia</strong></span> <span class='ocrx_word' id='word_1_89' title='bbox 1317 1678 1674 1769; x_wconf 88' lang='lat' dir='ltr'><strong>utriusque</strong></span> <span class='ocrx_word' id='word_1_90' title='bbox 1709 1676 2011 1769; x_wconf 90' lang='lat' dir='ltr'><strong>diligunt</strong></span> <span class='ocrx_word' id='word_1_91' title='bbox 2058 1676 2577 1749; x_wconf 89' lang='lat' dir='ltr'><strong>incommodum</strong></span> <span class='ocrx_word' id='word_1_92' title='bbox 2625 1687 2696 1749; x_wconf 91' lang='lat' dir='ltr'><strong>et</strong></span> <span class='ocrx_word' id='word_1_93' title='bbox 2725 1677 2967 1748; x_wconf 89' lang='lat' dir='ltr'><strong>sitiunt</strong></span> <span class='ocrx_word' id='word_1_94' title='bbox 3015 1677 3340 1769; x_wconf 89' lang='lat' dir='ltr'><strong>lesiones,</strong></span> <span class='ocrx_word' id='word_1_95' title='bbox 3393 1687 3797 1774; x_wconf 90' lang='lat' dir='ltr'><strong>attemptant</strong></span> <span class='ocrx_word' id='word_1_96' title='bbox 3841 1688 3909 1752; x_wconf 93' lang='lat' dir='ltr'><strong>et</strong></span> 
     </span>
     <span class='ocr_line' id='line_1_11' title="bbox 1098 1799 3908 1895; baseline 0.001 -23"><span class='ocrx_word' id='word_1_97' title='bbox 1098 1810 1592 1894; x_wconf 90' lang='lat' dir='ltr'><strong>attemptarunt</strong></span> <span class='ocrx_word' id='word_1_98' title='bbox 1626 1800 1799 1871; x_wconf 90' lang='lat' dir='ltr'><strong>inter</strong></span> <span class='ocrx_word' id='word_1_99' title='bbox 1830 1799 2185 1873; x_wconf 89' lang='lat' dir='ltr'><strong>dominum</strong></span> <span class='ocrx_word' id='word_1_100' title='bbox 2212 1800 2690 1895; x_wconf 84' lang='lat' dir='ltr'><strong>imperatorem</strong></span> <span class='ocrx_word' id='word_1_101' title='bbox 2716 1810 2786 1874; x_wconf 91' lang='lat' dir='ltr'><strong>et</strong></span> <span class='ocrx_word' id='word_1_102' title='bbox 2810 1822 2937 1873; x_wconf 94' lang='lat' dir='ltr'><strong>nos</strong></span> <span class='ocrx_word' id='word_1_103' title='bbox 2965 1800 3309 1874; x_wconf 88' lang='lat' dir='ltr'><strong>discordie</strong></span> <span class='ocrx_word' id='word_1_104' title='bbox 3337 1802 3740 1876; x_wconf 88' lang='lat' dir='ltr'><strong>scandalum</strong></span> <span class='ocrx_word' id='word_1_105' title='bbox 3765 1824 3908 1875; x_wconf 88' lang='lat' dir='ltr'><strong>sus-</strong></span> 
     </span>
     <span class='ocr_line' id='line_1_12' title="bbox 1101 1922 3907 2021; baseline 0.001 -26"><span class='ocrx_word' id='word_1_106' title='bbox 1101 1925 1313 1997; x_wconf 88' lang='lat' dir='ltr'><strong>citare</strong></span> <span class='ocrx_word' id='word_1_107' title='bbox 1345 1923 1400 2019; x_wconf 83' lang='lat' dir='ltr'><strong>(l</strong></span> <span class='ocrx_word' id='word_1_108' title='bbox 1418 1922 1471 2017; x_wconf 86' lang='lat'><strong>).</strong></span> <span class='ocrx_word' id='word_1_109' title='bbox 1515 1925 1823 2009; x_wconf 89' lang='lat' dir='ltr'><strong>Quorum</strong></span> <span class='ocrx_word' id='word_1_110' title='bbox 1853 1924 2175 2017; x_wconf 88' lang='lat' dir='ltr'><strong>malignis</strong></span> <span class='ocrx_word' id='word_1_111' title='bbox 2199 1924 2759 2018; x_wconf 82' lang='lat' dir='ltr'><strong>suggestionibus</strong></span> <span class='ocrx_word' id='word_1_112' title='bbox 2780 1934 2852 1996; x_wconf 93' lang='lat' dir='ltr'><strong>et</strong></span> <span class='ocrx_word' id='word_1_113' title='bbox 2875 1924 3228 1997; x_wconf 87' lang='lat' dir='ltr'><strong>malitiosis</strong></span> <span class='ocrx_word' id='word_1_114' title='bbox 3258 1925 3583 1999; x_wconf 91' lang='lat' dir='ltr'><strong>dominus</strong></span> <span class='ocrx_word' id='word_1_115' title='bbox 3610 1935 3680 1999; x_wconf 93' lang='lat' dir='ltr'><strong>et</strong></span> <span class='ocrx_word' id='word_1_116' title='bbox 3719 1937 3907 2021; x_wconf 91' lang='lat' dir='ltr'><strong>pater</strong></span> 
     </span>
     <span class='ocr_line' id='line_1_13' title="bbox 1099 2042 3909 2143; baseline 0 -25"><span class='ocrx_word' id='word_1_117' title='bbox 1099 2057 1367 2129; x_wconf 88' lang='lat' dir='ltr'><strong>noster,</strong></span> <span class='ocrx_word' id='word_1_118' title='bbox 1416 2042 1635 2117; x_wconf 79' lang='lat' dir='ltr'><strong>eheu!</strong></span> <span class='ocrx_word' id='word_1_119' title='bbox 1687 2045 1970 2117; x_wconf 85' lang='lat' dir='ltr'><strong>faciliter</strong></span> <span class='ocrx_word' id='word_1_120' title='bbox 2000 2045 2403 2137; x_wconf 89' lang='lat' dir='ltr'><strong>inclinatus,</strong></span> <span class='ocrx_word' id='word_1_121' title='bbox 2450 2046 2859 2120; x_wconf 88' lang='lat' dir='ltr'><strong>immeritam</strong></span> <span class='ocrx_word' id='word_1_122' title='bbox 2900 2068 3064 2141; x_wconf 92' lang='lat' dir='ltr'><strong>erga</strong></span> <span class='ocrx_word' id='word_1_123' title='bbox 3120 2069 3250 2119; x_wconf 93' lang='lat' dir='ltr'><strong>nos</strong></span> <span class='ocrx_word' id='word_1_124' title='bbox 3298 2048 3576 2120; x_wconf 84' lang='lat' dir='ltr'><strong>videtur</strong></span> <span class='ocrx_word' id='word_1_125' title='bbox 3619 2049 3909 2143; x_wconf 89' lang='lat' dir='ltr'><strong>ingrati-</strong></span> 
     </span>
     <span class='ocr_line' id='line_1_14' title="bbox 1097 2169 3907 2264; baseline 0 -22"><span class='ocrx_word' id='word_1_126' title='bbox 1097 2171 1409 2244; x_wconf 88' lang='lat' dir='ltr'><strong>tudinem</strong></span> <span class='ocrx_word' id='word_1_127' title='bbox 1440 2190 1798 2260; x_wconf 82' lang='lat' dir='ltr'><strong>exercere,</strong></span> <span class='ocrx_word' id='word_1_128' title='bbox 1849 2191 2075 2263; x_wconf 88' lang='lat' dir='ltr'><strong>usque</strong></span> <span class='ocrx_word' id='word_1_129' title='bbox 2102 2170 2280 2242; x_wconf 87' lang='lat' dir='ltr'><strong>adeo</strong></span> <span class='ocrx_word' id='word_1_130' title='bbox 2299 2171 2494 2264; x_wconf 88' lang='lat' dir='ltr'><strong>quod</strong></span> <span class='ocrx_word' id='word_1_131' title='bbox 2531 2171 2789 2242; x_wconf 87' lang='lat' dir='ltr'><strong>litteras</strong></span> <span class='ocrx_word' id='word_1_132' title='bbox 2819 2169 3219 2243; x_wconf 89' lang='lat' dir='ltr'><strong>durissimas</strong></span> <span class='ocrx_word' id='word_1_133' title='bbox 3250 2180 3321 2243; x_wconf 91' lang='lat' dir='ltr'><strong>et</strong></span> <span class='ocrx_word' id='word_1_134' title='bbox 3357 2170 3683 2245; x_wconf 88' lang='lat' dir='ltr'><strong>mandata</strong></span> <span class='ocrx_word' id='word_1_135' title='bbox 3711 2172 3907 2244; x_wconf 86' lang='lat' dir='ltr'><strong>nobis</strong></span> 
     </span>
     <span class='ocr_line' id='line_1_15' title="bbox 1095 2292 3899 2389; baseline -0.001 -21"><span class='ocrx_word' id='word_1_136' title='bbox 1095 2294 1336 2387; x_wconf 82' lang='lat' dir='ltr'><strong>dirigit</strong></span> <span class='ocrx_word' id='word_1_137' title='bbox 1367 2294 1765 2365; x_wconf 86' lang='lat' dir='ltr'><strong>inconsueta</strong></span> <span class='ocrx_word' id='word_1_138' title='bbox 1786 2343 1807 2376; x_wconf 88' lang='lat'><strong><em>‚</em></strong></span> <span class='ocrx_word' id='word_1_139' title='bbox 1843 2293 2060 2365; x_wconf 91' lang='lat' dir='ltr'><strong>multa</strong></span> <span class='ocrx_word' id='word_1_140' title='bbox 2092 2293 2227 2366; x_wconf 88' lang='lat' dir='ltr'><strong>alia</strong></span> <span class='ocrx_word' id='word_1_141' title='bbox 2254 2292 2572 2366; x_wconf 87' lang='lat' dir='ltr'><strong>faciendo</strong></span> <span class='ocrx_word' id='word_1_142' title='bbox 2598 2316 2737 2386; x_wconf 89' lang='lat' dir='ltr'><strong>que</strong></span> <span class='ocrx_word' id='word_1_143' title='bbox 2763 2315 2893 2365; x_wconf 93' lang='lat' dir='ltr'><strong>nec</strong></span> <span class='ocrx_word' id='word_1_144' title='bbox 2910 2294 2976 2365; x_wconf 92' lang='lat' dir='ltr'><strong>ei</strong></span> <span class='ocrx_word' id='word_1_145' title='bbox 3001 2295 3388 2389; x_wconf 84' lang='lat' dir='ltr'><strong>expediunt</strong></span> <span class='ocrx_word' id='word_1_146' title='bbox 3414 2316 3643 2389; x_wconf 89' lang='lat' dir='ltr'><strong>neque</strong></span> <span class='ocrx_word' id='word_1_147' title='bbox 3679 2296 3899 2366; x_wconf 77' lang='lat' dir='ltr'><strong>nobiS.</strong></span> 
     </span>
     <span class='ocr_line' id='line_1_16' title="bbox 1086 2416 3906 2514; baseline 0 -24"><span class='ocrx_word' id='word_1_148' title='bbox 1086 2419 1258 2490; x_wconf 89' lang='lat' dir='ltr'><strong>Nam</strong></span> <span class='ocrx_word' id='word_1_149' title='bbox 1299 2439 1457 2489; x_wconf 91' lang='lat' dir='ltr'><strong>cum</strong></span> <span class='ocrx_word' id='word_1_150' title='bbox 1497 2418 1587 2489; x_wconf 89' lang='lat' dir='ltr'><strong>de</strong></span> <span class='ocrx_word' id='word_1_151' title='bbox 1632 2416 1884 2511; x_wconf 85' lang='lat' dir='ltr'><strong>pietate</strong></span> <span class='ocrx_word' id='word_1_152' title='bbox 1931 2424 2002 2486; x_wconf 87' lang='lat' dir='ltr'><strong>et</strong></span> <span class='ocrx_word' id='word_1_153' title='bbox 2042 2417 2266 2510; x_wconf 89' lang='lat' dir='ltr'><strong>gratia</strong></span> <span class='ocrx_word' id='word_1_154' title='bbox 2309 2426 2596 2511; x_wconf 88' lang='lat' dir='ltr'><strong>paterna</strong></span> <span class='ocrx_word' id='word_1_155' title='bbox 2640 2426 2708 2489; x_wconf 92' lang='lat' dir='ltr'><strong>et</strong></span> <span class='ocrx_word' id='word_1_156' title='bbox 2744 2417 2840 2490; x_wconf 90' lang='lat' dir='ltr'><strong>ad</strong></span> <span class='ocrx_word' id='word_1_157' title='bbox 2879 2418 3242 2490; x_wconf 91' lang='lat' dir='ltr'><strong>consilium</strong></span> <span class='ocrx_word' id='word_1_158' title='bbox 3284 2420 3673 2514; x_wconf 90' lang='lat' dir='ltr'><strong>principum</strong></span> <span class='ocrx_word' id='word_1_159' title='bbox 3715 2440 3906 2514; x_wconf 91' lang='lat' dir='ltr'><strong>sepe-</strong></span> 
     </span>
     <span class='ocr_line' id='line_1_17' title="bbox 1087 2539 3906 2635; baseline 0 -21"><span class='ocrx_word' id='word_1_160' title='bbox 1087 2541 1314 2614; x_wconf 88' lang='lat' dir='ltr'><strong>dictus</strong></span> <span class='ocrx_word' id='word_1_161' title='bbox 1354 2541 1679 2614; x_wconf 88' lang='lat' dir='ltr'><strong>dominns</strong></span> <span class='ocrx_word' id='word_1_162' title='bbox 1714 2540 2083 2635; x_wconf 89' lang='lat' dir='ltr'><strong>imperator</strong></span> <span class='ocrx_word' id='word_1_163' title='bbox 2133 2549 2539 2634; x_wconf 86' lang='lat' dir='ltr'><strong>potestatem</strong></span> <span class='ocrx_word' id='word_1_164' title='bbox 2584 2539 2786 2613; x_wconf 93' lang='lat' dir='ltr'><strong>nobis</strong></span> <span class='ocrx_word' id='word_1_165' title='bbox 2819 2541 3193 2635; x_wconf 89' lang='lat' dir='ltr'><strong>plenariam</strong></span> <span class='ocrx_word' id='word_1_166' title='bbox 3232 2542 3628 2615; x_wconf 90' lang='lat' dir='ltr'><strong>contulisset</strong></span> <span class='ocrx_word' id='word_1_167' title='bbox 3666 2544 3906 2615; x_wconf 87' lang='lat' dir='ltr'><strong>confe-</strong></span> 
     </span>
     <span class='ocr_line' id='line_1_18' title="bbox 1085 2662 3907 2759; baseline 0 -21"><span class='ocrx_word' id='word_1_168' title='bbox 1085 2665 1287 2740; x_wconf 91' lang='lat' dir='ltr'><strong>rendi</strong></span> <span class='ocrx_word' id='word_1_169' title='bbox 1331 2675 1398 2738; x_wconf 89' lang='lat' dir='ltr'><strong>et</strong></span> <span class='ocrx_word' id='word_1_170' title='bbox 1443 2663 1868 2738; x_wconf 89' lang='lat' dir='ltr'><strong>concedendi</strong></span> <span class='ocrx_word' id='word_1_171' title='bbox 1914 2662 2253 2737; x_wconf 85' lang='lat' dir='ltr'><strong>beneficia</strong></span> <span class='ocrx_word' id='word_1_172' title='bbox 2280 2672 2351 2736; x_wconf 92' lang='lat' dir='ltr'><strong>et</strong></span> <span class='ocrx_word' id='word_1_173' title='bbox 2395 2663 2598 2736; x_wconf 88' lang='lat' dir='ltr'><strong>feoda</strong></span> <span class='ocrx_word' id='word_1_174' title='bbox 2629 2664 2982 2754; x_wconf 87' lang='lat' dir='ltr'><strong>vacantia,</strong></span> <span class='ocrx_word' id='word_1_175' title='bbox 3043 2676 3123 2736; x_wconf 92' lang='lat' dir='ltr'><strong>ut</strong></span> <span class='ocrx_word' id='word_1_176' title='bbox 3151 2686 3246 2737; x_wconf 84' lang='lat' dir='ltr'><strong>ex</strong></span> <span class='ocrx_word' id='word_1_177' title='bbox 3275 2663 3408 2737; x_wconf 90' lang='lat' dir='ltr'><strong>hoc</strong></span> <span class='ocrx_word' id='word_1_178' title='bbox 3446 2677 3801 2759; x_wconf 65' lang='lat' dir='ltr'><strong>magnates</strong></span> <span class='ocrx_word' id='word_1_179' title='bbox 3838 2675 3907 2739; x_wconf 92' lang='lat' dir='ltr'><strong>et</strong></span> 
     </span>
     <span class='ocr_line' id='line_1_19' title="bbox 1084 2789 3897 2884; baseline 0 -22"><span class='ocrx_word' id='word_1_180' title='bbox 1084 2792 1352 2864; x_wconf 90' lang='lat' dir='ltr'><strong>nobiles</strong></span> <span class='ocrx_word' id='word_1_181' title='bbox 1377 2791 1470 2862; x_wconf 90' lang='lat' dir='ltr'><strong>ad</strong></span> <span class='ocrx_word' id='word_1_182' title='bbox 1503 2791 1866 2884; x_wconf 86' lang='lat' dir='ltr'><strong>utriusque</strong></span> <span class='ocrx_word' id='word_1_183' title='bbox 1889 2789 2247 2862; x_wconf 87' lang='lat' dir='ltr'><strong>servitium</strong></span> <span class='ocrx_word' id='word_1_184' title='bbox 2284 2789 2735 2884; x_wconf 87' lang='lat' dir='ltr'><strong>promptiores</strong></span> <span class='ocrx_word' id='word_1_185' title='bbox 2771 2797 2841 2860; x_wconf 88' lang='lat' dir='ltr'><strong>et</strong></span> <span class='ocrx_word' id='word_1_186' title='bbox 2864 2789 3025 2882; x_wconf 90' lang='lat' dir='ltr'><strong>plus</strong></span> <span class='ocrx_word' id='word_1_187' title='bbox 3048 2789 3427 2861; x_wconf 84' lang='lat' dir='ltr'><strong>benevolos</strong></span> <span class='ocrx_word' id='word_1_188' title='bbox 3459 2790 3897 2880; x_wconf 84' lang='lat' dir='ltr'><strong>haberemus,</strong></span> 
     </span>
     <span class='ocr_line' id='line_1_20' title="bbox 1082 2911 3903 3010; baseline -0.002 -22"><span class='ocrx_word' id='word_1_189' title='bbox 1082 2915 1268 2990; x_wconf 90' lang='lat' dir='ltr'><strong>idem</strong></span> <span class='ocrx_word' id='word_1_190' title='bbox 1296 2915 1528 2988; x_wconf 90' lang='lat' dir='ltr'><strong>hocin</strong></span> <span class='ocrx_word' id='word_1_191' title='bbox 1563 2913 1984 3008; x_wconf 89' lang='lat' dir='ltr'><strong>quibusdam</strong></span> <span class='ocrx_word' id='word_1_192' title='bbox 2010 2912 2448 3010; x_wconf 88' lang='lat' dir='ltr'><strong>postmodum</strong></span> <span class='ocrx_word' id='word_1_193' title='bbox 2488 2934 2627 2986; x_wconf 92' lang='lat' dir='ltr'><strong>non</strong></span> <span class='ocrx_word' id='word_1_194' title='bbox 2661 2912 2970 2986; x_wconf 84' lang='lat' dir='ltr'><strong>servavit</strong></span> <span class='ocrx_word' id='word_1_195' title='bbox 2998 2912 3071 2984; x_wconf 94' lang='lat' dir='ltr'><strong>in</strong></span> <span class='ocrx_word' id='word_1_196' title='bbox 3104 2920 3412 2985; x_wconf 90' lang='lat' dir='ltr'><strong>nostrum</strong></span> <span class='ocrx_word' id='word_1_197' title='bbox 3448 2911 3903 3009; x_wconf 87' lang='lat' dir='ltr'><strong>prejudicium</strong></span> 
     </span>
     <span class='ocr_line' id='line_1_21' title="bbox 1086 3037 3904 3134; baseline -0.001 -22"><span class='ocrx_word' id='word_1_198' title='bbox 1086 3051 1157 3112; x_wconf 93' lang='lat' dir='ltr'><strong>et</strong></span> <span class='ocrx_word' id='word_1_199' title='bbox 1191 3060 1593 3130; x_wconf 83' lang='lat' dir='ltr'><strong>gravamen.</strong></span> <span class='ocrx_word' id='word_1_200' title='bbox 1635 3040 1923 3134; x_wconf 90' lang='lat' dir='ltr'><strong>Insuper</strong></span> <span class='ocrx_word' id='word_1_201' title='bbox 1965 3049 2182 3111; x_wconf 90' lang='lat' dir='ltr'><strong>castra</strong></span> <span class='ocrx_word' id='word_1_202' title='bbox 2231 3037 2568 3110; x_wconf 89' lang='lat' dir='ltr'><strong>nobilium</strong></span> <span class='ocrx_word' id='word_1_203' title='bbox 2608 3037 2700 3109; x_wconf 93' lang='lat' dir='ltr'><strong>de</strong></span> <span class='ocrx_word' id='word_1_204' title='bbox 2734 3037 3136 3110; x_wconf 89' lang='lat' dir='ltr'><strong>Hobenloch</strong></span> <span class='ocrx_word' id='word_1_205' title='bbox 3171 3037 3492 3133; x_wconf 91' lang='lat' dir='ltr'><strong>superius</strong></span> <span class='ocrx_word' id='word_1_206' title='bbox 3533 3047 3904 3110; x_wconf 86' lang='lat' dir='ltr'><strong>memorata</strong></span> 
     </span>
     <span class='ocr_line' id='line_1_22' title="bbox 1091 3160 3905 3256; baseline -0.001 -23"><span class='ocrx_word' id='word_1_207' title='bbox 1091 3183 1231 3255; x_wconf 89' lang='lat' dir='ltr'><strong>que</strong></span> <span class='ocrx_word' id='word_1_208' title='bbox 1265 3183 1395 3256; x_wconf 93' lang='lat' dir='ltr'><strong>per</strong></span> <span class='ocrx_word' id='word_1_209' title='bbox 1423 3162 1828 3233; x_wconf 91' lang='lat' dir='ltr'><strong>sententiam</strong></span> <span class='ocrx_word' id='word_1_210' title='bbox 1870 3161 2099 3235; x_wconf 86' lang='lat' dir='ltr'><strong>diruta</strong></span> <span class='ocrx_word' id='word_1_211' title='bbox 2128 3162 2401 3233; x_wconf 89' lang='lat' dir='ltr'><strong>fuerant</strong></span> <span class='ocrx_word' id='word_1_212' title='bbox 2431 3170 2500 3232; x_wconf 90' lang='lat' dir='ltr'><strong>et</strong></span> <span class='ocrx_word' id='word_1_213' title='bbox 2542 3160 2925 3252; x_wconf 88' lang='lat' dir='ltr'><strong>destructa,</strong></span> <span class='ocrx_word' id='word_1_214' title='bbox 2980 3170 3211 3233; x_wconf 88' lang='lat' dir='ltr'><strong>nostra</strong></span> <span class='ocrx_word' id='word_1_215' title='bbox 3245 3181 3371 3232; x_wconf 91' lang='lat' dir='ltr'><strong>nos</strong></span> <span class='ocrx_word' id='word_1_216' title='bbox 3411 3161 3743 3256; x_wconf 89' lang='lat' dir='ltr'><strong>compulit</strong></span> <span class='ocrx_word' id='word_1_217' title='bbox 3773 3181 3905 3256; x_wconf 91' lang='lat' dir='ltr'><strong>pe-</strong></span> 
     </span>
     <span class='ocr_line' id='line_1_23' title="bbox 1093 3282 3903 3380; baseline -0.001 -20"><span class='ocrx_word' id='word_1_218' title='bbox 1093 3286 1301 3360; x_wconf 87' lang='lat' dir='ltr'><strong>cunia</strong></span> <span class='ocrx_word' id='word_1_219' title='bbox 1337 3306 1691 3380; x_wconf 87' lang='lat' dir='ltr'><strong>reparare;</strong></span> <span class='ocrx_word' id='word_1_220' title='bbox 1740 3295 1809 3357; x_wconf 89' lang='lat' dir='ltr'><strong>et</strong></span> <span class='ocrx_word' id='word_1_221' title='bbox 1846 3285 2247 3357; x_wconf 90' lang='lat' dir='ltr'><strong>nominatim</strong></span> <span class='ocrx_word' id='word_1_222' title='bbox 2286 3293 2584 3356; x_wconf 89' lang='lat' dir='ltr'><strong>castrum</strong></span> <span class='ocrx_word' id='word_1_223' title='bbox 2626 3283 3070 3379; x_wconf 89' lang='lat' dir='ltr'><strong>Langenberc</strong></span> <span class='ocrx_word' id='word_1_224' title='bbox 3099 3282 3290 3378; x_wconf 90' lang='lat' dir='ltr'><strong>quod</strong></span> <span class='ocrx_word' id='word_1_225' title='bbox 3332 3283 3610 3357; x_wconf 89' lang='lat' dir='ltr'><strong>cuidam</strong></span> <span class='ocrx_word' id='word_1_226' title='bbox 3641 3284 3903 3380; x_wconf 92' lang='lat' dir='ltr'><strong>pupillo</strong></span> 
     </span>
     <span class='ocr_line' id='line_1_24' title="bbox 1097 3406 3903 3502; baseline -0.001 -19"><span class='ocrx_word' id='word_1_227' title='bbox 1097 3413 1170 3483; x_wconf 92' lang='lat' dir='ltr'><strong>in</strong></span> <span class='ocrx_word' id='word_1_228' title='bbox 1210 3408 1545 3502; x_wconf 89' lang='lat' dir='ltr'><strong>solempni</strong></span> <span class='ocrx_word' id='word_1_229' title='bbox 1578 3409 1771 3481; x_wconf 88' lang='lat' dir='ltr'><strong>curia</strong></span> <span class='ocrx_word' id='word_1_230' title='bbox 1808 3408 2255 3480; x_wconf 90' lang='lat' dir='ltr'><strong>Frankenfort</strong></span> <span class='ocrx_word' id='word_1_231' title='bbox 2288 3406 2553 3498; x_wconf 88' lang='lat' dir='ltr'><strong>justitia</strong></span> <span class='ocrx_word' id='word_1_232' title='bbox 2593 3428 2718 3479; x_wconf 91' lang='lat' dir='ltr'><strong>nos</strong></span> <span class='ocrx_word' id='word_1_233' title='bbox 2754 3417 3040 3500; x_wconf 91' lang='lat' dir='ltr'><strong>cogente</strong></span> <span class='ocrx_word' id='word_1_234' title='bbox 3086 3428 3212 3502; x_wconf 91' lang='lat' dir='ltr'><strong>per</strong></span> <span class='ocrx_word' id='word_1_235' title='bbox 3238 3410 3645 3480; x_wconf 89' lang='lat' dir='ltr'><strong>sententiam</strong></span> <span class='ocrx_word' id='word_1_236' title='bbox 3685 3410 3903 3480; x_wconf 89' lang='lat' dir='ltr'><strong>fuerat</strong></span> 
     </span>
     <span class='ocr_line' id='line_1_25' title="bbox 1091 3529 3899 3626; baseline -0.001 -21"><span class='ocrx_word' id='word_1_237' title='bbox 1091 3533 1516 3621; x_wconf 90' lang='lat' dir='ltr'><strong>restitutum,</strong></span> <span class='ocrx_word' id='word_1_238' title='bbox 1554 3554 1595 3603; x_wconf 90' lang='lat' dir='ltr'><strong>a</strong></span> <span class='ocrx_word' id='word_1_239' title='bbox 1632 3539 1827 3626; x_wconf 89' lang='lat' dir='ltr'><strong>patre</strong></span> <span class='ocrx_word' id='word_1_240' title='bbox 1873 3540 2103 3602; x_wconf 87' lang='lat' dir='ltr'><strong>nostro</strong></span> <span class='ocrx_word' id='word_1_241' title='bbox 2126 3531 2306 3622; x_wconf 89' lang='lat' dir='ltr'><strong>jussi</strong></span> <span class='ocrx_word' id='word_1_242' title='bbox 2342 3529 2600 3600; x_wconf 83' lang='lat' dir='ltr'><strong>fuimus</strong></span> <span class='ocrx_word' id='word_1_243' title='bbox 2631 3550 2955 3601; x_wconf 89' lang='lat' dir='ltr'><strong>revocare</strong></span> <span class='ocrx_word' id='word_1_244' title='bbox 2988 3539 3059 3601; x_wconf 88' lang='lat' dir='ltr'><strong>et</strong></span> <span class='ocrx_word' id='word_1_245' title='bbox 3099 3529 3471 3603; x_wconf 89' lang='lat' dir='ltr'><strong>Godefrido</strong></span> <span class='ocrx_word' id='word_1_246' title='bbox 3512 3530 3602 3602; x_wconf 92' lang='lat' dir='ltr'><strong>de</strong></span> <span class='ocrx_word' id='word_1_247' title='bbox 3623 3530 3899 3604; x_wconf 89' lang='lat' dir='ltr'><strong>Hoben-</strong></span> 
     </span>
     <span class='ocr_line' id='line_1_26' title="bbox 1087 3653 3894 3748; baseline -0.001 -21"><span class='ocrx_word' id='word_1_248' title='bbox 1087 3656 1243 3730; x_wconf 91' lang='lat' dir='ltr'><strong>loch</strong></span> <span class='ocrx_word' id='word_1_249' title='bbox 1268 3655 1640 3748; x_wconf 88' lang='lat' dir='ltr'><strong>assignare.</strong></span> <span class='ocrx_word' id='word_1_250' title='bbox 1687 3653 1888 3739; x_wconf 88' lang='lat' dir='ltr'><strong>Quod</strong></span> <span class='ocrx_word' id='word_1_251' title='bbox 1927 3674 2086 3724; x_wconf 91' lang='lat' dir='ltr'><strong>cnm</strong></span> <span class='ocrx_word' id='word_1_252' title='bbox 2116 3654 2206 3726; x_wconf 93' lang='lat' dir='ltr'><strong>de</strong></span> <span class='ocrx_word' id='word_1_253' title='bbox 2228 3654 2387 3744; x_wconf 90' lang='lat' dir='ltr'><strong>jure</strong></span> <span class='ocrx_word' id='word_1_254' title='bbox 2433 3660 2504 3723; x_wconf 92' lang='lat' dir='ltr'><strong>et</strong></span> <span class='ocrx_word' id='word_1_255' title='bbox 2540 3655 2735 3725; x_wconf 89' lang='lat' dir='ltr'><strong>salvo</strong></span> <span class='ocrx_word' id='word_1_256' title='bbox 2767 3653 3027 3725; x_wconf 91' lang='lat' dir='ltr'><strong>honore</strong></span> <span class='ocrx_word' id='word_1_257' title='bbox 3058 3654 3283 3725; x_wconf 88' lang='lat' dir='ltr'><strong>facere</strong></span> <span class='ocrx_word' id='word_1_258' title='bbox 3323 3674 3462 3724; x_wconf 94' lang='lat' dir='ltr'><strong>non</strong></span> <span class='ocrx_word' id='word_1_259' title='bbox 3494 3674 3894 3747; x_wconf 87' lang='lat' dir='ltr'><strong>possemus,</strong></span> 
     </span>
     <span class='ocr_line' id='line_1_27' title="bbox 1094 3775 3898 3872; baseline -0.001 -21"><span class='ocrx_word' id='word_1_260' title='bbox 1094 3781 1405 3853; x_wconf 88' lang='lat' dir='ltr'><strong>nolentes</strong></span> <span class='ocrx_word' id='word_1_261' title='bbox 1457 3778 1531 3849; x_wconf 94' lang='lat' dir='ltr'><strong>in</strong></span> <span class='ocrx_word' id='word_1_262' title='bbox 1566 3778 1799 3872; x_wconf 89' lang='lat' dir='ltr'><strong>aliquo</strong></span> <span class='ocrx_word' id='word_1_263' title='bbox 1846 3776 2149 3872; x_wconf 87' lang='lat' dir='ltr'><strong>paternis</strong></span> <span class='ocrx_word' id='word_1_264' title='bbox 2199 3775 2645 3870; x_wconf 87' lang='lat' dir='ltr'><strong>beneplacitis</strong></span> <span class='ocrx_word' id='word_1_265' title='bbox 2679 3776 2996 3865; x_wconf 89' lang='lat' dir='ltr'><strong>obviare,</strong></span> <span class='ocrx_word' id='word_1_266' title='bbox 3057 3775 3284 3849; x_wconf 91' lang='lat' dir='ltr'><strong>eidem</strong></span> <span class='ocrx_word' id='word_1_267' title='bbox 3335 3775 3709 3849; x_wconf 90' lang='lat' dir='ltr'><strong>Godefrido</strong></span> <span class='ocrx_word' id='word_1_268' title='bbox 3756 3775 3898 3849; x_wconf 89' lang='lat' dir='ltr'><strong>duo</strong></span> 
     </span>
     <span class='ocr_line' id='line_1_28' title="bbox 1097 3899 3898 3976; baseline -0.001 -1"><span class='ocrx_word' id='word_1_269' title='bbox 1097 3904 1312 3976; x_wconf 90' lang='lat' dir='ltr'><strong>millia</strong></span> <span class='ocrx_word' id='word_1_270' title='bbox 1360 3924 1744 3974; x_wconf 89' lang='lat' dir='ltr'><strong>marcarum</strong></span> <span class='ocrx_word' id='word_1_271' title='bbox 1789 3902 1880 3975; x_wconf 92' lang='lat' dir='ltr'><strong>de</strong></span> <span class='ocrx_word' id='word_1_272' title='bbox 1911 3923 2182 3975; x_wconf 88' lang='lat' dir='ltr'><strong>camera</strong></span> <span class='ocrx_word' id='word_1_273' title='bbox 2221 3908 2454 3974; x_wconf 87' lang='lat' dir='ltr'><strong>nostra</strong></span> <span class='ocrx_word' id='word_1_274' title='bbox 2499 3901 2570 3970; x_wconf 92' lang='lat' dir='ltr'><strong>in</strong></span> <span class='ocrx_word' id='word_1_275' title='bbox 2611 3910 2996 3972; x_wconf 89' lang='lat' dir='ltr'><strong>restaurum</strong></span> <span class='ocrx_word' id='word_1_276' title='bbox 3034 3900 3236 3972; x_wconf 88' lang='lat' dir='ltr'><strong>castri</strong></span> <span class='ocrx_word' id='word_1_277' title='bbox 3283 3899 3604 3972; x_wconf 85' lang='lat' dir='ltr'><strong>dedimus</strong></span> <span class='ocrx_word' id='word_1_278' title='bbox 3641 3921 3898 3973; x_wconf 90' lang='lat' dir='ltr'><strong>memo-</strong></span> 
     </span>
     <span class='ocr_line' id='line_1_29' title="bbox 1090 4022 3900 4117; baseline -0.002 -19"><span class='ocrx_word' id='word_1_279' title='bbox 1090 4029 1245 4099; x_wconf 90' lang='lat' dir='ltr'><strong>rati.</strong></span> <span class='ocrx_word' id='word_1_280' title='bbox 1278 4027 1590 4098; x_wconf 89' lang='lat' dir='ltr'><strong>Preterea</strong></span> <span class='ocrx_word' id='word_1_281' title='bbox 1611 4026 1763 4098; x_wconf 88' lang='lat' dir='ltr'><strong>sine</strong></span> <span class='ocrx_word' id='word_1_282' title='bbox 1787 4047 1998 4098; x_wconf 87' lang='lat' dir='ltr'><strong>causa</strong></span> <span class='ocrx_word' id='word_1_283' title='bbox 2025 4025 2415 4098; x_wconf 88' lang='lat' dir='ltr'><strong>necessaria</strong></span> <span class='ocrx_word' id='word_1_284' title='bbox 2437 4025 2785 4096; x_wconf 86' lang='lat' dir='ltr'><strong>civitatem</strong></span> <span class='ocrx_word' id='word_1_285' title='bbox 2813 4022 3200 4095; x_wconf 90' lang='lat' dir='ltr'><strong>Nortbnsen</strong></span> <span class='ocrx_word' id='word_1_286' title='bbox 3232 4045 3373 4117; x_wconf 90' lang='lat' dir='ltr'><strong>que</strong></span> <span class='ocrx_word' id='word_1_287' title='bbox 3408 4024 3610 4095; x_wconf 89' lang='lat' dir='ltr'><strong>nobis</strong></span> <span class='ocrx_word' id='word_1_288' title='bbox 3656 4033 3726 4096; x_wconf 94' lang='lat' dir='ltr'><strong>et</strong></span> <span class='ocrx_word' id='word_1_289' title='bbox 3767 4024 3900 4094; x_wconf 91' lang='lat' dir='ltr'><strong>im·-</strong></span> 
     </span>
     <span class='ocr_line' id='line_1_30' title="bbox 1092 4146 3899 4243; baseline -0.001 -24"><span class='ocrx_word' id='word_1_290' title='bbox 1092 4150 1285 4243; x_wconf 92' lang='lat' dir='ltr'><strong>perio</strong></span> <span class='ocrx_word' id='word_1_291' title='bbox 1322 4151 1479 4243; x_wconf 90' lang='lat' dir='ltr'><strong>plus</strong></span> <span class='ocrx_word' id='word_1_292' title='bbox 1500 4158 1679 4222; x_wconf 88' lang='lat' dir='ltr'><strong>esset</strong></span> <span class='ocrx_word' id='word_1_293' title='bbox 1717 4151 1935 4240; x_wconf 88' lang='lat' dir='ltr'><strong>utilis,</strong></span> <span class='ocrx_word' id='word_1_294' title='bbox 1974 4150 2308 4243; x_wconf 88' lang='lat' dir='ltr'><strong>obligavit</strong></span> <span class='ocrx_word' id='word_1_295' title='bbox 2336 4158 2407 4221; x_wconf 91' lang='lat' dir='ltr'><strong>et</strong></span> <span class='ocrx_word' id='word_1_296' title='bbox 2440 4148 2757 4221; x_wconf 90' lang='lat' dir='ltr'><strong>eamdem</strong></span> <span class='ocrx_word' id='word_1_297' title='bbox 2792 4147 3275 4241; x_wconf 89' lang='lat' dir='ltr'><strong>obligationem</strong></span> <span class='ocrx_word' id='word_1_298' title='bbox 3318 4156 3534 4220; x_wconf 89' lang='lat' dir='ltr'><strong>ratam</strong></span> <span class='ocrx_word' id='word_1_299' title='bbox 3572 4146 3899 4242; x_wconf 87' lang='lat' dir='ltr'><strong>compulit</strong></span> 
     </span>
    </p>
   </div>
   <div class='ocr_carea' id='block_1_3' title="bbox 1087 4474 3898 4727">
    <p class='ocr_par' dir='ltr' id='par_1_3' title="bbox 1087 4474 3898 4727">
     <span class='ocr_line' id='line_1_31' title="bbox 1170 4474 3898 4550; baseline 0 -20"><span class='ocrx_word' id='word_1_300' title='bbox 1170 4476 1241 4549; x_wconf 73' lang='lat'><strong>(⁴)</strong></span> <span class='ocrx_word' id='word_1_301' title='bbox 1278 4475 1509 4532; x_wconf 87' lang='lat' dir='ltr'><strong>Primam</strong></span> <span class='ocrx_word' id='word_1_302' title='bbox 1538 4477 1676 4534; x_wconf 90' lang='lat' dir='ltr'><strong>inter</strong></span> <span class='ocrx_word' id='word_1_303' title='bbox 1709 4493 1770 4534; x_wconf 89' lang='lat' dir='ltr'><strong>se</strong></span> <span class='ocrx_word' id='word_1_304' title='bbox 1802 4482 1859 4533; x_wconf 92' lang='lat' dir='ltr'><strong>et</strong></span> <span class='ocrx_word' id='word_1_305' title='bbox 1884 4482 2090 4550; x_wconf 89' lang='lat' dir='ltr'><strong>patrem</strong></span> <span class='ocrx_word' id='word_1_306' title='bbox 2122 4492 2281 4533; x_wconf 90' lang='lat' dir='ltr'><strong>suum</strong></span> <span class='ocrx_word' id='word_1_307' title='bbox 2306 4483 2627 4535; x_wconf 88' lang='lat' dir='ltr'><strong>summotam</strong></span> <span class='ocrx_word' id='word_1_308' title='bbox 2665 4477 3015 4546; x_wconf 88' lang='lat' dir='ltr'><strong>discordiam,</strong></span> <span class='ocrx_word' id='word_1_309' title='bbox 3050 4492 3257 4534; x_wconf 91' lang='lat' dir='ltr'><strong>necnon</strong></span> <span class='ocrx_word' id='word_1_310' title='bbox 3291 4483 3348 4534; x_wconf 91' lang='lat' dir='ltr'><strong>et</strong></span> <span class='ocrx_word' id='word_1_311' title='bbox 3364 4478 3671 4550; x_wconf 85' lang='lat' dir='ltr'><strong>juramenta</strong></span> <span class='ocrx_word' id='word_1_312' title='bbox 3702 4474 3898 4547; x_wconf 85' lang='lat' dir='ltr'><strong>quibus</strong></span> 
     </span>
     <span class='ocr_line' id='line_1_32' title="bbox 1094 4572 3897 4648; baseline -0 -18"><span class='ocrx_word' id='word_1_313' title='bbox 1094 4572 1330 4645; x_wconf 87' lang='lat' dir='ltr'><strong>seipsum</strong></span> <span class='ocrx_word' id='word_1_314' title='bbox 1363 4588 1546 4629; x_wconf 85' lang='lat' dir='ltr'><strong>mense</strong></span> <span class='ocrx_word' id='word_1_315' title='bbox 1589 4573 1744 4646; x_wconf 88' lang='lat' dir='ltr'><strong>aprili</strong></span> <span class='ocrx_word' id='word_1_316' title='bbox 1769 4575 1908 4630; x_wconf 77' lang='lat'><strong>⁴232</strong></span> <span class='ocrx_word' id='word_1_317' title='bbox 1939 4573 2294 4641; x_wconf 85' lang='lat' dir='ltr'><strong>innodaverit,</strong></span> <span class='ocrx_word' id='word_1_318' title='bbox 2322 4575 2536 4631; x_wconf 89' lang='lat' dir='ltr'><strong>omnino</strong></span> <span class='ocrx_word' id='word_1_319' title='bbox 2574 4591 2668 4632; x_wconf 85' lang='lat' dir='ltr'><strong>rex</strong></span> <span class='ocrx_word' id='word_1_320' title='bbox 2698 4575 2803 4633; x_wconf 87' lang='lat' dir='ltr'><strong>sub</strong></span> <span class='ocrx_word' id='word_1_321' title='bbox 2829 4575 3037 4633; x_wconf 89' lang='lat' dir='ltr'><strong>silentio</strong></span> <span class='ocrx_word' id='word_1_322' title='bbox 3062 4574 3460 4648; x_wconf 88' lang='lat' dir='ltr'><strong>praetermittit,</strong></span> <span class='ocrx_word' id='word_1_323' title='bbox 3490 4573 3615 4630; x_wconf 89' lang='lat' dir='ltr'><strong>licet</strong></span> <span class='ocrx_word' id='word_1_324' title='bbox 3638 4588 3726 4630; x_wconf 90' lang='lat' dir='ltr'><strong>res</strong></span> <span class='ocrx_word' id='word_1_325' title='bbox 3749 4572 3897 4646; x_wconf 86' lang='lat' dir='ltr'><strong>prius</strong></span> 
     </span>
     <span class='ocr_line' id='line_1_33' title="bbox 1087 4675 1653 4727; baseline 0.002 -1"><span class='ocrx_word' id='word_1_326' title='bbox 1087 4675 1236 4727; x_wconf 87' lang='lat' dir='ltr'><strong>actas</strong></span> <span class='ocrx_word' id='word_1_327' title='bbox 1256 4676 1653 4727; x_wconf 89' lang='lat' dir='ltr'><strong>commemoret.</strong></span> 
     </span>
    </p>
   </div>
  </div>
 </body>
</html>
