4500 5956
1045 541 1166 604 566
2087 540 2430 602 mmmm
2481 540 2814 602 saprum
3492 543 3653 622 [Aa.
3692 545 3867 608 1232.

1044 682 1432 757 monetam
1469 672 1675 781 apud
1713 673 1918 756 Stein
1957 672 2057 756 ab
2093 672 2414 782 imperio
2452 672 2861 755 tenendam
2894 681 2970 754 et
2997 671 3217 780 juxta
3245 676 3871 760 consuetudinem

1044 806 1561 890 renovandam
1598 806 1966 893 concedit.

1204 1019 1491 1099 (Extract.
1530 1023 1728 1098 potius
1747 1036 1932 1111 quam
1973 1020 2202 1082 editum
2236 1037 2337 1100 ap.
2368 1020 2616 1098 Mam,
2643 1019 2753 1080 Die
2777 1020 3123 1081 Bractmten
3147 1016 3252 1079 de»-
3277 1017 3553 1094 Schwa'z,
3582 1037 3643 1099 p.
3674 1031 3775 1098 60,
3804 1027 3869 1086 tn

1276 1122 1674 1208 Mitthoilunq.
1707 1122 2123 1209 derantiquar.
2155 1122 2446 1208 qesellsclt.
2476 1126 2545 1185 in
2569 1123 2809 1205 Zuricla,
2832 1132 2975 1187 tom.
3006 1124 3118 1187 111.
3139 1125 3342 1204 Usque
3357 1125 3577 1202 adhuc,
3599 1128 3708 1188 sed
3732 1143 3868 1205 per·

1272 1238 1477 1310 peram
1512 1231 1766 1294 Henri‘co
1791 1235 1965 1294 terno
1995 1233 2372 1312 privilegium
2399 1229 2822 1310 tribuebatur.)

1132 1418 1496 1490 Hai‘nricus
1518 1476 1534 1505 ,
1586 1418 1709 1491 Dei
1748 1418 1968 1512 gratia
2010 1419 2474 1492 Romanorum
2514 1440 2644 1490 rex
2688 1426 2756 1490 et
2797 1438 3070 1513 semper
3106 1428 3480 1512 augustus,
3525 1418 3869 1491 universis

1035 1543 1306 1637 imperii
1340 1539 1694 1633 fidelibus,
1735 1552 1903 1635 etc.,
1947 1541 2240 1636 gratiam
2277 1563 2474 1615 suam
2523 1550 2592 1615 et
2636 1562 2843 1614 omne
2871 1542 3161 1614 bonum.
3202 1541 3313 1616 Ad
3348 1543 3656 1616 notitiam
3705 1543 3865 1615 uni·

1034 1686 1419 1756 versorum,
1458 1673 1626 1755 etc.,
1662 1665 1986 1760 cupimus
2008 1666 2369 1760 pervenire
2394 1665 2585 1759 quod
2620 1686 2772 1757 nos,
2811 1664 2903 1738 ad
2934 1664 3386 1738 imitationem
3416 1664 3650 1740 dilecti
3672 1667 3867 1761 geni·

1036 1789 1197 1862 toris
1230 1790 1441 1861 nostri
1485 1788 1747 1861 domini
1788 1789 2253 1862 Romanorum
2299 1788 2732 1884 imperatoris
2770 1785 2910 1883 (⁴),
2967 1786 3217 1861 dilecto
3269 1786 3455 1861 fideli
3500 1799 3733 1862 nostro

1032 1912 1264 1985 abbati
1291 1911 1384 1985 de
1409 1912 1639 1984 Steine
1673 1912 2090 1986 indulsimus
2130 1922 2476 1986 monetam
2510 1911 2703 2007 apud
2738 1912 2971 1984 Steine
3001 1933 3043 1984 a
3075 1912 3277 1984 nobis
3321 1922 3390 1984 et
3434 1913 3727 2007 imperio
3761 1922 3864 1986 te-

1030 2035 1331 2108 nendam
1383 2047 1452 2108 et
1486 2037 1691 2127 juxta
1745 2058 2002 2109 morem
2052 2035 2366 2110 debitum
2420 2045 2489 2109 et
2531 2035 3094 2109 consuetudinem
3154 2036 3600 2131 approbatam
3646 2058 3865 2110 reno—

1028 2159 1332 2233 vandam
1359 2212 1380 2250 ,
1439 2158 2037 2253 quemadmodum
2093 2161 2439 2257 principes
2494 2161 2705 2233 nostri
2756 2167 2826 2233 et
2885 2158 3157 2255 imperii
3205 2181 3369 2232 suas
3408 2169 3720 2233 monetas
3777 2159 3868 2233 de

1028 2295 1254 2357 nostra
1295 2284 1515 2377 gratia
1547 2293 1617 2358 et
1650 2286 2101 2381 permissione
2130 2285 2312 2359 soliti
2344 2293 2508 2357 sunt
2540 2284 2932 2380 permittere
2967 2281 3115 2379 (sic)
3151 2292 3223 2356 et
3249 2305 3622 2376 renovare3
3666 2305 3864 2355 man·

1024 2408 1294 2497 dantes,
1340 2417 1507 2497 etc.,
1550 2418 1620 2480 et
1651 2409 2103 2505 precipientes
2131 2418 2211 2482 ut
2247 2409 2482 2481 nullus
2526 2410 2616 2481 sit
2652 2405 2830 2507 [qui]
2862 2409 3091 2504 ipsum
3124 2408 3447 2481 abbatem
3479 2410 3553 2480 in
3590 2418 3864 2482 moneta

1023 2534 1155 2629 ipsi
1202 2554 1243 2605 a
1286 2532 1487 2604 nobis
1529 2543 1598 2605 et
1648 2532 1930 2606 domino
1969 2534 2383 2629 imperatore
2432 2532 2782 2605 licentiata
2815 2540 2885 2606 et
2921 2531 3190 2605 indulta
3226 2530 3480 2604 audeat
3528 2529 3865 2628 impedire

1021 2678 1144 2730 seu
1180 2657 1632 2729 molestare...

1121 2783 1370 2885 Datum
1417 2780 1610 2876 apud
1656 2780 2080 2875 Sibidatum,
2141 2802 2327 2855 anno
2374 2779 2649 2854 Domini
2698 2780 2795 2853 M.
2821 2776 3009 2879 [CC.]
3027 2779 3322 2873 xxxn,
3371 2780 3498 2852 XV
3534 2778 3864 2855 kalendas

1023 2903 1223 2997 maii,
1264 2903 1643 2977 indictione
1675 2906 1763 2978 V.

656 3432 930 3553 samia,
1136 3442 1545 3545 HenricUS‚
1588 3440 2111 3524 Romanorum
2153 3466 2289 3525 rex
2305 3502 2328 3547 ‚
2367 3440 2648 3526 Sifrido
2693 3440 3254 3552 archiepiscopo
3297 3440 3744 3552 Maguntino
3785 3449 3864 3524 et

668 3542 724 3583 π
749 3542 917 3595 ῬΜ
1030 3575 1388 3662 ecclesiae
1443 3572 1610 3684 ejus
1664 3573 2067 3657 confirmat
2099 3575 2591 3659 donationem
2634 3575 3102 3684 principatus
3140 3575 3494 3658 ecclesiae
3528 3575 3856 3660 Lauris—

1028 3710 1270 3796 sensis
1333 3737 1381 3792 a
1434 3717 1649 3817 patre
1702 3733 1842 3791 suo
1895 3708 1974 3790 in
2024 3734 2165 3790 sua
2198 3708 2626 3816 praesentia
2661 3707 2908 3789 eidem
2946 3707 3504 3818 archiepiscopo
3540 3707 3848 3790 factam.

1187 3924 1213 4003 (
1228 3922 1469 3985 Edider.
1513 3923 1803 4002 Jomm,
1833 3924 1965 3982 Ber.
1996 3921 2266 4003 Mequnt.
2295 3919 2525 4001 script„
2571 3926 2621 3983 t.
2649 3920 2776 3996 111,
2824 3937 2884 3999 p.
2925 3926 3027 3981 99.
3067 3950 3149 3966 —-
3173 3918 3405 4022 Lumo,
3435 3917 3845 3989 aeica-carcha,

1262 4036 1313 4089 t.
1341 4027 1509 4099 xvl.
1539 4045 1600 4107 p.
1631 4036 1729 4106 34,
1759 4023 1937 4089 ambo
1961 4025 2166 4089 tamen
2189 4023 2391 4089 minus
2412 4031 2640 4108 integre
2656 4071 2676 4102 ,
2714 4028 3057 4106 praesertim
3082 4026 3283 4103 quoad
3308 4029 3552 4088 testium
3574 4030 3851 4103 nomina3

1261 4151 1418 4213 quae
1451 4141 1657 4197 tamen
1699 4129 2201 4199 restituunurer
2221 4136 2352 4197 cod
2382 4125 2678 4198 Rimata(
2702 4135 3016 4214 stuttgart.
3047 4135 3291 4208 Hister..
3331 4145 3402 4196 ιιο
3429 4145 3570 4210 247,
3615 4135 3720 4197 sol.
3779 4144 3850 4196 15

1267 4238 1476 4319 recto.)

1095 4477 1172 4552 (t)
1208 4477 1458 4535 Fueritne
1489 4477 1544 4533 id
1589 4476 1922 4550 privilegium
1958 4476 2284 4535 monasterio
2331 4475 2597 4534 Steinensi
2644 4485 2960 4534 concessum
2997 4477 3140 4550 quod
3183 4485 3346 4552 supra
3392 4477 3848 4550 memoravimus,

1023 4593 1080 4651 p.
1108 4578 1248 4645 329,
1281 4591 1350 4632 an
1379 4573 1553 4644 aliud,
1583 4574 1842 4648 temporis
1871 4580 2049 4632 tamen
2078 4573 2349 4647 ejusdem,
2380 4588 2488 4631 non
2521 4572 2684 4647 plane
2704 4572 2923 4631 scimus.
2951 4572 3035 4631 ef.
3067 4574 3124 4630 in
3143 4573 3554 4632 ¹Additamcntiae
3577 4575 3648 4632 ad
3689 4574 3853 4648 hujus

1024 4671 1311 4730 voluminis
1334 4671 1555 4729 calcem.
