4500 5956
1115 627 1235 689 836
2118 629 2540 691 amomum
2591 631 2938 691 saeuum
3552 631 3714 716 [Anu.
3750 633 3923 696 1236.

1283 761 1529 841 (Inedit.
1559 779 1633 822 ex
1661 764 1830 839 copta
1862 769 1932 822 ut
1956 763 2171 824 dicitur
2194 761 2475 823 vidimata
2501 764 2575 823 de
2602 780 2804 825 mense
2837 765 3144 826 novembri
3177 774 3330 827 1236
3356 809 3376 839 ,
3412 768 3475 825 tn
3505 767 3748 828 archivo
3773 768 3933 828 Vin-

1361 868 1603 941 dobon„
1622 885 1804 945 quam
1831 869 2001 929 nobis
2035 886 2267 931 summa
2294 870 2638 931 libcrautate
2662 872 2990 931 transmisit
3019 873 3111 930 vir
3136 875 3401 949 egregius
3430 872 3490 932 J.
3520 874 3618 932 Fr.
3651 872 3936 933 Boebme-

1360 991 1482 1034 rus.
1509 1007 1590 1019 —-
1616 974 1922 1034 Memorat.
1958 982 2161 1036 tamen
2187 982 2249 1036 et
2274 982 2522 1035 extract.
2554 992 2630 1036 ex
2667 976 2867 1037 codice
2898 978 3238 1055 Wanglano
3264 994 3363 1055 ap.
3392 981 3604 1038 Fontes
3630 995 3746 1042 rer.
3777 977 3936 1039 Aus-

1363 1082 1557 1152 triac„
1585 1078 1944 1159 Diplomata,
1974 1089 2017 1141 t.
2046 1083 2124 1160 v,
2154 1100 2214 1159 p.
2249 1090 2401 1154 3693
2434 1083 2639 1160 wien,
2674 1081 2877 1161 1852.)

1218 1265 1626 1355 FridericuS‚
1664 1266 1787 1337 Dei
1822 1266 2052 1357 gracia
2082 1267 2540 1339 Romanorum
2575 1269 2941 1362 imperator
2971 1289 3245 1363 semper
3264 1278 3626 1361 augustuS,
3662 1270 3931 1342 Jerusa-

1119 1391 1250 1461 lem
1285 1399 1352 1460 et
1389 1389 1618 1460 Sicilie
1648 1410 1798 1460 rex.
1835 1390 1963 1459 Per
1994 1410 2274 1483 presens
2307 1391 2638 1484 scriptum
2674 1399 2911 1463 notum
2948 1391 3239 1464 facimus
3279 1392 3622 1463 universis
3662 1393 3929 1486 imperii

1127 1513 1449 1586 fidelibus
1503 1521 1638 1582 tam
1688 1512 2126 1605 presentibus
2174 1535 2380 1605 quam
2428 1516 2677 1586 futuris
2730 1513 2920 1607 quod
2968 1514 3250 1587 culmini
3298 1524 3528 1587 nostro
3574 1516 3932 1588 hominum

1121 1637 1210 1710 de
1251 1638 1734 1730 Supramonte,
1794 1634 2106 1707 fidelium
2142 1646 2570 1726 nostrorum,
2615 1640 2915 1710 enormis
2963 1647 3276 1732 porrecta
3305 1639 3435 1709 suit
3460 1639 3923 1731 querimonia,

1120 1781 1327 1853 super
1375 1758 1507 1831 hoc
1545 1756 1864 1830 videlicet
1908 1760 2099 1851 quod
2137 1782 2263 1854 per
2289 1761 2614 1833 dilectum
2648 1761 3028 1856 principem
3068 1770 3377 1833 nostrum
3414 1761 3773 1834 dominum
3802 1761 3933 1834 Al-

1119 1882 1461 1975 drigetum
1498 1882 1971 1953 Tridentinum
2014 1885 2417 1979 episcopum
2458 1897 2527 1957 et
2562 1907 2725 1957 suos
2776 1887 3274 1980 gastaldiones,
3333 1888 3639 1980 aliosque
3675 1909 3931 1980 quam-

1117 2007 1355 2102 plures
1375 2006 1447 2077 in
1470 2005 1712 2078 eodem
1729 2007 2150 2101 episcopatu,
2179 2009 2467 2102 predicti
2484 2009 2819 2096 homineS,
2849 2009 3086 2083 fideles
3100 2011 3314 2084 nostri
3336 2009 3426 2082 de
3449 2011 3922 2102 Supramonte,

1112 2130 1589 2202 exactionibus
1620 2128 1946 2202 indebitis
1977 2139 2047 2202 et
2074 2132 2597 2224 gravaminibus
2627 2133 3150 2226 quamplurimis
3184 2133 3653 2206 indifferenter
3684 2136 3930 2206 moles-

1110 2263 1447 2342 tarentur,
1506 2252 1732 2344 [dum]
1773 2264 2007 2325 contra
2031 2254 2149 2345 jus
2190 2254 2378 2348 quod
2422 2255 2681 2327 eisdem
2723 2256 3120 2329 hominibus
3160 2258 3250 2329 ab
3290 2258 3578 2350 imperio
3617 2259 3927 2332 Romano

1110 2384 1417 2470 tempore
1452 2374 1901 2466 delegationis
1932 2397 2172 2448 eorum
2206 2377 2462 2470 primo,
2513 2379 2646 2449 sub
2695 2389 2881 2452 certo
2926 2392 2996 2453 et
3031 2390 3283 2453 statuto
3329 2380 3485 2453 ficto
3512 2380 3600 2474 (Ρ)
3627 2382 3923 2454 redden·

1113 2497 1280 2569 dum
1307 2508 1376 2569 et
1409 2498 1819 2570 solvendum
1849 2499 2345 2571 rationabiliter
2373 2508 2477 2571 est
2512 2501 2894 2592 injunctum
2913 2554 2932 2591 ,
2987 2504 3303 2575 collectas
3338 2504 3819 2598 imposuerint,
3859 2518 3930 2576 et

1108 2643 1234 2717 pro
1271 2622 1471 2694 dictis
1496 2622 1797 2695 collectis
1830 2622 1979 2694 sine
2006 2622 2418 2695 discretione
2449 2624 2730 2696 mobilia
2772 2633 2841 2696 et
2875 2623 3292 2716 immobilia,
3347 2649 3485 2720 que
3515 2626 3773 2698 habere
3807 2648 3926 2722 po-

1110 2755 1359 2832 terant,
1413 2748 1836 2833 auferenteS‚
1876 2747 2063 2840 ipsos
2100 2768 2383 2840 quoque
2410 2747 2483 2819 in
2506 2749 2897 2820 carceribus
2918 2751 3361 2843 quamplures
3400 2749 3918 2840 mortificandO,

1105 2852 1303 2940 malis
1355 2870 1975 2942 innumerabilibus
2030 2872 2291 2965 pluries
2330 2871 2764 2944 offenderint.
2812 2872 3010 2945 Unde
3070 2894 3207 2944 non
3268 2873 3614 2945 modicum
3668 2874 3926 2945 fuimus

1109 2993 1385 3064 turbati.
1419 2995 1605 3065 Licet
1639 2995 1823 3065 enim
1860 2994 2181 3068 homines
2208 2997 2586 3090 supradicti
2618 2996 2924 3091 quodam
2956 3008 3140 3069 certo
3162 3006 3231 3068 et
3266 3005 3519 3069 statuto
3545 3019 3756 3069 censu
3780 3019 3924 3069 ser·

1110 3116 1256 3186 vire
1293 3116 1592 3188 debeant
1612 3118 1898 3190 ecclesie
1924 3118 2321 3191 Tridentine
2341 3175 2360 3209 ,
2402 3130 2632 3193 nostro
2661 3130 2890 3192 tamen
2912 3122 3201 3193 attinent
3221 3120 3501 3191 culmini
3524 3131 3592 3192 et
3619 3122 3925 3193 Romano

1107 3239 1427 3332 imperio,
1486 3249 1557 3311 et
1599 3261 1838 3311 eorum
1890 3242 2189 3314 rationes
2248 3244 2319 3314 in
2372 3255 2603 3317 nostro
2647 3244 3085 3317 decrevimus
3140 3256 3468 3317 annotare
3518 3245 3918 3340 privilegio,

1106 3360 1451 3433 universis
1489 3362 1919 3434 notificantes
1967 3363 2157 3457 quod
2207 3365 2383 3438 ultra
2437 3366 2714 3439 easdem
2766 3367 3064 3441 rationes
3094 3368 3357 3440 servire
3384 3388 3525 3439 non
3551 3379 3918 3441 tenentur:

1105 3484 1427 3556 videlicet
1458 3494 1755 3579 quatuor
1782 3487 2055 3559 stariola
2085 3489 2411 3560 frumenti
2433 3545 2452 3581 ‚
2507 3501 2806 3583 quatuor
2851 3490 3129 3564 stariola
3161 3491 3454 3583 siliginis
3489 3500 3558 3563 et
3599 3500 3753 3563 octo
3785 3500 3921 3563 sta·

1103 3606 1272 3679 riola
1315 3609 1541 3700 surgi,
1585 3618 1652 3680 et
1690 3620 1844 3681 octo
1887 3611 2145 3683 solidos
2185 3610 2623 3685 denariorum
2661 3614 3160 3687 veronensium
3199 3636 3325 3709 pro
3358 3637 3495 3687 una
3531 3614 3795 3704 bestia,
3854 3627 3923 3688 et

1101 3741 1397 3825 quatuor
1428 3733 1685 3805 solidos
1707 3755 1833 3828 pro
1871 3755 2011 3806 uno
2037 3756 2276 3826 case0,
2309 3747 2378 3808 et
2405 3759 2614 3809 unam
2642 3760 2886 3810 urnam
2909 3738 3056 3810 vini
3076 3792 3095 3826 ‚
3127 3747 3196 3809 et
3220 3760 3435 3809 unum
3463 3740 3719 3809 fassum
3747 3739 3911 3831 feni,

1100 3865 1169 3925 et
1196 3875 1403 3925 unam
1440 3856 1770 3946 galinam.
1824 3857 1955 3928 Iste
1989 3859 2287 3930 rationes
2321 3860 2611 3933 rimanie
2648 3861 2996 3933 dicuntur.
3044 3860 3232 3944 Quas
3269 3861 3567 3932 rationes
3605 3859 3919 3932 homines

1101 3977 1191 4049 de
1230 3977 1395 4049 villa
1424 3980 1645 4052 Oveni
1680 3991 1751 4052 et
1783 3979 1872 4053 de
1898 3981 2067 4053 villa
2104 3981 2377 4055 Cadene
2407 3984 2593 4056 etde
2627 3985 2794 4056 villa
2823 3983 3049 4076 Vigoli
3097 3983 3287 4055 etde
3323 3983 3486 4054 villa
3524 3983 3814 4075 Baselge
3847 3993 3916 4055 et

1097 4099 1187 4171 de
1220 4101 1390 4173 villa
1416 4102 1771 4197 Sardagne
1806 4104 2073 4176 solvere
2112 4105 2367 4179 debent
2405 4107 2721 4201 episcopo
2754 4107 3183 4197 Tridentin0‚
3238 4107 3351 4179 vel
3403 4107 3516 4177 cui
3558 4104 3745 4178 idem
3782 4105 3917 4178 do-

1099 4222 1330 4295 minus
1364 4226 1727 4320 episcopus
1762 4226 1931 4299 dare
1959 4227 2378 4323 disponeret.
2415 4230 2554 4302 Nos
2598 4239 2827 4303 autem
2869 4231 3274 4323 gravamina
3312 4250 3554 4301 eorum
3598 4230 3915 4304 conside-

1104 4354 1332 4417 rantes
1372 4357 1439 4418 et
1470 4369 1705 4420 eorum
1736 4350 2351 4443 supplicationibus
2386 4353 2757 4447 benignius
2792 4353 3134 4443 inclinati,
3159 4352 3716 4425 deliberavimus
3749 4373 3916 4424 con·

1101 4466 1255 4538 silio
1283 4468 1674 4565 principum
1704 4481 2093 4545 nostrorum
2118 4473 2429 4548 fidelium
2469 4478 2589 4570 qui
2629 4479 3114 4567 interfuerunt,
3156 4475 3349 4569 quod
3373 4473 3653 4548 eosdem
3679 4472 3920 4547 fideles

1101 4599 1370 4662 nostros
1396 4590 1489 4663 ‘de
1526 4594 1984 4686 Supramonte
2010 4607 2077 4669 et
2112 4601 2346 4671 omnia
2375 4621 2611 4672 eorum
2639 4622 2778 4695 que
2804 4600 3158 4696 possident
3196 4600 3268 4669 in
3294 4607 3522 4670 nostre
3545 4597 3917 4689 majestatis

1098 4716 1464 4811 recipimus
1501 4715 1967 4791 defensionem
1990 4773 2009 4809 ‚
2062 4731 2131 4793 et
2186 4745 2397 4818 super
2455 4723 2587 4797 hoc
2635 4725 2896 4797 litteras
2941 4732 3173 4796 nostre
3212 4720 3641 4795 celsitudinis
3689 4719 3914 4814 sigillo
