<?xml version="1.0" encoding="UTF-8"?>
<!DOCTYPE html PUBLIC "-//W3C//DTD XHTML 1.0 Transitional//EN"
    "http://www.w3.org/TR/xhtml1/DTD/xhtml1-transitional.dtd">
<html xmlns="http://www.w3.org/1999/xhtml" xml:lang="en" lang="en">
 <head>
  <title>
</title>
<meta http-equiv="Content-Type" content="text/html;charset=utf-8" />
  <meta name='ocr-system' content='tesseract 3.04.00' />
  <meta name='ocr-capabilities' content='ocr_page ocr_carea ocr_par ocr_line ocrx_word'/>
</head>
<body>
  <div class='ocr_page' id='page_1' title='image "./historiadiploma00empegoog_0063.png"; bbox 0 0 4500 5956; ppageno 0'>
   <div class='ocr_carea' id='block_1_1' title="bbox 671 578 3500 664">
    <p class='ocr_par' dir='ltr' id='par_1_1' title="bbox 671 578 3500 664">
     <span class='ocr_line' id='line_1_1' title="bbox 671 578 3500 664; baseline -0.005 -15"><span class='ocrx_word' id='word_1_1' title='bbox 671 590 872 650; x_wconf 71' lang='lat' dir='ltr'>Inter.</span> <span class='ocrx_word' id='word_1_2' title='bbox 901 587 992 664; x_wconf 84' lang='lat'>6.]</span> <span class='ocrx_word' id='word_1_3' title='bbox 1572 580 1970 642; x_wconf 78' lang='lat' dir='ltr'>HISTORIA</span> <span class='ocrx_word' id='word_1_4' title='bbox 2018 578 2601 641; x_wconf 74' lang='lat' dir='ltr'>DIPLOMA&#39;rch.</span> <span class='ocrx_word' id='word_1_5' title='bbox 3378 581 3500 644; x_wconf 84' lang='lat'>605</span> 
     </span>
    </p>
   </div>
   <div class='ocr_carea' id='block_1_2' title="bbox 671 714 3502 1926">
    <p class='ocr_par' dir='ltr' id='par_1_2' title="bbox 671 714 3502 1926">
     <span class='ocr_line' id='line_1_2' title="bbox 671 714 3488 819; baseline -0.002 -23"><span class='ocrx_word' id='word_1_6' title='bbox 671 723 943 819; x_wconf 92' lang='lat' dir='ltr'>imperii</span> <span class='ocrx_word' id='word_1_7' title='bbox 970 719 1295 794; x_wconf 86' lang='lat' dir='ltr'>fidelibus</span> <span class='ocrx_word' id='word_1_8' title='bbox 1329 717 1512 791; x_wconf 88' lang='lat' dir='ltr'>hanc</span> <span class='ocrx_word' id='word_1_9' title='bbox 1539 716 1834 789; x_wconf 77' lang='lat' dir='ltr'><strong>litteram</strong></span> <span class='ocrx_word' id='word_1_10' title='bbox 1869 714 2281 812; x_wconf 86' lang='lat' dir='ltr'>inspecturis</span> <span class='ocrx_word' id='word_1_11' title='bbox 2310 714 2599 808; x_wconf 77' lang='lat' dir='ltr'><strong>gratiam</strong></span> <span class='ocrx_word' id='word_1_12' title='bbox 2627 735 2823 786; x_wconf 89' lang='lat' dir='ltr'>suam</span> <span class='ocrx_word' id='word_1_13' title='bbox 2856 723 2928 786; x_wconf 85' lang='lat' dir='ltr'>et</span> <span class='ocrx_word' id='word_1_14' title='bbox 2956 735 3162 789; x_wconf 91' lang='lat' dir='ltr'>omne</span> <span class='ocrx_word' id='word_1_15' title='bbox 3199 715 3488 791; x_wconf 88' lang='lat' dir='ltr'>bonnm.</span> 
     </span>
     <span class='ocr_line' id='line_1_3' title="bbox 671 836 3495 941; baseline -0.002 -21"><span class='ocrx_word' id='word_1_16' title='bbox 671 847 884 941; x_wconf 88' lang='lat' dir='ltr'>Regie</span> <span class='ocrx_word' id='word_1_17' title='bbox 910 842 1232 938; x_wconf 86' lang='lat' dir='ltr'>congruit</span> <span class='ocrx_word' id='word_1_18' title='bbox 1254 841 1596 915; x_wconf 86' lang='lat' dir='ltr'>honestati</span> <span class='ocrx_word' id='word_1_19' title='bbox 1623 839 2033 914; x_wconf 87' lang='lat' dir='ltr'>devotorum</span> <span class='ocrx_word' id='word_1_20' title='bbox 2077 847 2148 912; x_wconf 89' lang='lat' dir='ltr'>et</span> <span class='ocrx_word' id='word_1_21' title='bbox 2176 836 2487 911; x_wconf 86' lang='lat' dir='ltr'>fidelium</span> <span class='ocrx_word' id='word_1_22' title='bbox 2518 858 2803 910; x_wconf 89' lang='lat' dir='ltr'>suornm</span> <span class='ocrx_word' id='word_1_23' title='bbox 2836 837 3128 912; x_wconf 85' lang='lat' dir='ltr'>lesiones</span> <span class='ocrx_word' id='word_1_24' title='bbox 3164 848 3495 934; x_wconf 90' lang='lat' dir='ltr'>tanquam</span> 
     </span>
     <span class='ocr_line' id='line_1_4' title="bbox 673 961 3502 1067; baseline -0.002 -24"><span class='ocrx_word' id='word_1_25' title='bbox 673 970 986 1067; x_wconf 89' lang='lat' dir='ltr'>proprias</span> <span class='ocrx_word' id='word_1_26' title='bbox 1019 966 1380 1040; x_wconf 82' lang='lat' dir='ltr'>vindicare</span> <span class='ocrx_word' id='word_1_27' title='bbox 1414 974 1483 1037; x_wconf 86' lang='lat' dir='ltr'>et</span> <span class='ocrx_word' id='word_1_28' title='bbox 1520 965 1806 1059; x_wconf 81' lang='lat' dir='ltr'>pleniori</span> <span class='ocrx_word' id='word_1_29' title='bbox 1835 986 1995 1036; x_wconf 91' lang='lat' dir='ltr'>cum</span> <span class='ocrx_word' id='word_1_30' title='bbox 2027 962 2273 1037; x_wconf 82' lang='lat' dir='ltr'>effectu</span> <span class='ocrx_word' id='word_1_31' title='bbox 2301 962 2603 1057; x_wconf 88' lang='lat' dir='ltr'>ipsorum</span> <span class='ocrx_word' id='word_1_32' title='bbox 2641 961 2997 1035; x_wconf 91' lang='lat' dir='ltr'>intendere</span> <span class='ocrx_word' id='word_1_33' title='bbox 3025 963 3387 1038; x_wconf 88' lang='lat' dir='ltr'>commodo</span> <span class='ocrx_word' id='word_1_34' title='bbox 3430 973 3502 1038; x_wconf 92' lang='lat' dir='ltr'>et</span> 
     </span>
     <span class='ocr_line' id='line_1_5' title="bbox 674 1085 3500 1185; baseline -0.002 -20"><span class='ocrx_word' id='word_1_35' title='bbox 674 1094 940 1165; x_wconf 89' lang='lat' dir='ltr'>honori.</span> <span class='ocrx_word' id='word_1_36' title='bbox 976 1091 1193 1185; x_wconf 84' lang='lat' dir='ltr'>Igitur</span> <span class='ocrx_word' id='word_1_37' title='bbox 1214 1109 1378 1162; x_wconf 91' lang='lat' dir='ltr'>cum</span> <span class='ocrx_word' id='word_1_38' title='bbox 1411 1087 1705 1161; x_wconf 89' lang='lat' dir='ltr'>dilectus</span> <span class='ocrx_word' id='word_1_39' title='bbox 1732 1089 2052 1183; x_wconf 89' lang='lat' dir='ltr'>princeps</span> <span class='ocrx_word' id='word_1_40' title='bbox 2078 1096 2308 1158; x_wconf 86' lang='lat' dir='ltr'>noster</span> <span class='ocrx_word' id='word_1_41' title='bbox 2333 1087 2414 1156; x_wconf 91' lang='lat' dir='ltr'>B.</span> <span class='ocrx_word' id='word_1_42' title='bbox 2439 1085 2854 1159; x_wconf 84' lang='lat' dir='ltr'>venerabilis</span> <span class='ocrx_word' id='word_1_43' title='bbox 2879 1086 3270 1182; x_wconf 87' lang='lat' dir='ltr'>episcopus,</span> <span class='ocrx_word' id='word_1_44' title='bbox 3306 1088 3500 1184; x_wconf 89' lang='lat' dir='ltr'>capi-</span> 
     </span>
     <span class='ocr_line' id='line_1_6' title="bbox 677 1209 3496 1305; baseline 0 -19"><span class='ocrx_word' id='word_1_45' title='bbox 677 1217 931 1305; x_wconf 89' lang='lat' dir='ltr'>tulum,</span> <span class='ocrx_word' id='word_1_46' title='bbox 965 1211 1475 1301; x_wconf 80' lang='lat' dir='ltr'>ministeriales,</span> <span class='ocrx_word' id='word_1_47' title='bbox 1517 1210 1880 1283; x_wconf 89' lang='lat' dir='ltr'>consilium</span> <span class='ocrx_word' id='word_1_48' title='bbox 1909 1218 1978 1283; x_wconf 92' lang='lat' dir='ltr'>et</span> <span class='ocrx_word' id='word_1_49' title='bbox 2016 1209 2322 1282; x_wconf 89' lang='lat' dir='ltr'>universi</span> <span class='ocrx_word' id='word_1_50' title='bbox 2353 1210 2545 1281; x_wconf 86' lang='lat' dir='ltr'>cives</span> <span class='ocrx_word' id='word_1_51' title='bbox 2579 1209 3117 1303; x_wconf 84' lang='lat' dir='ltr'>Argentinenses</span> <span class='ocrx_word' id='word_1_52' title='bbox 3149 1221 3376 1285; x_wconf 86' lang='lat' dir='ltr'>nostre</span> <span class='ocrx_word' id='word_1_53' title='bbox 3418 1233 3496 1287; x_wconf 92' lang='lat' dir='ltr'>se</span> 
     </span>
     <span class='ocr_line' id='line_1_7' title="bbox 675 1332 3501 1427; baseline 0 -18"><span class='ocrx_word' id='word_1_54' title='bbox 675 1339 895 1410; x_wconf 90' lang='lat' dir='ltr'>taliter</span> <span class='ocrx_word' id='word_1_55' title='bbox 926 1335 1374 1409; x_wconf 81' lang='lat' dir='ltr'>astrinxerint</span> <span class='ocrx_word' id='word_1_56' title='bbox 1395 1333 1734 1425; x_wconf 88' lang='lat' dir='ltr'>majestati</span> <span class='ocrx_word' id='word_1_57' title='bbox 1762 1332 1953 1427; x_wconf 90' lang='lat' dir='ltr'>quod</span> <span class='ocrx_word' id='word_1_58' title='bbox 1983 1341 2213 1405; x_wconf 88' lang='lat' dir='ltr'>nostra</span> <span class='ocrx_word' id='word_1_59' title='bbox 2243 1332 2650 1423; x_wconf 85' lang='lat' dir='ltr'>gravamina</span> <span class='ocrx_word' id='word_1_60' title='bbox 2680 1333 2819 1403; x_wconf 90' lang='lat' dir='ltr'>sint</span> <span class='ocrx_word' id='word_1_61' title='bbox 2846 1354 3086 1406; x_wconf 88' lang='lat' dir='ltr'>eorum</span> <span class='ocrx_word' id='word_1_62' title='bbox 3110 1336 3403 1408; x_wconf 91' lang='lat' dir='ltr'>lesiones</span> <span class='ocrx_word' id='word_1_63' title='bbox 3430 1345 3501 1409; x_wconf 87' lang='lat' dir='ltr'>et</span> 
     </span>
     <span class='ocr_line' id='line_1_8' title="bbox 674 1453 3499 1551; baseline -0.001 -17"><span class='ocrx_word' id='word_1_64' title='bbox 674 1482 909 1534; x_wconf 89' lang='lat' dir='ltr'>eornm</span> <span class='ocrx_word' id='word_1_65' title='bbox 941 1460 1232 1532; x_wconf 87' lang='lat' dir='ltr'>lesiones</span> <span class='ocrx_word' id='word_1_66' title='bbox 1258 1467 1489 1530; x_wconf 87' lang='lat' dir='ltr'>nostra</span> <span class='ocrx_word' id='word_1_67' title='bbox 1524 1457 1928 1551; x_wconf 87' lang='lat' dir='ltr'>gravamina</span> <span class='ocrx_word' id='word_1_68' title='bbox 1962 1465 2361 1551; x_wconf 84' lang='lat' dir='ltr'>reputemus</span> <span class='ocrx_word' id='word_1_69' title='bbox 2393 1453 2454 1550; x_wconf 73' lang='lat' dir='ltr'>(l</span> <span class='ocrx_word' id='word_1_70' title='bbox 2475 1460 2499 1549; x_wconf 95' lang='lat'>)</span> <span class='ocrx_word' id='word_1_71' title='bbox 2519 1509 2540 1547; x_wconf 99' lang='lat'>,</span> <span class='ocrx_word' id='word_1_72' title='bbox 2581 1456 3115 1546; x_wconf 87' lang='lat' dir='ltr'>significandum</span> <span class='ocrx_word' id='word_1_73' title='bbox 3164 1457 3499 1531; x_wconf 86' lang='lat' dir='ltr'>duximus</span> 
     </span>
     <span class='ocr_line' id='line_1_9' title="bbox 678 1578 3494 1678; baseline -0.001 -22"><span class='ocrx_word' id='word_1_74' title='bbox 678 1584 1016 1657; x_wconf 84' lang='lat' dir='ltr'>universis</span> <span class='ocrx_word' id='word_1_75' title='bbox 1050 1582 1243 1677; x_wconf 90' lang='lat' dir='ltr'>quod</span> <span class='ocrx_word' id='word_1_76' title='bbox 1270 1602 1398 1655; x_wconf 89' lang='lat' dir='ltr'>nos</span> <span class='ocrx_word' id='word_1_77' title='bbox 1422 1601 1517 1654; x_wconf 80' lang='lat' dir='ltr'>ex</span> <span class='ocrx_word' id='word_1_78' title='bbox 1544 1581 1855 1653; x_wconf 88' lang='lat' dir='ltr'>consulta</span> <span class='ocrx_word' id='word_1_79' title='bbox 1880 1578 2378 1654; x_wconf 83' lang='lat' dir='ltr'>deliberatione</span> <span class='ocrx_word' id='word_1_80' title='bbox 2412 1580 2759 1675; x_wconf 88' lang='lat' dir='ltr'>predictos</span> <span class='ocrx_word' id='word_1_81' title='bbox 2781 1580 3019 1654; x_wconf 83' lang='lat' dir='ltr'>fideles</span> <span class='ocrx_word' id='word_1_82' title='bbox 3065 1592 3328 1654; x_wconf 83' lang='lat' dir='ltr'>nostros</span> <span class='ocrx_word' id='word_1_83' title='bbox 3351 1584 3494 1678; x_wconf 91' lang='lat' dir='ltr'>epi-</span> 
     </span>
     <span class='ocr_line' id='line_1_10' title="bbox 674 1702 3491 1803; baseline 0 -22"><span class='ocrx_word' id='word_1_84' title='bbox 674 1730 957 1803; x_wconf 88' lang='lat' dir='ltr'>scopum</span> <span class='ocrx_word' id='word_1_85' title='bbox 996 1718 1064 1779; x_wconf 91' lang='lat' dir='ltr'>et</span> <span class='ocrx_word' id='word_1_86' title='bbox 1097 1727 1371 1778; x_wconf 91' lang='lat' dir='ltr'>omnem</span> <span class='ocrx_word' id='word_1_87' title='bbox 1415 1705 1744 1777; x_wconf 82' lang='lat' dir='ltr'>familiam</span> <span class='ocrx_word' id='word_1_88' title='bbox 1777 1702 2350 1798; x_wconf 88' lang='lat' dir='ltr'>Argentinensem</span> <span class='ocrx_word' id='word_1_89' title='bbox 2380 1714 2449 1776; x_wconf 91' lang='lat' dir='ltr'>et</span> <span class='ocrx_word' id='word_1_90' title='bbox 2485 1703 2887 1775; x_wconf 88' lang='lat' dir='ltr'>nominatim</span> <span class='ocrx_word' id='word_1_91' title='bbox 2915 1705 3104 1777; x_wconf 89' lang='lat' dir='ltr'>cives</span> <span class='ocrx_word' id='word_1_92' title='bbox 3128 1707 3491 1800; x_wconf 83' lang='lat' dir='ltr'>specialem</span> 
     </span>
     <span class='ocr_line' id='line_1_11' title="bbox 677 1826 3495 1926; baseline 0 -22"><span class='ocrx_word' id='word_1_93' title='bbox 677 1833 806 1904; x_wconf 89' lang='lat' dir='ltr'>sub</span> <span class='ocrx_word' id='word_1_94' title='bbox 823 1841 1122 1903; x_wconf 86' lang='lat' dir='ltr'>nostram</span> <span class='ocrx_word' id='word_1_95' title='bbox 1145 1829 1535 1924; x_wconf 85' lang='lat' dir='ltr'>recepimus</span> <span class='ocrx_word' id='word_1_96' title='bbox 1561 1828 2048 1924; x_wconf 87' lang='lat' dir='ltr'>protectionem</span> <span class='ocrx_word' id='word_1_97' title='bbox 2071 1854 2090 1916; x_wconf 91' lang='lat'>;</span> <span class='ocrx_word' id='word_1_98' title='bbox 2118 1829 2428 1901; x_wconf 90' lang='lat' dir='ltr'>volentes</span> <span class='ocrx_word' id='word_1_99' title='bbox 2445 1836 2523 1898; x_wconf 89' lang='lat' dir='ltr'>ut</span> <span class='ocrx_word' id='word_1_100' title='bbox 2542 1826 2964 1922; x_wconf 89' lang='lat' dir='ltr'>ubicumque</span> <span class='ocrx_word' id='word_1_101' title='bbox 2981 1850 3106 1925; x_wconf 94' lang='lat' dir='ltr'>per</span> <span class='ocrx_word' id='word_1_102' title='bbox 3128 1830 3495 1926; x_wconf 90' lang='lat' dir='ltr'>imperium</span> 
     </span>
    </p>
   </div>
   <div class='ocr_carea' id='block_1_3' title="bbox 676 1945 3494 2165">
    <p class='ocr_par' dir='ltr' id='par_1_3' title="bbox 676 1945 3494 2165">
     <span class='ocr_line' id='line_1_12' title="bbox 676 1945 3487 2046; baseline 0.001 -23"><span class='ocrx_word' id='word_1_103' title='bbox 676 1949 1017 2046; x_wconf 86' lang='lat' dir='ltr'>proficisci</span> <span class='ocrx_word' id='word_1_104' title='bbox 1053 1951 1165 2022; x_wconf 83' lang='lat' dir='ltr'>vel</span> <span class='ocrx_word' id='word_1_105' title='bbox 1199 1948 1536 2041; x_wconf 87' lang='lat' dir='ltr'>negotiari</span> <span class='ocrx_word' id='word_1_106' title='bbox 1577 1968 1860 2020; x_wconf 90' lang='lat' dir='ltr'>necesse</span> <span class='ocrx_word' id='word_1_107' title='bbox 1889 1945 2289 2037; x_wconf 88' lang='lat' dir='ltr'>habuerint,</span> <span class='ocrx_word' id='word_1_108' title='bbox 2342 1946 2534 2041; x_wconf 91' lang='lat' dir='ltr'>regio</span> <span class='ocrx_word' id='word_1_109' title='bbox 2580 1947 2958 2040; x_wconf 88' lang='lat' dir='ltr'>patrocinio</span> <span class='ocrx_word' id='word_1_110' title='bbox 3003 1946 3487 2027; x_wconf 83' lang='lat' dir='ltr'>defendantur.</span> 
     </span>
     <span class='ocr_line' id='line_1_13' title="bbox 676 2064 3494 2165; baseline 0 -23"><span class='ocrx_word' id='word_1_111' title='bbox 676 2072 1103 2165; x_wconf 90' lang='lat' dir='ltr'>Quapropter</span> <span class='ocrx_word' id='word_1_112' title='bbox 1138 2066 1553 2140; x_wconf 90' lang='lat' dir='ltr'>mandamus</span> <span class='ocrx_word' id='word_1_113' title='bbox 1592 2065 1726 2139; x_wconf 90' lang='lat' dir='ltr'>sub</span> <span class='ocrx_word' id='word_1_114' title='bbox 1781 2065 2333 2138; x_wconf 87' lang='lat' dir='ltr'>interminatione</span> <span class='ocrx_word' id='word_1_115' title='bbox 2374 2065 2592 2160; x_wconf 88' lang='lat' dir='ltr'>gratie</span> <span class='ocrx_word' id='word_1_116' title='bbox 2632 2074 2860 2137; x_wconf 88' lang='lat' dir='ltr'>nostre</span> <span class='ocrx_word' id='word_1_117' title='bbox 2907 2064 3213 2141; x_wconf 83' lang='lat' dir='ltr'>districte</span> <span class='ocrx_word' id='word_1_118' title='bbox 3261 2073 3494 2165; x_wconf 91' lang='lat' dir='ltr'>preci-</span> 
     </span>
    </p>
   </div>
   <div class='ocr_carea' id='block_1_4' title="bbox 677 2188 3496 3023">
    <p class='ocr_par' dir='ltr' id='par_1_4' title="bbox 677 2188 3496 2759">
     <span class='ocr_line' id='line_1_14' title="bbox 677 2188 3493 2288; baseline 0.002 -24"><span class='ocrx_word' id='word_1_119' title='bbox 677 2194 938 2288; x_wconf 91' lang='lat' dir='ltr'>pientes</span> <span class='ocrx_word' id='word_1_120' title='bbox 969 2200 1047 2263; x_wconf 89' lang='lat' dir='ltr'>nt</span> <span class='ocrx_word' id='word_1_121' title='bbox 1074 2191 1307 2263; x_wconf 90' lang='lat' dir='ltr'>nullus</span> <span class='ocrx_word' id='word_1_122' title='bbox 1337 2190 1430 2261; x_wconf 90' lang='lat' dir='ltr'>sit</span> <span class='ocrx_word' id='word_1_123' title='bbox 1460 2190 1579 2283; x_wconf 89' lang='lat' dir='ltr'>qui</span> <span class='ocrx_word' id='word_1_124' title='bbox 1611 2210 1790 2261; x_wconf 88' lang='lat' dir='ltr'>ausu</span> <span class='ocrx_word' id='word_1_125' title='bbox 1819 2188 2070 2262; x_wconf 89' lang='lat' dir='ltr'>ductus</span> <span class='ocrx_word' id='word_1_126' title='bbox 2089 2189 2483 2280; x_wconf 89' lang='lat' dir='ltr'>temerario,</span> <span class='ocrx_word' id='word_1_127' title='bbox 2524 2188 2911 2284; x_wconf 87' lang='lat' dir='ltr'>sepedictos</span> <span class='ocrx_word' id='word_1_128' title='bbox 2948 2188 3185 2265; x_wconf 86' lang='lat' dir='ltr'>fideles</span> <span class='ocrx_word' id='word_1_129' title='bbox 3226 2205 3493 2270; x_wconf 89' lang='lat' dir='ltr'>nostros</span> 
     </span>
     <span class='ocr_line' id='line_1_15' title="bbox 678 2311 3492 2418; baseline 0.001 -29"><span class='ocrx_word' id='word_1_130' title='bbox 678 2315 1205 2412; x_wconf 84' lang='lat' dir='ltr'>Argentinenses</span> <span class='ocrx_word' id='word_1_131' title='bbox 1240 2314 1314 2385; x_wconf 91' lang='lat' dir='ltr'>in</span> <span class='ocrx_word' id='word_1_132' title='bbox 1339 2313 1655 2409; x_wconf 88' lang='lat' dir='ltr'>personis</span> <span class='ocrx_word' id='word_1_133' title='bbox 1677 2311 1792 2386; x_wconf 86' lang='lat' dir='ltr'>vel</span> <span class='ocrx_word' id='word_1_134' title='bbox 1825 2312 1896 2382; x_wconf 93' lang='lat' dir='ltr'>in</span> <span class='ocrx_word' id='word_1_135' title='bbox 1921 2311 2132 2385; x_wconf 90' lang='lat' dir='ltr'>rebus</span> <span class='ocrx_word' id='word_1_136' title='bbox 2163 2313 2525 2385; x_wconf 85' lang='lat' dir='ltr'>molestare</span> <span class='ocrx_word' id='word_1_137' title='bbox 2560 2312 2813 2385; x_wconf 89' lang='lat' dir='ltr'>audeat</span> <span class='ocrx_word' id='word_1_138' title='bbox 2837 2314 2949 2386; x_wconf 84' lang='lat' dir='ltr'>vel</span> <span class='ocrx_word' id='word_1_139' title='bbox 2988 2314 3364 2418; x_wconf 87' lang='lat' dir='ltr'>dampnum</span> <span class='ocrx_word' id='word_1_140' title='bbox 3392 2320 3492 2393; x_wconf 87' lang='lat' dir='ltr'>eis</span> 
     </span>
     <span class='ocr_line' id='line_1_16' title="bbox 679 2435 3489 2535; baseline 0.001 -23"><span class='ocrx_word' id='word_1_141' title='bbox 679 2449 792 2512; x_wconf 90' lang='lat' dir='ltr'>aut</span> <span class='ocrx_word' id='word_1_142' title='bbox 839 2460 1218 2534; x_wconf 81' lang='lat' dir='ltr'>gravamen</span> <span class='ocrx_word' id='word_1_143' title='bbox 1263 2435 1546 2531; x_wconf 90' lang='lat' dir='ltr'>aliquod</span> <span class='ocrx_word' id='word_1_144' title='bbox 1582 2436 1905 2531; x_wconf 82' lang='lat' dir='ltr'>irrogare.</span> <span class='ocrx_word' id='word_1_145' title='bbox 1962 2435 2168 2521; x_wconf 88' lang='lat' dir='ltr'>Quod</span> <span class='ocrx_word' id='word_1_146' title='bbox 2210 2436 2334 2530; x_wconf 90' lang='lat' dir='ltr'>qui</span> <span class='ocrx_word' id='word_1_147' title='bbox 2371 2437 2594 2510; x_wconf 80' lang='lat' dir='ltr'>facere</span> <span class='ocrx_word' id='word_1_148' title='bbox 2639 2439 3163 2533; x_wconf 87' lang='lat' dir='ltr'>presumpserit,</span> <span class='ocrx_word' id='word_1_149' title='bbox 3211 2464 3489 2535; x_wconf 85' lang='lat' dir='ltr'>gravem</span> 
     </span>
     <span class='ocr_line' id='line_1_17' title="bbox 678 2556 3496 2657; baseline 0.001 -20"><span class='ocrx_word' id='word_1_150' title='bbox 678 2563 997 2637; x_wconf 83' lang='lat' dir='ltr'>offensam</span> <span class='ocrx_word' id='word_1_151' title='bbox 1027 2570 1326 2635; x_wconf 90' lang='lat' dir='ltr'>nostram</span> <span class='ocrx_word' id='word_1_152' title='bbox 1350 2581 1427 2633; x_wconf 92' lang='lat' dir='ltr'>se</span> <span class='ocrx_word' id='word_1_153' title='bbox 1458 2560 1729 2633; x_wconf 84' lang='lat' dir='ltr'>noverit</span> <span class='ocrx_word' id='word_1_154' title='bbox 1754 2559 2191 2632; x_wconf 86' lang='lat' dir='ltr'>incursurum</span> <span class='ocrx_word' id='word_1_155' title='bbox 2220 2556 2343 2657; x_wconf 93' lang='lat' dir='ltr'>[et]</span> <span class='ocrx_word' id='word_1_156' title='bbox 2371 2580 2510 2633; x_wconf 93' lang='lat' dir='ltr'>non</span> <span class='ocrx_word' id='word_1_157' title='bbox 2541 2559 2791 2633; x_wconf 89' lang='lat' dir='ltr'>evadet</span> <span class='ocrx_word' id='word_1_158' title='bbox 2811 2572 3042 2635; x_wconf 88' lang='lat' dir='ltr'>nostre</span> <span class='ocrx_word' id='word_1_159' title='bbox 3066 2564 3496 2639; x_wconf 86' lang='lat' dir='ltr'>celsitudinis</span> 
     </span>
     <span class='ocr_line' id='line_1_18' title="bbox 681 2687 2372 2759; baseline -0.006 0"><span class='ocrx_word' id='word_1_160' title='bbox 681 2687 1029 2759; x_wconf 89' lang='lat' dir='ltr'>ultionem.</span> <span class='ocrx_word' id='word_1_161' title='bbox 2365 2740 2372 2749; x_wconf 87' lang='lat'>.</span> 
     </span>
    </p>

    <p class='ocr_par' dir='ltr' id='par_1_5' title="bbox 683 2804 3486 3023">
     <span class='ocr_line' id='line_1_19' title="bbox 767 2804 3486 2902; baseline 0.001 -23"><span class='ocrx_word' id='word_1_162' title='bbox 767 2811 1016 2880; x_wconf 90' lang='lat' dir='ltr'>Datum</span> <span class='ocrx_word' id='word_1_163' title='bbox 1047 2805 1238 2902; x_wconf 92' lang='lat' dir='ltr'>apud</span> <span class='ocrx_word' id='word_1_164' title='bbox 1271 2804 1807 2900; x_wconf 88' lang='lat' dir='ltr'>Bochperdiam,</span> <span class='ocrx_word' id='word_1_165' title='bbox 1857 2826 2042 2879; x_wconf 92' lang='lat' dir='ltr'>anno</span> <span class='ocrx_word' id='word_1_166' title='bbox 2081 2804 2427 2878; x_wconf 88' lang='lat' dir='ltr'>dominice</span> <span class='ocrx_word' id='word_1_167' title='bbox 2468 2806 2952 2880; x_wconf 88' lang='lat' dir='ltr'>incarnationis</span> <span class='ocrx_word' id='word_1_168' title='bbox 2984 2807 3440 2883; x_wconf 89' lang='lat' dir='ltr'>MCCXXXIII</span> <span class='ocrx_word' id='word_1_169' title='bbox 3468 2867 3486 2898; x_wconf 92' lang='lat'>,</span> 
     </span>
     <span class='ocr_line' id='line_1_20' title="bbox 683 2927 1858 3023; baseline -0.003 -18"><span class='ocrx_word' id='word_1_170' title='bbox 683 2933 822 3005; x_wconf 85' lang='lat' dir='ltr'>VIII</span> <span class='ocrx_word' id='word_1_171' title='bbox 845 2931 1007 3006; x_wconf 88' lang='lat' dir='ltr'>idus</span> <span class='ocrx_word' id='word_1_172' title='bbox 1036 2929 1300 3023; x_wconf 87' lang='lat' dir='ltr'>martii,</span> <span class='ocrx_word' id='word_1_173' title='bbox 1343 2927 1716 3002; x_wconf 85' lang='lat' dir='ltr'>indictione</span> <span class='ocrx_word' id='word_1_174' title='bbox 1740 2929 1858 3001; x_wconf 84' lang='lat' dir='ltr'>vl.</span> 
     </span>
    </p>
   </div>
   <div class='ocr_carea' id='block_1_5' title="bbox 1201 3248 2970 3268">
    <p class='ocr_par' dir='ltr' id='par_1_6' title="bbox 1201 3248 2970 3268">
     <span class='ocr_line' id='line_1_21' title="bbox 1201 3248 2970 3268; baseline 0.007 -13"><span class='ocrx_word' id='word_1_175' title='bbox 1201 3248 1298 3256; x_wconf 54' lang='grc' dir='ltr'>-.ο</span> <span class='ocrx_word' id='word_1_176' title='bbox 1322 3248 1453 3257; x_wconf 58' lang='lat'>——0-0</span> <span class='ocrx_word' id='word_1_177' title='bbox 1482 3250 2361 3265; x_wconf 45' lang='lat' dir='ltr'>“mum02——a———o-—n——mae-</span> <span class='ocrx_word' id='word_1_178' title='bbox 2583 3258 2970 3268; x_wconf 64' lang='lat'>—00—-0-———.-</span> 
     </span>
    </p>
   </div>
   <div class='ocr_carea' id='block_1_6' title="bbox 671 3513 3491 3768">
    <p class='ocr_par' dir='ltr' id='par_1_7' title="bbox 671 3513 3491 3768">
     <span class='ocr_line' id='line_1_22' title="bbox 776 3513 3491 3637; baseline 0.004 -30"><span class='ocrx_word' id='word_1_179' title='bbox 776 3513 1142 3611; x_wconf 76' lang='lat' dir='ltr'>Hem-icus</span> <span class='ocrx_word' id='word_1_180' title='bbox 1159 3589 1183 3635; x_wconf 94' lang='lat'>,</span> <span class='ocrx_word' id='word_1_181' title='bbox 1232 3527 1755 3610; x_wconf 90' lang='lat' dir='ltr'>Romanorum</span> <span class='ocrx_word' id='word_1_182' title='bbox 1790 3553 1924 3610; x_wconf 85' lang='lat' dir='ltr'>rex</span> <span class='ocrx_word' id='word_1_183' title='bbox 1939 3589 1963 3635; x_wconf 94' lang='lat'>,</span> <span class='ocrx_word' id='word_1_184' title='bbox 2005 3528 2105 3610; x_wconf 91' lang='lat' dir='ltr'>ad</span> <span class='ocrx_word' id='word_1_185' title='bbox 2156 3528 2596 3637; x_wconf 87' lang='lat' dir='ltr'>petitionem</span> <span class='ocrx_word' id='word_1_186' title='bbox 2642 3530 2921 3615; x_wconf 82' lang='lat' dir='ltr'>civium</span> <span class='ocrx_word' id='word_1_187' title='bbox 2969 3533 3491 3618; x_wconf 90' lang='lat' dir='ltr'>Bremensium</span> 
     </span>
     <span class='ocr_line' id='line_1_23' title="bbox 671 3658 3491 3768; baseline 0.004 -30"><span class='ocrx_word' id='word_1_188' title='bbox 671 3666 919 3739; x_wconf 86' lang='lat' dir='ltr'>ratum</span> <span class='ocrx_word' id='word_1_189' title='bbox 973 3658 1205 3741; x_wconf 86' lang='lat' dir='ltr'>habet</span> <span class='ocrx_word' id='word_1_190' title='bbox 1248 3659 1458 3767; x_wconf 91' lang='lat' dir='ltr'>quod</span> <span class='ocrx_word' id='word_1_191' title='bbox 1516 3658 2121 3768; x_wconf 85' lang='lat' dir='ltr'>archiepiscopus</span> <span class='ocrx_word' id='word_1_192' title='bbox 2172 3659 2600 3743; x_wconf 88' lang='lat' dir='ltr'>Bremensis</span> <span class='ocrx_word' id='word_1_193' title='bbox 2653 3666 3140 3747; x_wconf 86' lang='lat' dir='ltr'>statuendum</span> <span class='ocrx_word' id='word_1_194' title='bbox 3191 3668 3491 3751; x_wconf 86' lang='lat' dir='ltr'>duxerit</span> 
     </span>
    </p>
   </div>
   <div class='ocr_carea' id='block_1_7' title="bbox 672 3789 3490 4004">
    <p class='ocr_par' dir='ltr' id='par_1_8' title="bbox 672 3789 3490 4004">
     <span class='ocr_line' id='line_1_24' title="bbox 677 3789 3490 3907; baseline 0.005 -40"><span class='ocrx_word' id='word_1_195' title='bbox 677 3811 898 3897; x_wconf 89' lang='lat' dir='ltr'>super</span> <span class='ocrx_word' id='word_1_196' title='bbox 933 3789 1276 3873; x_wconf 88' lang='lat' dir='ltr'>delendis</span> <span class='ocrx_word' id='word_1_197' title='bbox 1309 3790 1624 3874; x_wconf 86' lang='lat' dir='ltr'>teloneis</span> <span class='ocrx_word' id='word_1_198' title='bbox 1666 3800 1743 3874; x_wconf 92' lang='lat' dir='ltr'>et</span> <span class='ocrx_word' id='word_1_199' title='bbox 1783 3792 2302 3877; x_wconf 84' lang='lat' dir='ltr'>exactionibus</span> <span class='ocrx_word' id='word_1_200' title='bbox 2319 3853 2342 3899; x_wconf 92' lang='lat'>,</span> <span class='ocrx_word' id='word_1_201' title='bbox 2404 3820 2601 3904; x_wconf 90' lang='lat' dir='ltr'>quae</span> <span class='ocrx_word' id='word_1_202' title='bbox 2653 3820 2808 3878; x_wconf 92' lang='lat' dir='ltr'>non</span> <span class='ocrx_word' id='word_1_203' title='bbox 2872 3822 2965 3878; x_wconf 85' lang='lat' dir='ltr'>ex</span> <span class='ocrx_word' id='word_1_204' title='bbox 3017 3796 3270 3880; x_wconf 89' lang='lat' dir='ltr'>debito</span> <span class='ocrx_word' id='word_1_205' title='bbox 3315 3799 3490 3907; x_wconf 86' lang='lat' dir='ltr'>jure</span> 
     </span>
     <span class='ocr_line' id='line_1_25' title="bbox 672 3914 1352 4004; baseline 0.004 -3"><span class='ocrx_word' id='word_1_206' title='bbox 672 3914 1171 4004; x_wconf 81' lang='lat' dir='ltr'>habebantur.</span> <span class='ocrx_word' id='word_1_207' title='bbox 1348 3923 1352 3928; x_wconf 69' lang='grc'><strong><em>’</em></strong></span> 
     </span>
    </p>
   </div>
   <div class='ocr_carea' id='block_1_8' title="bbox 828 4124 3481 4312">
    <p class='ocr_par' dir='ltr' id='par_1_9' title="bbox 828 4124 3481 4312">
     <span class='ocr_line' id='line_1_26' title="bbox 828 4124 3481 4214; baseline 0.004 -28"><span class='ocrx_word' id='word_1_208' title='bbox 828 4125 1036 4200; x_wconf 75' lang='grc' dir='ltr'><strong>(Εᾱίᾱ.</strong></span> <span class='ocrx_word' id='word_1_209' title='bbox 1078 4125 1226 4189; x_wconf 74' lang='lat'>«1011.</span> <span class='ocrx_word' id='word_1_210' title='bbox 1262 4126 1439 4188; x_wconf 75' lang='lat' dir='ltr'>Pan..</span> <span class='ocrx_word' id='word_1_211' title='bbox 1490 4126 1743 4203; x_wconf 67' lang='lat' dir='ltr'>mssa,</span> <span class='ocrx_word' id='word_1_212' title='bbox 1787 4124 2141 4212; x_wconf 76' lang='lat' dir='ltr'>Sammlunq</span> <span class='ocrx_word' id='word_1_213' title='bbox 2164 4125 2514 4212; x_wconf 59' lang='grc' dir='ltr'>πυριῶ-νώ.</span> <span class='ocrx_word' id='word_1_214' title='bbox 2565 4124 2876 4191; x_wconf 73' lang='lat' dir='ltr'>Urlcundm</span> <span class='ocrx_word' id='word_1_215' title='bbox 2904 4129 3214 4210; x_wconf 86' lang='lat' dir='ltr'>(Bremen,</span> <span class='ocrx_word' id='word_1_216' title='bbox 3257 4134 3481 4214; x_wconf 81' lang='lat'>1768),</span> 
     </span>
     <span class='ocr_line' id='line_1_27' title="bbox 903 4231 1169 4312; baseline 0.004 -21"><span class='ocrx_word' id='word_1_217' title='bbox 903 4248 967 4309; x_wconf 88' lang='lat' dir='ltr'>p.</span> <span class='ocrx_word' id='word_1_218' title='bbox 1001 4231 1169 4312; x_wconf 75' lang='lat'>⁴61.)</span> 
     </span>
    </p>
   </div>
   <div class='ocr_carea' id='block_1_9' title="bbox 698 4386 973 4403">
    <p class='ocr_par' dir='ltr' id='par_1_10' title="bbox 698 4386 973 4403">
     <span class='ocr_line' id='line_1_28' title="bbox 698 4386 973 4403; baseline 0.015 -4"><span class='ocrx_word' id='word_1_219' title='bbox 698 4386 973 4403; x_wconf 43' lang='grc' dir='ltr'>-.η-...ι-</span> 
     </span>
    </p>
   </div>
   <div class='ocr_carea' id='block_1_10' title="bbox 692 4488 3485 4764">
    <p class='ocr_par' dir='ltr' id='par_1_11' title="bbox 692 4488 3485 4764">
     <span class='ocr_line' id='line_1_29' title="bbox 746 4488 3476 4571; baseline 0.004 -27"><span class='ocrx_word' id='word_1_220' title='bbox 746 4488 810 4560; x_wconf 75' lang='grc' dir='ltr'>(Ι)</span> <span class='ocrx_word' id='word_1_221' title='bbox 845 4490 904 4546; x_wconf 90' lang='lat' dir='ltr'>ld</span> <span class='ocrx_word' id='word_1_222' title='bbox 927 4490 1114 4548; x_wconf 90' lang='lat' dir='ltr'>sedulo</span> <span class='ocrx_word' id='word_1_223' title='bbox 1145 4493 1439 4551; x_wconf 88' lang='lat' dir='ltr'>notandum</span> <span class='ocrx_word' id='word_1_224' title='bbox 1457 4501 1574 4563; x_wconf 91' lang='lat' dir='ltr'>est,</span> <span class='ocrx_word' id='word_1_225' title='bbox 1604 4495 1735 4553; x_wconf 90' lang='lat' dir='ltr'>dum</span> <span class='ocrx_word' id='word_1_226' title='bbox 1757 4496 1913 4569; x_wconf 87' lang='lat' dir='ltr'>quasi</span> <span class='ocrx_word' id='word_1_227' title='bbox 1936 4495 2255 4571; x_wconf 90' lang='lat' dir='ltr'>principium</span> <span class='ocrx_word' id='word_1_228' title='bbox 2276 4513 2421 4554; x_wconf 90' lang='lat' dir='ltr'>nunc</span> <span class='ocrx_word' id='word_1_229' title='bbox 2443 4497 2927 4556; x_wconf 83' lang='lat' dir='ltr'>animadvertamus</span> <span class='ocrx_word' id='word_1_230' title='bbox 2960 4497 3151 4555; x_wconf 89' lang='lat' dir='ltr'>horum</span> <span class='ocrx_word' id='word_1_231' title='bbox 3175 4514 3476 4556; x_wconf 84' lang='lat' dir='ltr'>sacramen-</span> 
     </span>
     <span class='ocr_line' id='line_1_30' title="bbox 692 4583 3485 4667; baseline 0.006 -29"><span class='ocrx_word' id='word_1_232' title='bbox 692 4583 863 4657; x_wconf 82' lang='lat' dir='ltr'>torum,</span> <span class='ocrx_word' id='word_1_233' title='bbox 889 4602 1027 4659; x_wconf 88' lang='lat' dir='ltr'>quae</span> <span class='ocrx_word' id='word_1_234' title='bbox 1060 4593 1248 4661; x_wconf 86' lang='lat' dir='ltr'>postea</span> <span class='ocrx_word' id='word_1_235' title='bbox 1280 4605 1314 4646; x_wconf 87' lang='lat' dir='ltr'>a</span> <span class='ocrx_word' id='word_1_236' title='bbox 1339 4590 1673 4665; x_wconf 87' lang='lat' dir='ltr'>principibus</span> <span class='ocrx_word' id='word_1_237' title='bbox 1704 4597 1762 4650; x_wconf 92' lang='lat' dir='ltr'>et</span> <span class='ocrx_word' id='word_1_238' title='bbox 1789 4592 2098 4651; x_wconf 84' lang='lat' dir='ltr'>civitatibus</span> <span class='ocrx_word' id='word_1_239' title='bbox 2111 4634 2126 4665; x_wconf 91' lang='lat'>,</span> <span class='ocrx_word' id='word_1_240' title='bbox 2160 4592 2466 4653; x_wconf 84' lang='lat' dir='ltr'>volentibus</span> <span class='ocrx_word' id='word_1_241' title='bbox 2503 4593 2590 4653; x_wconf 86' lang='lat' dir='ltr'>vel</span> <span class='ocrx_word' id='word_1_242' title='bbox 2626 4594 2805 4653; x_wconf 80' lang='lat' dir='ltr'>invitis</span> <span class='ocrx_word' id='word_1_243' title='bbox 2819 4637 2835 4667; x_wconf 92' lang='lat'>,</span> <span class='ocrx_word' id='word_1_244' title='bbox 2878 4611 2975 4653; x_wconf 82' lang='lat' dir='ltr'>rex</span> <span class='ocrx_word' id='word_1_245' title='bbox 2999 4595 3264 4654; x_wconf 80' lang='lat' dir='ltr'>Henricus</span> <span class='ocrx_word' id='word_1_246' title='bbox 3294 4602 3485 4655; x_wconf 87' lang='lat' dir='ltr'>contra</span> 
     </span>
     <span class='ocr_line' id='line_1_31' title="bbox 692 4685 1695 4764; baseline 0.006 -25"><span class='ocrx_word' id='word_1_247' title='bbox 692 4685 877 4749; x_wconf 71' lang='lat' dir='ltr'>patrem</span> <span class='ocrx_word' id='word_1_248' title='bbox 897 4699 1059 4742; x_wconf 89' lang='lat' dir='ltr'>suum</span> <span class='ocrx_word' id='word_1_249' title='bbox 1081 4685 1297 4760; x_wconf 87' lang='lat' dir='ltr'>exigere</span> <span class='ocrx_word' id='word_1_250' title='bbox 1318 4688 1695 4764; x_wconf 87' lang='lat' dir='ltr'>praesumpsit.</span> 
     </span>
    </p>
   </div>
  </div>
 </body>
</html>
