4500 5956
987 602 1107 665 886
1978 595 2407 659 anERlct
2457 594 2802 656 SECUNDI
3423 597 3582 681 [Anu.
3619 601 3791 664 1236.

990 738 1197 809 nibus
1226 756 1367 828 que
1403 733 1836 806 eontinentur
1879 732 1953 803 in
1991 731 2166 827 ipso,
2213 727 2618 802 confirmare
2656 726 2750 801 de
2794 735 3027 800 nostra
3069 729 3288 822 gratia
3323 729 3790 825 dignaremur.

993 860 1203 951 Cujus
1232 867 1424 930 tenor
1467 865 1573 929 est
1604 877 1729 950 per
1757 855 1988 927 omnia
2023 853 2175 926 talis
2208 875 2228 920 ε

1090 980 1449 1080 [Sequitur
1483 978 1574 1053 de
1621 978 1837 1052 verbo
1882 977 1974 1052 ad
2015 978 2308 1051 verbum
2359 974 2792 1071 privilegium
2835 972 3077 1047 datum
3124 973 3313 1070 apud
3360 976 3796 1072 Ratisponam

1001 1108 1090 1178 ⁴5
1123 1103 1443 1177 februarii
1474 1125 1637 1175 ann.
1678 1104 1801 1176 ⁴2⁴
1821 1103 1892 1193 3,
1936 1102 2126 1198 quod
2155 1102 2452 1196 desuper
2487 1099 2967 1190 exhibuimus,
3000 1106 3052 1170 t.
3086 1100 3140 1189 1,
3175 1122 3245 1194 p.
3290 1097 3495 1198 243]

1089 1230 1227 1301 Nos
1273 1227 1482 1321 igitur
1516 1226 1664 1298 suis
1698 1224 2319 1321 supplicationibus
2354 1225 2693 1316 inclinati,
2746 1224 3204 1318 privilegium.
3229 1224 3459 1318 ipsum
3511 1225 3803 1321 presenti

994 1351 1353 1448 privilegio
1406 1351 1610 1423 inseri
1655 1350 2024 1440 jussimuS,
2070 1347 2244 1421 illud
2282 1370 2441 1421 cum
2484 1347 2814 1420 omnibus
2846 1368 2987 1441 que
3020 1349 3454 1421 eontinentur
3488 1349 3559 1420 in
3592 1371 3677 1422 eo
3715 1349 3806 1422 do

994 1485 1224 1548 nostra
1291 1474 1506 1568 gratia
1576 1472 2081 1546 confirmantes.
2166 1473 2546 1544 Statuimus
2622 1471 2856 1564 itaque
2914 1480 2984 1542 et
3042 1471 3376 1566 imperiali
3435 1473 3806 1544 sanctimus

994 1599 1221 1672 edicto
1251 1608 1329 1668 ut
1360 1597 1551 1669 nulla
1581 1618 1899 1691 persona,
1931 1596 2070 1668 alta
2106 1597 2218 1668 vel
2250 1595 2556 1681 humilis,
2596 1594 3057 1666 ecclesiastica
3083 1594 3194 1666 vel
3224 1597 3592 1686 secularis,
3635 1618 3803 1691 pre-

997 1719 1258 1795 dictum
1300 1720 1788 1792 monasterium
1823 1728 2060 1792 eontra
2100 1719 2435 1814 presentis
2474 1717 2818 1813 privilegii
2870 1718 3079 1790 nostri
3128 1719 3374 1792 seriem
3422 1741 3633 1815 super
3675 1720 3807 1792 hiis

997 1855 1250 1918 temere
1291 1842 1652 1915 molestare
1687 1850 2054 1936 presumat.
2102 1839 2309 1925 Quod
2345 1842 2470 1935 qui
2512 1839 3000 1934 presumpserit
3043 1851 3266 1935 preter
3303 1863 3550 1936 penam
3591 1843 3804 1938 privi-

998 1968 1178 2062 legio
1224 1964 1614 2059 supradicto
1645 1966 2060 2060 appositam,
2100 1974 2375 2037 eentum
2405 1965 2616 2036 libras
2651 1965 2802 2035 auri
2829 1964 2986 2059 puri
3014 1975 3414 2060 componat,
3449 1966 3810 2039 medietate

999 2091 1165 2164 fisco
1220 2097 1451 2162 nostro
1471 2142 1492 2179 ,
1551 2088 1816 2183 reliqua
1863 2087 2050 2161 dicto
2108 2088 2524 2162 monasterio
2579 2059 3059 2183 persolvenda.
3113 2089 3202 2161 Ut
3251 2097 3480 2163 autem
3533 2112 3808 2185 presens

997 2224 1227 2287 nostra
1257 2210 1685 2286 confirmatio
1723 2213 1936 2285 robur
1961 2212 2270 2308 optineat
2303 2222 2640 2307 perpetue
2665 2211 3028 2304 firmitatis,
3062 2234 3345 2309 presens
3375 2214 3808 2308 privilegium

997 2337 1146 2411 fieri
1177 2336 1537 2430 jussimus,
1572 2345 1642 2409 et
1676 2337 1904 2430 sigillo
1936 2336 2310 2428 majestatis
2342 2344 2571 2410 nostre
2605 2337 2887 2407 muniri.

1090 2461 1312 2551 Hujus
1356 2461 1454 2531 rei
1497 2470 1699 2532 testes
1736 2470 1898 2532 sunt
1930 2489 1946 2532 :
1982 2462 2100 2533 W.
2160 2482 2288 2532 rex
2324 2461 2630 2552 Boemie,
2672 2461 2755 2532 E.
2805 2461 3379 2554 Papinbergensis
3418 2462 3809 2557 episcopus,

994 2587 1070 2658 C.
1125 2583 1659 2657 constantiensis
1708 2584 1768 2674 (l
1784 2582 1839 2676 ),
1888 2587 1960 2655 S.
2015 2583 2526 2679 Ratisponensis
2580 2583 2981 2678 episcopus,
3028 2582 3401 2676 imperialis
3452 2587 3610 2657 aule
3653 2607 3814 2656 can·

998 2710 1344 2794 cellariae,
1397 2707 1478 2779 O.
1529 2706 1678 2778 dux
1722 2707 2037 2779 Bawarie
2096 2729 2326 2779 comes
2374 2707 2714 2801 palatinus
2760 2708 2970 2798 Beni,
3024 2709 3106 2778 O.
3160 2706 3466 2780 marchio
3514 2707 3818 2782 Brande-

1001 2831 1396 2925 burgensis,
1435 2831 1519 2899 H.
1566 2830 1873 2901 marchio
1919 2830 2008 2903 de
2052 2829 2320 2920 Badeo,
2358 2851 2590 2902 eomes
2637 2832 2721 2904 H.
2775 2829 2865 2902 de
2891 2830 3246 2923 Dilingen‚
3281 2832 3390 2903 Fr.
3433 2830 3523 2903 de
3559 2832 3817 2904 Truen-

1002 2954 1284 3049 dingen,
1319 2953 1395 3025 C.
1431 2953 1757 3047 pincerna
1785 2953 1872 3027 de
1901 2951 2325 3042 Winterstet,
2357 2964 2425 3025 et
2452 2954 2568 3026 alii
2601 2955 3073 3047 quamplures.

1099 3079 1386 3169 Signum
1454 3076 1718 3148 domini
1774 3078 2100 3150 Friderici
2152 3077 2478 3168 secundi,
2535 3076 2658 3148 Dei
2712 3077 2930 3169 gratia
2988 3077 3447 3150 Romanorum
3513 3079 3822 3172 impera-

1007 3200 1169 3271 toris
1239 3199 1723 3286 invictissimi,
1784 3222 2053 3295 semper
2110 3199 2434 3293 augusti,
2484 3201 2859 3272 Jerusalem
2907 3209 2977 3271 et
3022 3201 3252 3272 Sicilie
3298 3201 3504 3294 regis.
3559 3200 3821 3294 (Mono-

995 3322 1357 3418 mamma.)

1105 3448 1250 3540 Ego
1314 3446 1629 3518 Siffridus
1688 3447 2200 3543 Ratisponensis
2273 3448 2637 3541 episcopus
2695 3448 3069 3543 imperialis
3124 3449 3282 3521 aule
3334 3450 3819 3537 cancellarius,

1006 3571 1162 3643 vice
1197 3570 1459 3641 domini
1495 3571 1880 3665 Maguntini
1926 3571 2465 3667 archiepiscopi,
2520 3572 2593 3642 in
2642 3570 3004 3645 Germania
3051 3571 3667 3663 archicancellarii,
3709 3595 3825 3646 re-

1003 3695 1323 3788 cognovi.

1107 3816 1277 3891 Acta
1312 3829 1475 3890 sunt
1498 3819 1628 3893 hec
1659 3839 1842 3891 anno
1870 3817 2216 3891 dominice
2261 3819 2748 3891 incarnationis
2796 3818 3159 3891 millesimo
3200 3818 3666 3893 ducentesimo
3702 3821 3825 3891 tri-

1012 3941 1266 4014 cesimo
1319 3952 1544 4032 sext0,
1586 3964 1823 4015 mense
1863 3944 2081 4035 junii,
2127 3964 2309 4015 none
2356 3941 2786 4031 indictionis,
2841 3942 3220 4037 imperante
3263 3943 3549 4016 domino
3596 3954 3826 4017 nostro

1010 4065 1352 4140 Friderioo
1384 4063 1719 4159 secundo,
1744 4068 1867 4139 Dei
1900 4068 2121 4160 gratia
2151 4067 2610 4140 invictissimo
2639 4068 3097 4140 Romanorum
3123 4068 3531 4163 imperatore
3556 4089 3829 4164 semper

1955 4290 2646 4298 ———----—-—.-—--—---.
2669 4290 2870 4297 -.--..-,--
2885 4290 3062 4297 -—“·>
3077 4290 3206 4296 --.--

1082 4416 1148 4490 (t)
1187 4418 1291 4474 Iste
1317 4433 1444 4475 vero
1480 4418 1625 4475 haud
1657 4423 1979 4491 potestesse
2015 4419 2292 4478 Conradus
2327 4418 2419 4492 qui
2443 4420 2597 4494 juxta
2623 4420 2919 4493 catalogum
2942 4420 3313 4495 episcoporum
3342 4421 3829 4480 constantiensium

1007 4517 1119 4587 jam
1142 4514 1346 4571 obierat
1368 4532 1504 4573 anno
1527 4518 1686 4586 ⁴234,
1713 4516 1809 4573 sed
1833 4518 2011 4591 potius
2034 4533 2314 4575 successor
2340 4519 2456 4590 ejus
2477 4519 2773 4585 Henricus‚·
2803 4534 2962 4590 quem
2983 4518 3037 4573 in
3063 4533 3187 4573 ann.
3207 4520 3346 4574 ⁴235
3376 4522 3442 4573 46
3464 4520 3689 4591 januarii
3708 4519 3830 4576 huic

1010 4611 1333 4685 episcopatui
1375 4611 1669 4685 praefuisse
1704 4614 1959 4671 docemur
2001 4630 2068 4671 ex
2104 4614 2336 4687 quodam
2371 4613 2727 4671 instrumento
2768 4615 2911 4687 apud
2945 4615 3230 4685 NsucAnr,
3269 4614 3398 4672 God.
3441 4614 3667 4688 diplom.
3698 4616 3824 4673 Ale·

1010 4724 1223 4765 mann..
1255 4714 1293 4765 t.
1320 4709 1388 4780 11,
1417 4725 1472 4782 p.
1500 4713 1624 4780 ⁴68,
1653 4722 1715 4766 n⁰
1744 4712 1867 4768 925.
1892 4711 2024 4771 Vide
2051 4712 2210 4770 etiam
2232 4727 2396 4785 supra
2427 4728 2481 4786 p.
2509 4711 2636 4780 757,
2664 4713 2802 4782 788,
2828 4711 2954 4780 794,
2976 4712 3079 4768 828
3104 4717 3158 4768 et
3179 4711 3403 4783 passim.
