4500 5956
765 619 963 679 lunrcr.
997 619 1086 695 6.]
1120 564 1125 569 ⁶
1669 615 2067 677 HISTORIA
2118 614 2704 677 DIPLOMATICA.
3481 618 3593 680 591

864 754 1268 843 Heinricus,
1310 753 1436 825 Dei
1469 753 1688 847 gratia
1716 753 2180 825 Romanorum
2215 774 2346 825 rex
2377 762 2446 825 et
2468 774 2739 849 semper
2768 761 3130 846 augustus.
3164 755 3293 826 Per
3319 775 3600 849 presens

765 879 1101 974 scriptum
1133 886 1373 951 notum
1408 875 1558 952 fieri
1588 877 1913 951 volumus
1935 877 2285 951 universis
2320 877 2592 975 imperii
2626 876 2948 951 fidelibus
2983 887 3124 950 tam
3161 879 3599 973 presentibus

763 1024 976 1095 quam
996 1002 1245 1074 futuris
1266 1000 1460 1096 quod
1484 1021 1637 1093 nos,
1664 1000 1759 1076 ad
1787 1002 2359 1097 supplicationem
2397 1000 2814 1075 venerabilis
2840 1000 3112 1073 abbatis
3137 1000 3210 1072 in
3231 1001 3595 1075 Bebenhu-

765 1146 887 1198 sen
925 1123 1154 1198 tidelis
1183 1124 1437 1217 nostri,
1477 1124 1784 1220 inspecta
1818 1145 2101 1219 quoque
2120 1123 2454 1218 religione
2477 1124 2737 1197 ibidem
2766 1124 3165 1218 degentium
3188 1147 3327 1219 qua
3356 1124 3599 1199 divino

767 1248 982 1319 cultui
1016 1248 1468 1339 famulantur,
1520 1246 1761 1320 divine
1805 1246 2077 1340 pietatis
2111 1246 2369 1319 intuitu
2433 1255 2502 1320 et
2555 1269 2682 1343 pro
2717 1246 3022 1321 remedio
3051 1248 3437 1320 animarum
3489 1249 3600 1321 di-

766 1392 1011 1444 vorum
1038 1380 1493 1466 augustorum
1519 1368 2034 1467 progenitorum
2074 1379 2464 1444 nostrorum
2500 1371 2829 1444 memorie
2869 1370 3238 1445 recolende
3277 1393 3361 1444 ac
3407 1374 3597 1446 inco-

768 1493 1081 1568 lumitate
1104 1501 1344 1568 nostra
1372 1502 1441 1567 et
1465 1493 1687 1567 salute
1730 1492 1963 1567 anime
1993 1501 2248 1583 nostre,
2289 1494 2679 1567 exemimus
2722 1494 2906 1567 bona
2937 1516 3063 1566 sua
3084 1517 3224 1589 que
3245 1505 3599 1569 monaste-

766 1617 942 1689 rium
983 1626 1434 1691 memoratum
1479 1617 1552 1689 in
1606 1616 1969 1711 Esslingen
2017 1617 2205 1708 juste
2260 1625 2446 1690 tenet
2491 1624 2559 1689 et
2593 1616 2900 1712 possidet
2936 1639 3017 1689 ac
3071 1617 3144 1688 in
3174 1627 3380 1692 antea
3404 1621 3597 1711 justo

770 1742 966 1815 titulo
984 1741 1233 1837 poterit
1259 1739 1580 1837 adipisci,
1598 1740 1690 1814 ab
1719 1740 1908 1812 omni
1932 1740 2095 1814 data
2123 1748 2195 1813 et
2216 1740 2610 1831 exactione,
2633 1751 2702 1814 et
2732 1742 2963 1838 ipsum
2997 1742 3324 1814 volumus
3345 1742 3595 1816 amodo

766 1865 839 1937 in
891 1865 1150 1940 eisdem
1211 1864 1413 1939 bonis
1472 1884 1626 1937 esse
1682 1862 1978 1936 liberum
2037 1873 2106 1937 et
2157 1865 2506 1954 immune;
2569 1864 3131 1938 ministerialibus
3193 1873 3262 1938 et
3322 1865 3596 1939 civibus

768 1988 1077 2081 ejusdem
1115 1989 1244 2061 loci
1279 1986 1664 2084 specialiter
1687 1987 2082 2060 inhibentes
2113 1997 2460 2082 quatenus
2507 1990 2742 2062 nullus
2786 1987 2959 2063 illud
2999 1999 3234 2063 contra
3265 1992 3601 2086 presentis

769 2112 1222 2208 exemptionis
1244 2122 1314 2184 et
1342 2111 1804 2186 immunitatis
1827 2119 2058 2185 nostre
2077 2111 2402 2207 paginam
2437 2113 2797 2187 molestare
2825 2122 3200 2209 presumat.
3239 2114 3446 2199 Quod
3477 2116 3598 2210 qui

769 2237 1258 2334 presumpserit
1293 2245 1621 2332 tanquam
1663 2235 1972 2310 mandati
2008 2236 2225 2309 nostri
2263 2246 2832 2333 transgressorem
2859 2259 2935 2311 se
2975 2239 3243 2311 noverit
3270 2238 3601 2333 indigna-

769 2362 933 2435 tioni
968 2360 1183 2434 nostri
1215 2361 1536 2435 culminis
1562 2360 1946 2454 subjacere.
1988 2360 2074 2434 Ut
2104 2369 2339 2435 autem
2367 2361 2498 2434 hec
2531 2371 2763 2434 nostra
2798 2362 3151 2457 exemptio
3182 2361 3379 2435 firma
3419 2385 3601 2436 sem·

771 2506 890 2580 per
916 2494 985 2557 et
1019 2485 1432 2558 inconcussa
1466 2494 1889 2580 permaneat,
1924 2504 2215 2579 presens
2242 2485 2574 2581 scriptum
2601 2485 2748 2558 fieri
2785 2485 3075 2558 fecimus
3101 2486 3329 2579 sigillo
3355 2489 3601 2580 majes-

773 2609 922 2683 tatis
956 2618 1185 2682 nostre
1217 2608 1590 2681 munitum.

862 2734 1087 2825 Hujus
1146 2733 1248 2805 rei
1315 2740 1523 2805 testes
1567 2743 1731 2805 sunt
1783 2759 1800 2803 ε
1867 2734 1952 2805 Η.
2012 2732 2322 2806 marchio
2375 2732 2466 2805 de
2524 2731 2791 2823 Baden,
2855 2785 2872 2802 .
2936 2784 2955 2803 .
3014 2786 3031 2803 .
3083 2732 3303 2805 abbas
3367 2734 3598 2805 Sancti

773 2852 961 2949 Galli,
1006 2909 1026 2928 .
1090 2909 1109 2928 .
1172 2908 1190 2927 .
1248 2854 1516 2951 dapifer
1544 2855 1635 2929 de
1659 2857 2019 2952 Walpurc,
2058 2911 2078 2930 .
2144 2911 2161 2927 .
2227 2909 2245 2927 .
2303 2857 2635 2952 pincerna
2666 2855 2755 2927 de
2779 2855 3302 2949 Winterstettin,
3334 2856 3600 2930 Ulricus

772 2980 1189 3053 Wernherus
1220 2980 1529 3054 notarius
1557 2978 1686 3076 (a).

858 3102 1032 3176 Acta
1064 3113 1228 3175 sunt
1268 3103 1399 3177 hec
1433 3124 1617 3176 anno
1651 3102 2001 3177 dominice
2040 3103 2533 3177 incarnationis
2559 3103 2919 3177 millesimo
2956 3104 3428 3180 ducentesimo
3480 3108 3603 3179 tri-

775 3227 1030 3319 gesimo
1058 3225 1258 3299 tertio
1288 3225 1433 3321 (sic)
1447 3280 1468 3319 ,
1510 3235 1756 3322 quarto
1782 3226 2114 3300 kalendas
2148 3228 2572 3301 novembris.

861 3351 1113 3423 Datum
1149 3349 1341 3444 apud
1372 3352 1772 3446 Esslingen,
1827 3351 2203 3444 indictione
2249 3360 2474 3424 sexta.

2144 3641 2504 3650 m-

876 3881 1276 3984 HenricuS,
1318 3880 1840 3962 Romanorum
1893 3903 2065 3984 rex,
2115 3876 2518 3959 confirmat
2560 3876 3047 3959 donationem
3090 3875 3352 3955 domui
3397 3873 3598 3956 hos-

761 4011 1021 4117 pitalis
1060 4011 1318 4093 Sancti
1357 4010 1679 4120 Spiritus
1716 4008 1797 4089 in
1837 4007 2369 4117 Stephansfeld
2406 4034 2453 4089 a
2479 4008 2750 4089 comite
2779 4006 3167 4116 Sigeberto
3194 4006 3290 4087 de
3315 4005 3602 4089 Werda

765 4155 843 4227 et
878 4146 973 4228 ab
1010 4145 1337 4227 Henrico
1382 4154 1457 4226 et
1499 4142 1964 4226 Theoderico
2009 4141 2414 4226 comitibus
2468 4141 2633 4250 ejus
2677 4139 2854 4221 filiis
2911 4140 3191 4222 factam
3245 4142 3340 4222 de
3388 4151 3603 4250 parte

775 4278 1101 4362 nemoris
1165 4276 1372 4386 apud
1425 4276 1744 4362 Brumat
1795 4285 1871 4358 et
1924 4276 2021 4357 de
2083 4274 2425 4385 quodam
2478 4273 2916 4357 molendino
2986 4299 3162 4355 cum
3227 4299 3602 4382 aquarum

782 4407 1246 4493 decursibus

863 4594 939 4676 (a)
978 4597 1153 4657 Anno
1207 4603 1407 4658 tamen
1466 4603 1614 4658 ‘1231
1672 4571 2077 4658 memorantur
2121 4596 2361 4657 insimul
2391 4575 2638 4658 'Ulricus
2672 4602 2728 4656 et
2786 4592 3130 4656 wernherus
3171 4595 3412 4655 notarii.
3458 4593 3595 4658 vid.

797 4713 982 4783 supra,
1011 4720 1074 4782 p.
1108 4712 1247 4764 556.

3773 3863 3804 3906 A
3811 3867 3900 3920 pud

3689 3920 3968 3974 Bagesum,

3670 3978 3723 4020 1³
3740 3975 4006 4019 novembris.
