4500 5956
1589 598 1843 658 INDEX
1893 599 2585 662 DOCUMENTORUM.
3374 605 3497 667 979

697 800 911 874 1236

1514 922 1929 983 satisfactionis
1944 932 2369 1000 praesentasset
2384 971 2402 999 ,
2427 929 2622 1003 ipsum
2636 931 3093 987 instrumentum
3110 928 3400 989 Airammi
3422 939 3491 991 12

1519 1021 1714 1078 martii
1732 1020 1937 1080 datum
1965 1021 2040 1082 de
2065 1022 2245 1083 verbo
2271 1024 2349 1084 ad
2374 1025 2621 1084 verbum
2651 1026 2859 1084 inserit
2884 1031 2944 1084 et
2961 1024 3294 1085 confirmat.
3379 1035 3493 1085 837

715 1121 888 1180 maio.
1009 1112 1187 1189 Apud
1212 1114 1386 1175 Wet-
1445 1145 1516 1157 —
1557 1115 1795 1176 Civibus
1822 1117 1897 1177 de
1933 1117 2299 1194 oppenheim
2325 1120 2624 1179 nundinas
2649 1136 2873 1180 annuas
2897 1118 2974 1179 ab
3000 1126 3214 1180 octava
3236 1121 3499 1182 Paschae

1014 1193 1356 1270 Phfllffl‘iflm·
1516 1210 1722 1271 diebus
1755 1214 2197 1288 quatuordecim
2224 1215 2560 1275 solemniter
2584 1216 2942 1277 exercendas
2983 1216 3281 1288 concedit,
3310 1223 3368 1277 et
3393 1233 3494 1277 ac-

1515 1307 1788 1368 cedentes
1827 1310 1903 1368 ad
1928 1310 2161 1370 easdem
2189 1311 2301 1371 sub
2344 1314 2698 1387 protectione
2719 1329 2826 1372 sua
2850 1313 3082 1389 recipit.
3378 1323 3494 1375 840

714 1412 883 1469 maio.
985 1404 1405 1468 Confluentiae.
1437 1433 1522 1449 —
1560 1404 1936 1481 Privilegium
1977 1423 2014 1465 a
2056 1422 2119 1465 se
2159 1409 2288 1482 ipso
2313 1413 2571 1482 tempore
2597 1409 2761 1484 regni
2788 1410 2880 1467 sui
2907 1407 3134 1467 civibus
3175 1407 3495 1469 Colonien-

1518 1497 1681 1558 sibus
1724 1500 2020 1558 indultum
2067 1502 2315 1559 innovat
2353 1506 2413 1558 et
2450 1500 2793 1572 confirmat,
2833 1497 3230 1578 conceditque
3266 1509 3337 1562 ut
3385 1520 3496 1564 nee

1516 1592 1740 1653 scabini
1767 1610 1876 1654 nec
1913 1597 2076 1654 cives
2111 1594 2189 1655 ob
2235 1593 2434 1654 debita
2478 1611 2583 1654 seu
2626 1598 3038 1670 promissiones
3071 1601 3494 1677 cujuscumque

1515 1689 1936 1767 archiepiscopi
1963 1691 2323 1751 Coloniensis
2347 1698 2452 1751 aut
2490 1691 2728 1752 alterius
2755 1709 3069 1768 personae,
3090 1694 3455 1757 damnificari
3473 1742 3492 1771 ,

1513 1787 1759 1846 detineri
1786 1794 1889 1848 aut
1913 1791 2130 1865 injuste
2155 1790 2385 1865 gravari
2412 1789 2678 1849 debeant.
3376 1803 3490 1854 843

711 1895 888 1953 maio.
1007 1889 1180 1965 Apud
1210 1890 1367 1951 Con-
1435 1914 1514 1928 —-
1554 1884 1651 1944 Ad
1678 1887 2015 1961 petitionem
2045 1887 2264 1945 civium
2299 1886 2780 1945 Tremonensium
2798 1930 2817 1957 ,
2846 1887 3215 1964 privilegium
3240 1906 3277 1949 a
3303 1893 3495 1967 seipso

1022 1969 1349 2032 fluentiam·
1513 1998 1670 2042 anno
1702 1990 1854 2043 1220
1880 1983 2101 2043 eisdem
2126 1984 2427 2043 indultum
2455 1990 2515 2043 et
2540 1990 2742 2059 postea
2765 1985 3036 2045 incendio
3057 1995 3495 2064 consumptum,

1512 2083 1890 2156 inquisitione
1916 2082 2077 2155 prius
2117 2080 2192 2141 de
2230 2080 2350 2141 fide
2388 2082 2725 2156 transcripti
2760 2080 2944 2153 facta,
2976 2090 3220 2143 renovat
3247 2091 3307 2144 et
3333 2087 3495 2146 inse-

1514 2178 1697 2237 rendo
1738 2177 2065 2238 confirmat.
3378 2191 3492 2244 845

712 2281 890 2356 [maio
989 2316 1400 2337 .......
1431 2306 1513 2320 —-
1551 2274 1852 2335 Fidelibus
1894 2277 2021 2335 suis
2058 2274 2416 2351 encyclicam
2453 2276 2637 2334 mittit
2661 2291 2781 2351 qua
2807 2281 2968 2335 statu
2995 2275 3236 2351 pacifico
3262 2279 3497 2354 imperii

661 2361 937 2439 ineunte]
1512 2378 1573 2431 et
1604 2371 1918 2431 rebellione
1960 2371 2426 2431 Lombardorum
2452 2370 2641 2431 fusius
2674 2374 2956 2448 expositis
2977 2415 2995 2443 ,
3025 2373 3270 2434 mandat
3304 2383 3375 2436 ut
3417 2378 3498 2438 ad

1512 2470 1734 2528 curiam
1769 2484 1951 2544 quam
1974 2468 2134 2543 apud
2166 2468 2524 2529 Placentiam
2550 2469 2727 2528 duxit
2749 2468 3126 2530 indicendam
3151 2487 3214 2531 se
3238 2488 3496 2549 praepa-

1513 2573 1647 2626 rent
1666 2610 1684 2644 ,
1712 2566 1816 2625 ubi
1843 2565 2271 2626 ambassatores
2309 2567 2488 2625 etiam
2521 2565 2825 2626 rebellium
2853 2567 3161 2627 civitatum
3186 2574 3498 2630 convocari

1509 2663 1780 2723 debeant.
2528 2702 2532 2706 -
3375 2674 3488 2726 847

683 2763 911 2839 [maio.]
979 2800 1396 2820 .......
1430 2794 1510 2806 -
1549 2763 1698 2839 Regi
1732 2761 2043 2821 Bohemiae
2069 2766 2129 2819 et
2154 2760 2286 2820 aliis
2324 2758 2683 2835 principibus
2728 2759 2853 2818 suis
2894 2762 3087 2820 varios
3130 2766 3191 2820 et
3232 2778 3496 2824 enormes

1509 2874 1784 2918 excessus
1810 2873 1846 2917 a
1872 2857 2023 2917 duee
2048 2857 2323 2917 Austriae
2347 2862 2471 2915 tam
2496 2858 2651 2914 circa
2678 2857 2985 2932 imperium
3013 2872 3197 2933 quam
3221 2860 3284 2917 in
3310 2860 3495 2935 ipsius

1506 2958 1665 3015 terra
1696 2959 2058 3031 perpetratos
2085 2952 2274 3014 fusius
2295 2957 2554 3025 enarrat,
2583 2956 2901 3029 monetque
2926 2958 2996 3012 ut
3022 2955 3083 3012 in
3108 2957 3237 3030 ejus
3262 2971 3492 3018 correc-

1506 3053 1728 3112 tionem
1754 3057 1814 3110 et
1839 3051 2254 3110 exterminium
2278 3051 2609 3126 insurgant.
3377 3063 3491 3114 852

706 3153 880 3211 maio.
989 3146 1374 3224 Boppardiae.
1429 3180 1508 3194 —-
1547 3149 1886 3208 Hermanno
1914 3149 2194 3224 magistro
2221 3146 2431 3205 domus
2454 3146 2952 3207 Theutonicorum
2986 3147 3234 3208 Sanctae
3272 3149 3494 3210 Mariae

1508 3251 1568 3304 et
1592 3243 1872 3304 fratribus
1899 3247 2029 3320 ejus
2055 3241 2367 3302 confirmat
2392 3242 2761 3302 collationem
2788 3243 3096 3320 cujusdam
3121 3244 3334 3305 domus
3358 3262 3494 3306 cum

1508 3348 1673 3401 curte
1698 3341 1857 3417 apud
1883 3340 2236 3416 Bopardiam
2287 3356 2324 3399 a
2367 3340 2652 3418 Lutgardi
2679 3339 2755 3399 de
2779 3341 3340 3402 Waltmanshausen
3367 3344 3495 3404 eis-

1509 3439 1643 3498 dem
1667 3438 1908 3498 sactam.
2015 3427 2016 3432 ’
3373 3449 3487 3501 858

669 3544 733 3595 18
774 3540 927 3599 maii.
986 3533 1373 3596 Wiesbeden.
1431 3566 1504 3580 —
1548 3535 1767 3596 Scribit
1804 3536 1840 3594 J
1843 3535 2065 3594 ohanni
2106 3534 2416 3595 Leodiensi
2461 3536 2732 3610 episcopo
2772 3550 2836 3594 se
2880 3534 2959 3603 ad
3004 3535 3492 3611 supplicationem

1507 3633 1713 3692 decani
1743 3638 1804 3692 et
1838 3632 2081 3708 capituli
2122 3631 2325 3692 Sancti
2347 3631 2598 3690 Servatii
2623 3630 2699 3690 de
2739 3630 3034 3708 Trajecto,
3064 3631 3249 3707 ipsius
3289 3634 3492 3707 provi-

1506 3731 1658 3789 sioni
1684 3735 1745 3788 et
1771 3727 2095 3787 defensioni
2121 3727 2388 3787 eamdem
2413 3727 2699 3802 capellam
2725 3728 2789 3785 in
2829 3726 3229 3801 spiritualibus
3256 3734 3316 3787 et
3341 3734 3491 3788 tem-

1506 3827 1805 3903 poralibus
1832 3826 2196 3885 committere
2238 3829 2308 3883 ut
2344 3824 2499 3882 hanc
2535 3822 2612 3882 ab
2636 3823 3072 3882 incursionibus
3096 3824 3490 3902 malignorum

1743 3966 1761 3984 .
3369 3931 3485 3981 859

704 4017 873 4074 mulo·
983 4021 1365 4085 Wiesbaden.
1425 3930 1840 4081 —mAegbzltem
1868 4026 1926 4079 et
1952 4025 2311 4079 conventum
2338 4018 2413 4077 de
2439 4013 2824 4075 Heisterbach
2851 4013 3248 4075 cisterciensis
3265 4017 3489 4078 ordinis

1503 4118 1615 4178 sub
1643 4134 1750 4178 sua
1777 4124 1838 4177 et
1863 4118 2090 4193 imperii
2116 4115 2354 4192 speciali
2378 4113 2739 4191 protectione
2762 4113 2987 4188 recipit.
3371 4124 3485 4176 860

701 4211 877 4270 maio.
1081 4215 1260 4291 Apud
1426 4246 1503 4261 —-
1540 4215 1887 4292 Magistram
1920 4220 1980 4272 et
2003 4217 2361 4272 conventum
2399 4210 2736 4269 monasterii
2776 4206 3097 4268 Fussenich
3123 4210 3322 4285 (juxta
3346 4212 3488 4271 Zul-

962 4293 1390 4356 Frankenford·
1504 4312 1670 4388 pich)
1698 4327 1836 4370 cum
1870 4310 2143 4370 omnibus
2179 4324 2383 4369 earum
2409 4305 2581 4366 bonis
2608 4305 2721 4366 sub
2756 4321 2865 4366 sua
2902 4310 2962 4363 et
3004 4307 3235 4382 imperii
3259 4314 3488 4382 protec-

697 4502 870 4561 maio.
1091 4501 1270 4578 Apud
1422 4409 1661 4563 -ᾒὲιιῖξ
1685 4408 1952 4581 ἑξεῖῖεζῒ
1976 4500 2204 4560 devotis
2230 4501 2453 4559 civium
2481 4498 3018 4559 wormaciensium
3048 4499 3333 4572 servitiis,
3364 4411 3490 4577 3513-

979 4581 1366 4659 Herbiiffllim·
1503 4601 1786 4678 vilegium
1817 4599 2036 4658 eisdem
2081 4614 2118 4657 a
2160 4613 2225 4656 se
2262 4603 2524 4673 tempore
2565 4596 2734 4673 regni
2762 4596 2855 4656 sui
2880 4594 3176 4655 indultum
3202 4598 3407 4657 inserit
3431 4607 3491 4659 et

1504 4695 1843 4756 renovando
1875 4694 2203 4755 confirmat.
3369 4703 3483 4755 862
