4500 5956
666 614 861 675 lamet.
897 607 982 692 9.]
1561 604 1952 665 HISTORIA
2003 600 2587 664 DIPLOMATICA.
3361 597 3490 659 885*

666 745 867 819 sidua
903 745 1147 817 decem
1182 740 1397 812 millia
1431 761 1813 812 marcarum
1850 739 1943 813 ad
1978 739 2411 831 subsequens
2447 738 2693 809 festum
2728 736 2945 807 sancti
2977 734 3343 807 Michaelis,
3386 736 3475 807 Et

665 891 823 941 cum
860 869 950 941 de
987 864 1387 961 quindecim
1426 863 1728 934 millibus
1771 861 2020 934 marcis
2065 861 2266 933 vobis
2312 862 2456 950 jam
2491 861 2733 931 solutis
2770 859 3028 931 litteras
3068 857 3476 930 excellentie

662 1002 890 1065 vestre
925 988 1236 1064 nondum
1265 987 1723 1081 receperimus
1753 983 1843 1057 de
1877 984 2168 1078 pecunie
2199 984 2504 1078 predicte
2535 982 2937 1077 quietantia,
2979 982 3245 1075 placeat
3280 980 3480 1051 vobis

665 1137 782 1188 eas
845 1115 1045 1186 nobis
1095 1111 1581 1199 transmittere,
1632 1108 2085 1204 precipientes
2145 1108 2425 1201 insuper
2480 1116 2560 1178 ut
2612 1107 3001 1179 consimiles
3049 1105 3248 1176 nobis
3313 1102 3477 1176 fiant

666 1238 973 1309 terminis
1007 1237 1295 1325 futuris,
1336 1235 1487 1305 sine
1522 1234 1775 1326 quibus
1802 1253 1938 1304 non
1976 1232 2321 1305 mediocre
2349 1231 2728 1326 periculum
2766 1230 2965 1302 nobis
3003 1240 3225 1322 posset
3253 1228 3477 1299 immi-

668 1381 853 1434 nere.
889 1361 1126 1444 Cetera
1151 1357 1436 1451 quidem
1466 1356 1558 1428 de
1596 1356 1872 1448 negotio
1905 1362 2136 1426 nostro
2173 1354 2532 1426 dominum
2579 1375 2809 1446 regem
2839 1352 3118 1425 Francie
3152 1362 3474 1442 tangente

542 1469 555 1512 ³*
669 1484 1032 1578 posuimus
1074 1481 1147 1551 in
1192 1501 1310 1553 ore
1349 1478 1811 1573 predictorum
1872 1478 2277 1550 nunciorum
2334 1486 2718 1548 nostrorum
2764 1475 2964 1546 vobis
3008 1473 3465 1570 explicanda3

668 1608 927 1701 quibus
953 1605 1308 1677 intellectis
1327 1603 1683 1675 consilium
1708 1603 1914 1696 quale
1931 1602 2128 1674 decet
2154 1598 2733 1694 magnificentiam
2755 1599 3174 1693 imperialem
3194 1607 3263 1670 et
3288 1597 3477 1669 unde

667 1729 1134 1803 vobishonor
1178 1738 1551 1822 perpetuus
1589 1735 1931 1799 accrescat
1962 1736 2032 1797 et
2062 1735 2294 1797 nostra
2333 1735 2632 1818 potestas
2681 1732 3042 1816 augeatur,
3078 1721 3302 1794 eidem
3353 1742 3474 1793 ne·

669 1855 853 1946 gotio
886 1854 944 1925 si
987 1853 1207 1946 placet
1239 1859 1548 1946 potenter
1585 1851 1915 1923 adhibere
1951 1850 2200 1921 velitis.
2235 1850 2506 1921 Placeat
2548 1848 2882 1938 majestati
2921 1856 3149 1919 vestre
3192 1866 3315 1940 per
3360 1866 3478 1917 eos

670 1977 949 2049 nuntios
983 1986 1244 2048 nostros
1271 1975 1470 2046 nobis
1505 1974 1944 2046 renuncietis.

767 2101 964 2172 Teste
994 2119 1158 2191 rege
1191 2097 1381 2192 apud
1414 2098 1824 2186 Bristollam,
1867 2067 2059 2166 XXX
2088 2095 2204 2167 die
2230 2094 2438 2185 Junii,
2480 2090 2688 2189 [anno
2726 2090 3106 2188 vicesimo].

777 2685 832 2765 F
836 2685 1200 2768 ridericus
1227 2746 1250 2790 ,
1327 2685 1841 2767 Romanorum
1927 2684 2370 2791 imperator,
2456 2683 2933 2791 privilegium
3022 2684 3479 2764 monasterio

667 2814 1338 2926 Berchtesgadensi
1390 2827 1728 2922 tempore
1773 2816 1986 2924 regni
2027 2816 2144 2896 sui
2191 2840 2392 2896 anno
2437 2817 2680 2919 1213,
2736 2818 2833 2893 15
2871 2813 3279 2920 februarii,
3318 2841 3364 2895 a
3401 2840 3482 2896 se

671 2948 1083 3051 indultum,
1127 2948 1389 3030 inserit
1424 2959 1498 3030 et
1541 2948 1976 3031 renovando
2012 2946 2435 3030 confirmat.

830 3172 1134 3254 (EdItum,
1186 3178 1404 3236 inserto
1454 3177 1580 3251 ipso
1625 3177 1939 3251 diplomate
1992 3179 2199 3252 priori,
2243 3180 2304 3236 in
2352 3177 2536 3236 Hom>
2556 3219 2573 3248 ,
2612 3176 2855 3255 Meti-op.
2899 3173 3134 3246 salisb„
3184 3182 3329 3237 tom.
3376 3178 3473 3250 11,

908 3297 969 3357 p.
1013 3289 1147 3351 182,
1176 3286 1236 3340 et
1269 3297 1362 3355 ap.
1391 3280 1652 3341 Monam.
1684 3281 1869 3355 Boia,
1898 3282 2175 3354 t.-xxx,
2207 3300 2268 3360 p.
2304 3292 2603 3355 246-248,
2643 3299 2811 3343 num.
2842 3283 3153 3354 DCCXLI,
3186 3300 3262 3343 ex
3289 3287 3481 3362 origi-

909 3387 1031 3446 nali
1056 3387 1216 3446 unde
1241 3387 1498 3464 sigillum
1523 3388 1695 3448 valde
1721 3391 1943 3449 laesum
1975 3390 2266 3465 appendet
2298 3407 2375 3449 ex
2405 3389 2522 3451 filis
2546 3393 2745 3450 sericis
2780 3390 2944 3450 rubri
2970 3390 3220 3469 coloris.)

668 3603 672 3607 ’
767 3584 844 3653 1n
889 3582 1167 3654 nomine
1204 3590 1438 3653 sancte
1472 3590 1542 3653 et
1578 3582 1944 3654 individue
1983 3584 2360 3655 Trinitatis.
2406 3583 2792 3655 Fridericus
2827 3584 3204 3673 secunduS,
3245 3586 3481 3658 divina

672 3709 946 3780 favente
1004 3706 1360 3793 clementia
1421 3708 1880 3778 Romanorum
1936 3708 2301 3801 imperator
2361 3730 2631 3802 semper
2686 3720 3054 3802 augustuS‚
3107 3712 3480 3782 Jerusalem

670 3843 738 3904 et
785 3832 1015 3904 Sicilie
1063 3853 1214 3904 rex.
1258 3832 1635 3925 Imperialis
1683 3832 2088 3905 excellentia
2144 3842 2309 3904 tunc
2364 3834 2686 3926 precipue
2727 3835 2835 3904 sui
2893 3835 3188 3905 nominis
3246 3835 3477 3906 titulos

672 3955 987 4049 ampliat,
1025 3977 1185 4026 cum
1218 3955 1456 4026 divine
1491 3955 1763 4049 pietatis
1811 3956 2063 4027 intuitu
2108 3978 2230 4050 per
2281 3976 2490 4048 quam
2544 3965 2769 4050 preest
2817 3957 3244 4050 principibus
3296 3957 3484 4029 orbis

673 4088 874 4169 terre,
907 4081 1055 4152 loca
1086 4080 1505 4152 venerabilia
1533 4081 1646 4174 pia
1674 4080 1921 4151 mentis
1955 4079 2314 4152 affectione
2350 4089 2602 4169 tuetur,
2646 4090 2715 4153 et
2749 4082 2971 4172 justas
3006 4102 3243 4152 eorum
3291 4083 3486 4153 favo-

671 4202 975 4275 rabiliter
1029 4203 1388 4297 petitiones
1441 4202 1760 4274 admittit.
1820 4203 2194 4298 Eapropter
2242 4203 2588 4274 universis
2640 4204 2910 4297 imperii
2967 4202 3289 4276 fidelibus
3344 4215 3481 4277 tam

673 4327 1105 4420 presentibus
1152 4349 1361 4420 quam
1412 4327 1658 4399 futuris
1707 4328 2030 4399 volumus
2084 4348 2236 4400 esse
2296 4336 2535 4400 notum
2592 4328 2781 4420 quod
2825 4382 2841 4399 .
2873 4383 2888 4397 .
2919 4382 2935 4398 .
2982 4328 3367 4422 prepositus
3418 4342 3487 4400 et

673 4462 1057 4525 conventus
1120 4453 1509 4525 monasterii
1576 4452 2364 4547 Berhtersgademensis,
2430 4452 2667 4526 fideles
2736 4454 2987 4542 nostri,
3054 4453 3487 4549 privilegium

673 4577 1024 4671 quoddam
1073 4578 1298 4650 eidem
1341 4578 1751 4651 monasterio
1789 4600 1831 4650 a
1873 4578 2071 4651 nobis
2110 4577 2453 4651 indultum
2490 4580 2653 4651 olim
2691 4589 2993 4674 tempore
3036 4580 3231 4672 regni
3276 4579 3487 4650 nostri

675 4711 905 4774 nostre
941 4701 1332 4774 celsitudini
1366 4710 1872 4797 presentarunt,
1922 4702 2273 4776 humiliter
2317 4704 2780 4799 supplicantes
2811 4711 2889 4776 ut
2924 4702 3098 4776 illud
3132 4725 3292 4775 cum
3340 4723 3486 4775 om·
