4500 5956
1064 633 1186 693 973
1987 636 2239 696 INDEX
2289 637 2985 700 DOCUMENTORUM.

1093 836 1315 912 1256

1082 967 1317 1023 martio.
1505 962 1682 1040 Apud
1837 994 1917 1008 —
1954 962 2424 1027 Controversiam
2449 970 2602 1029 inter
2645 985 2709 1029 se
2750 974 2811 1029 et
2848 969 3230 1030 Bertholdum
3255 970 3744 1049 Argentinensem
3768 974 3895 1050 epi-

1384 1040 1789 1121 Arssfflfinm·
1911 1077 2157 1138 scopum
2184 1063 2290 1123 diu
2314 1067 2596 1141 agitatam
2637 1082 2742 1141 per
2779 1069 3260 1143 compositionem
3297 1071 3598 1142 terminat,
3627 1087 3747 1147 qua
3770 1073 3896 1147 ipse

1909 1157 1986 1218 ab
2011 1159 2285 1236 episcopo
2311 1162 2373 1219 in
2399 1160 2646 1221 feudum
2674 1164 2880 1239 recipit
2902 1165 3198 1224 civitatem
3224 1164 3578 1225 Mulhausen
3600 1182 3736 1226 cum
3763 1166 3895 1228 aliis

1906 1258 2367 1333 possessionibus
2392 1265 2452 1318 et
2478 1260 2737 1320 vicissim
2763 1260 2957 1319 eidem
2980 1263 3249 1338 episcopo
3276 1264 3576 1323 renuntiat
3599 1265 3664 1322 ln
3689 1266 3896 1324 castris

1906 1359 1968 1412 et
1992 1355 2451 1430 possessionibus
2471 1355 2691 1415 ibidem
2717 1357 3030 1431 expressis.
3776 1368 3891 1420 814

1073 1456 1306 1514 martio.
1417 1446 1598 1524 Apud
1626 1447 1743 1509 Co-
1825 1479 1908 1496 -
1946 1449 2118 1510 Cives
2150 1451 2610 1528 Argentinenses
2635 1469 2745 1528 pro
2771 1452 2999 1513 devotis
3020 1469 3222 1513 eorum
3249 1456 3507 1515 servitiis
3532 1457 3597 1515 in
3622 1473 3733 1517 sua
3757 1472 3890 1533 spe-

1389 1527 1761 1588 lumbffl'lflm·
1904 1549 2038 1607 ciali
2074 1547 2410 1608 defensione
2440 1552 2680 1625 recipit,
2706 1566 2909 1610 eorum
2932 1552 3313 1626 proprietates
3340 1550 3417 1610 ab
3443 1553 3605 1610 omni
3630 1554 3892 1628 precaria

1904 1646 2134 1717 eximit,
2158 1649 2263 1722 jus
2289 1663 2409 1723 quo
2434 1653 2604 1707 extra
2629 1649 2931 1707 civitatem
2960 1649 3024 1706 in
3042 1647 3287 1724 judiciis
3311 1648 3467 1708 trabi
3491 1665 3611 1708 non
3637 1648 3891 1710 debeant

1901 1740 2240 1815 confirmat,
2270 1746 2469 1820 eisque
2495 1744 2610 1804 alia
2634 1745 2942 1821 privilegia
2964 1746 3318 1821 impertitur.
3771 1752 3887 1804 818

1821 1868 1903 1882 —-
1942 1837 2177 1898 Civium
2229 1842 2749 1917 Argentinensium
2811 1842 3188 1901 mercimonia
3239 1857 3344 1917 per
3400 1842 3715 1917 imperium
3769 1840 3887 1901 de·-

1903 1933 2167 1993 vehenda
2191 1935 2254 1993 in
2285 1949 2456 1994 suam
2484 1940 2545 1994 et
2568 1935 2799 2011 imperii
2819 1934 3131 2010 specialem
3155 1935 3401 1994 tutelam
3428 1936 3694 2010 suscipit.
3768 1943 3877 1994 821

1819 2060 1900 2072 -
1939 2029 2032 2088 Ad
2075 2031 2559 2106 supplicationem
2602 2031 2762 2090 Petri
2803 2029 3274 2108 Raceburgensis
3311 2032 3606 2109 episcopi,
3641 2033 3748 2107 qni
3788 2034 3885 2090 in-

1897 2127 2244 2185 vestituram
2274 2127 2683 2202 temporalium
2709 2125 3001 2186 bonorum
3034 2127 3217 2203 hujus
3250 2127 3529 2186 ecclesiae
3572 2142 3611 2185 a
3649 2142 3714 2186 se
3751 2143 3885 2187 sus-

1072 1851 1104 1900 7
1135 1845 1310 1899 mart.
1485 1836 1664 1912 Apud

1393 1916 1754 1995 Hagenowe.

1069 2038 1303 2094 martio.
1485 2028 1662 2106 Apud

1392 2110 1752 2187 Hagenowe.

1897 2226 2084 2301 cepit,
2114 2240 2275 2296 eum,
2306 2239 2671 2284 successores
2697 2227 2857 2301 ejus,
2894 2225 3219 2301 capitulum
3237 2266 3257 2295 ,
3285 2224 3798 2301 possessionesque
3821 2230 3885 2284 et

1887 2323 2029 2397 jura
2054 2320 2332 2381 ecclesiae
2359 2320 2470 2380 sub
2498 2323 2859 2396 protectione
2899 2337 3011 2381 sua
3049 2326 3112 2380 et
3148 2322 3375 2397 imperii
3413 2323 3650 2397 recipit,
3690 2321 3879 2382 eidem

1894 2417 2170 2477 ecelesiae
2194 2417 2353 2477 bona
2377 2419 2575 2477 omnia
2599 2415 2980 2477 confirmans.
3592 2425 3732 2489 821,
3765 2426 3879 2477 822

1813 2545 1893 2559 -·
1933 2513 2298 2573 Sententiam
2326 2512 2548 2572 Alberti
2566 2512 2642 2572 de
2659 2513 3001 2591 Rossewag,
3023 2513 3340 2589 imperialis
3366 2512 3565 2572 curiae
3590 2516 3880 2590 suaejus-

1889 2611 2100 2670 ticiarii
2116 2654 2135 2683 ,
2158 2609 2362 2669 datam
2388 2611 2677 2687 Hagenau
2702 2618 2775 2669 2ο
2806 2609 2955 2671 febr.
2992 2617 3144 2670 1236
3172 2609 3512 2683 confirmat,
3543 2627 3664 2688 qua
3689 2612 3753 2671 in
3777 2611 3878 2671 lite

1889 2723 2042 2784 quae
2083 2709 2233 2767 inter
2274 2705 2552 2767 abbatem
2591 2705 2794 2767 Sancti
2823 2706 2980 2767 Galli
3001 2711 3061 2766 et
3085 2708 3363 2767 comitem
3385 2707 3461 2766 de
3484 2706 3879 2786 'roggenburg

1889 2804 2247 2875 vertebatur,
2278 2805 2456 2863 castri
2498 2803 2577 2864 de
2617 2803 2951 2880 Utznaberg
2986 2800 3235 2881 pacifica
3268 2806 3557 2879 possessio
3582 2805 3879 2882 praedicto

1888 2899 2088 2961 abbati
2110 2900 2506 2977 adjudicatur.
3761 2910 3875 2963 824

1810 3031 1890 3045 -
1930 2999 2313 3076 Privilegium
2350 3015 2386 3059 a
2410 3015 2474 3059 se
2498 3000 2627 3074 ipso
2655 2997 2888 3058 civibus
2926 2999 3003 3060 de
3028 2996 3394 3059 Mollesheim
3424 3005 3686 3074 tempore
3710 3002 3876 3077 regni

1888 3099 1981 3157 sui
2009 3113 2167 3157 anno
2192 3104 2342 3156 1220
2361 3095 2659 3156 indultum
2686 3101 2933 3155 renovat
2957 3101 3020 3155 et
3045 3094 3356 3155 inserendo
3382 3093 3711 3156 confirmat.
3757 3104 3869 3156 82¹1

1807 3223 1892 3238 —
1927 3193 2207 3266 Querelas
2241 3209 2429 3269 papae
2467 3191 2772 3270 redarguit
2806 3191 2882 3251 de
2906 3193 3139 3267 injuriis
3164 3206 3318 3268 quae
3342 3193 3405 3250 in
3430 3207 3615 3270 regno
3639 3207 3747 3251 suo
3771 3207 3872 3252 ec-

1886 3288 2079 3349 clesiis
2122 3294 2184 3349 et
2220 3289 2495 3365 praelatis
2539 3288 2736 3349 illatae
2778 3288 3085 3360 dicuntur3
3116 3287 3191 3348 de
3227 3287 3533 3349 Saracenis
3584 3305 3725 3350 vero
3776 3288 3873 3351 Si·-

1888 3384 2055 3445 ciliae
2102 3400 2254 3461 quos
2307 3386 2369 3444 in
2419 3384 2764 3460 capitanata
2814 3383 2955 3444 fecit
3006 3385 3223 3444 morari
3241 3427 3261 3458 ,
3292 3386 3534 3460 exponit
3584 3393 3871 3462 quantum

1883 3482 1948 3542 id
1985 3481 2398 3541 christianitati
2441 3481 2734 3557 proficiat3
2772 3488 2942 3559 rogat
2963 3483 3146 3542 etiam
3171 3497 3246 3540 ne
3278 3488 3483 3542 contra
3508 3483 3871 3544 Veronenses

1885 3579 1992 3654 qui
2025 3594 2064 3637 a
2097 3580 2375 3639 societate
2401 3577 2867 3638 Lombardorum
2912 3579 2976 3638 in
3020 3575 3365 3640 fidelitatem
3405 3580 3637 3656 imperii
3677 3580 3871 3642 redie-

1884 3681 2057 3749 runt,
2086 3676 2756 3735 excommunicationem
2777 3676 3132 3735 immeritam
3151 3673 3325 3753 ferat,
3352 3681 3468 3735 etc.
3753 3684 3867 3736 828

1803 3803 1886 3816 -
1923 3772 2283 3832 Monasterio
2323 3772 2757 3831 Paterniacensi
2795 3767 2818 3849 (
2830 3768 3223 3848 Peterlingen)
3265 3769 3581 3832 confirmat
3623 3773 3867 3848 privile-

1882 3872 2046 3948 gium
2073 3868 2263 3929 eidem
2312 3885 2349 3927 a
2393 3868 2690 3930 Friderico
2733 3870 2924 3944 primo
2967 3884 3081 3929 avo
3125 3883 3234 3927 suo
3283 3877 3308 3927 1
3322 3877 3355 3926 5
3403 3866 3679 3928 februarii
3715 3873 3863 3929 1158

1060 2520 1295 2580 martio.
1477 2514 1654 2592 Apud

1383 2595 1746 2672 Hagenowe.

1075 3007 1268 3083 aprili.
1474 3002 1653 3078 Apud

1382 3082 1741 3159 Hagenowe.

1043 3202 1112 3256 16
1140 3195 1309 3271 april.
1360 3195 1474 3270 Ap.
1503 3194 1757 3271 Spiram.

1068 3776 1258 3854 aprili.
1361 3778 1477 3856 Ap.
1498 3777 1751 3856 Spiram.

1273 4035 1276 4038 ,
1884 3983 2249 4040 concessum,
2267 3981 2388 4042 quo
2398 3969 2536 4043 jura
2551 3971 2610 4024 et
2625 3967 3017 4041 possessiones
3034 3964 3300 4042 ejusdem
3310 3971 3702 4024 recensentur.
3748 3974 3862 4026 882

1076 4071 1264 4147 aprili.
1361 4070 1479 4148 Ap.
1494 4069 1748 4148 Spiram.
1802 4096 1885 4109 -
1921 4064 2018 4126 Ad
2045 4064 2342 4142 querelam
2385 4063 2695 4122 hominum
2737 4060 2812 4121 de
2858 4060 3247 4137 Supramonte
3288 4061 3397 4137 qui
3441 4060 3518 4121 ab
3564 4060 3866 4141 Aldrigeto

1880 4166 2153 4241 episcopo
2180 4162 2527 4222 Tridentino
2569 4166 2630 4221 et
2675 4161 3146 4239 gastaldionibus
3179 4164 3307 4238 ejus
3334 4161 3740 4222 exactionibus
3766 4163 3861 4221 in-

1880 4261 2095 4323 debitis
2133 4259 2567 4338 gravabantur,
2612 4274 2767 4334 quae
2819 4261 3076 4319 rationes
3127 4257 3460 4318 moderatae
3513 4257 3589 4317 ab
3642 4258 3860 4318 eisdem

1877 4358 2219 4418 bominibus
2262 4362 2324 4416 et
2366 4355 2443 4416 ab
2489 4355 2624 4415 aliis
2654 4355 2810 4416 villis
2837 4354 3056 4416 ibidem
3083 4356 3401 4415 nominatis
3428 4353 3705 4414 mimae
3729 4356 3863 4416 Tri-

1877 4455 2155 4516 dentinae
2180 4453 2495 4514 solvendae
2521 4454 2641 4512 sint
2667 4450 2907 4513 diffinit.
3144 4471 3149 4486 *
3744 4459 3857 4511 885

1797 4583 1882 4597 -—
1920 4551 2068 4611 Cum
2096 4550 2439 4611 Alrammus
2454 4549 2530 4609 de
2553 4548 2734 4610 Halse
2756 4566 2863 4626 pro
2883 4549 3118 4610 damnis
3140 4547 3563 4624 multiplicibus
3588 4547 3862 4608 ecclesiae

1879 4649 2127 4709 Sanctae
2147 4648 2368 4710 Mariae
2387 4648 2700 4722 superioris
2714 4648 3048 4707 monasterii
3072 4645 3478 4720 iri-Ratispona
3492 4644 3672 4704 illatis
3687 4645 3859 4704 satis-

1878 4745 2115 4805 fecisset
2138 4750 2196 4804 et
2222 4761 2328 4821 per
2353 4744 2626 4803 nuntium
2654 4742 2982 4805 abbatissae
3017 4745 3215 4805 curiae
3251 4739 3539 4817 imperiali
3573 4740 3858 4800 rationem

1070 4556 1263 4635 aprili.
1357 4551 1474 4630 Ap.
1495 4551 1750 4629 Spiram.
