4500 5956
684 614 879 675 tamer.
906 611 1003 688 9.]
1312 678 1313 681 ¹
1581 607 1981 671 HISTORIA
2036 603 2624 669 DIPLOMATICA.
3401 604 3515 668 791

683 743 1065 820 restituatis
1110 751 1186 817 et
1222 739 1586 816 dimittatis
1625 741 1857 817 eidem
1898 741 2194 839 principi
2235 749 2469 813 nostno
2513 761 2646 813 nec
2682 738 2988 834 aliquam
3030 739 3097 811 ei
3132 759 3350 833 super
3381 738 3518 811 hiis

687 867 1068 943 molestiam
1120 864 1460 958 inferatis,
1504 874 1586 937 ut
1633 865 2075 940 devotionem
2110 873 2413 938 vestram
2460 885 2590 960 pro
2623 861 2885 936 meritis
2919 862 3508 937 commendemus.

782 993 1035 1066 Datum
1060 988 1257 1087 apud
1284 986 1713 1084 Augustam,
1744 991 1992 1065 ultimo
2019 989 2353 1080 octobris,
2388 1009 2572 1061 nona
2597 988 2994 1062 indictione.

791 1542 1015 1650 Otto,
1054 1568 1313 1629 comes
1345 1543 1732 1655 palatinus
1764 1543 1953 1628 Beni
2007 1554 2083 1629 et
2136 1544 2298 1631 dux
2331 1544 2726 1651 Bavariae,
2765 1545 2845 1627 in
2881 1544 3308 1653 praesentia
3341 1542 3518 1629 Fri-

688 1675 916 1759 derici
960 1676 1486 1761 Romanorum
1530 1677 2008 1787 imperatoris
2052 1702 2232 1760 cum
2267 1677 2592 1760 Henrico
2638 1676 2912 1760 abbate
2954 1678 3051 1760 de
3099 1678 3520 1791 Tegernsee

690 1806 955 1893 dividit
1004 1809 1088 1891 in
1160 1809 1670 1895 matrimoniis
1723 1808 2131 1894 contractis
2186 1818 2322 1892 aut
2372 1808 2909 1893 contrahendis
2959 1809 3158 1892 inter
3211 1834 3393 1893 suos
3444 1820 3519 1892 et

687 1939 1025 2050 ejusdem
1117 1942 1479 2027 ecclesiae
1574 1942 2110 2027 ministeriales
2132 2003 2159 2049 ,
2235 1942 2432 2026 sicut
2516 1941 2964 2026 Ludewicus
3043 1951 3259 2051 pater
3330 1966 3516 2026 suus

688 2070 763 2156 id
793 2076 1191 2183 quondam
1225 2075 1831 2161 confirmaverat.

839 2288 1032 2363 (Edit.
1063 2305 1163 2368 ap.
1190 2288 1454 2351 Monam.
1484 2282 1642 2350 soie.
1661 2331 1681 2364 ,
1716 2293 1862 2349 tom.
1892 2287 2003 2363 VI,
2034 2304 2097 2368 p.
2129 2296 2272 2361 208,
2300 2289 2454 2349 inter
2479 2288 2747 2349 Monum.
2778 2288 3086 2368 TegernS.)

772 2472 854 2547 In
883 2475 1166 2549 nomine
1194 2482 1432 2550 sancte
1460 2482 1532 2548 et
1565 2472 1939 2549 individue
1984 2473 2356 2547 Trinitatis,
2397 2472 2581 2565 Otto,
2618 2474 2743 2546 Dei
2785 2476 3010 2568 gratia
3058 2495 3288 2549 comes
3321 2477 3516 2572 pala·

685 2595 866 2671 tinus
910 2597 1134 2675 Rheni
1191 2606 1262 2672 et
1294 2596 1449 2672 dux
1501 2598 1848 2674 Bawarie.
1901 2597 2228 2670 Firmiora
2278 2605 2444 2670 sunt
2485 2598 2812 2670 universa
2862 2619 3001 2695 que
3053 2607 3391 2691 geruntur
3445 2609 3517 2672 et

684 2721 868 2795 nulla
898 2730 1193 2819 possunt
1226 2722 1623 2819 calumpnia
1666 2720 2096 2818 perturbari,
2137 2719 2196 2793 si
2232 2722 2546 2817 vigorem
2595 2720 2881 2794 trahunt
2934 2721 3028 2795 ab
3075 2722 3514 2797 annotatione

682 2845 957 2920 testium
998 2854 1069 2920 et
1106 2848 1427 2920 roborato
1473 2845 1866 2919 testimonio
1908 2846 2316 2919 litterarum.
2378 2846 2762 2938 Cognoscat
2810 2865 2977 2939 ergo
3029 2866 3314 2941 presens
3366 2854 3515 2918 etas

682 2976 748 3042 et
787 2969 1012 3044 sciant
1060 2972 1317 3068 posteri
1362 2968 1558 3066 quod
1609 2991 1744 3064 ego
1797 2968 1956 3043 Otto
1998 2991 2230 3043 comes
2272 2968 2616 3066 palatinus
2667 2968 2841 3040 Reni
2889 2977 2959 3042 et
2995 2967 3149 3043 dux
3195 2968 3514 3044 Bawarie

675 3093 878 3185 juxta
941 3095 1456 3170 conniventiam
1499 3102 1571 3168 et
1627 3093 2030 3189 petitionem
2076 3092 2310 3166 dilecti
2372 3092 2575 3165 nobis
2620 3093 2926 3166 Hainrici
2971 3093 3242 3166 abbatis
3296 3115 3511 3168 vene-

681 3215 914 3291 rabilis
957 3216 1049 3291 de
1102 3219 1447 3313 Tegernse
1512 3217 1764 3313 suique
1824 3225 2208 3289 conventus
2263 3226 2333 3290 et
2392 3215 2977 3310 ministerialium,
3038 3226 3320 3313 pactum
3379 3217 3517 3291 tale

679 3338 1013 3415 inivimus
1065 3361 1229 3417 cnm
1264 3340 1517 3416 abbate
1550 3341 1741 3436 ipso,
1781 3348 1851 3412 et
1892 3339 2239 3429 manuale,
2295 3338 2559 3414 domini
2605 3341 2822 3415 nostri
2870 3342 3335 3418 Romanorum
3375 3344 3517 3416 im-

677 3465 1012 3562 peratoris
1061 3464 1394 3540 Friderici
1455 3463 1905 3556 auctoritate,
1959 3463 2168 3538 ambo
2235 3463 2443 3536 simul
2493 3464 2990 3539 inviolabiliter
3045 3467 3122 3539 in
3173 3467 3515 3564 presentia

678 3588 1068 3686 principum
1100 3586 1654 3686 subscriptorum
1689 3586 2000 3662 roborari
2039 3582 2406 3683 [fecimus]
2427 3637 2446 3672 ,
2486 3587 2677 3686 quod
2712 3589 2787 3661 in
2836 3588 3292 3663 matrimoniis
3329 3611 3511 3664 con-

681 3712 911 3790 tractis
948 3722 1021 3787 et
1067 3712 1141 3787 in
1188 3713 1422 3787 futuro
1476 3708 1969 3786 contrahendis
2012 3712 2192 3784 inter
2238 3722 2507 3786 nostros
2557 3722 2627 3787 et
2671 3711 3019 3786 antedicte
3052 3713 3341 3788 ecclesie
3378 3713 3508 3786 mi·

679 3834 1059 3910 nisteriales
1104 3837 1431 3930 utrinque
1472 3833 1921 3925 dividantur;
1962 3834 2156 3930 quod
2189 3836 2396 3908 etiam
2430 3835 2550 3933 pie
2587 3834 3092 3911 recordationis
3133 3835 3511 3911 Ludwicus

679 3970 871 4056 pater
919 3969 1152 4035 noster
1198 3958 1530 4059 equidem
1579 3957 1864 4033 firmiter
1921 3959 2471 4036 confirmaverat.
2537 3959 2625 4032 Ut
2681 3966 2916 4030 autem
2970 3980 3083 4032 res
3148 3960 3281 4032 ista
3337 3961 3510 4033 foret

676 4083 984 4159 stabilior
1022 4093 1092 4159 et
1131 4085 1207 4157 in
1260 4093 1446 4157 statu
1495 4083 1826 4156 incolumi
1876 4105 2150 4178 semper
2203 4090 2673 4171 conservetur,
2728 4079 3010 4153 nomina
3063 4079 3340 4154 testium
3387 4085 3508 4178 qui

676 4216 1028 4302 presentes
1041 4207 1336 4284 aderant
1355 4205 1649 4282 fecimus
1670 4228 2006 4305 expresse
2031 4206 2412 4298 subnotari,
2430 4205 2758 4302 paginam
2783 4204 3097 4301 ipsorum
3123 4215 3509 4281 nostrornm

677 4332 1064 4407 munientes
1095 4330 1558 4406 firmamento.

773 4455 1011 4530 Testes
1058 4464 1226 4530 sunt
1281 4482 1302 4528 ε
1353 4455 1801 4530 Eberhardus
1851 4451 2371 4549 Salzburgensis
2431 4455 2988 4553 archiepiscopus
3003 4509 3026 4551 ‚
3083 4455 3516 4532 Ekkebertus

678 4577 1273 4674 Babenhergensis
1323 4581 1693 4678 episcopus
1712 4637 1730 4671 ‚
1789 4577 2201 4654 Chunradus
2248 4577 2703 4671 Frisingensis
2755 4579 3124 4678 episcopus
3142 4634 3166 4673 ,
3215 4582 3516 4657 Sifridus

684 4699 1058 4798 imperialis
1108 4704 1269 4778 aule
1317 4685 1768 4779 cancellarius
1821 4714 1892 4778 et
1947 4703 2464 4799 Ratisponensis
2513 4703 2800 4778 ecclesie
2846 4705 3246 4803 episcopus,
3291 4704 3517 4778 Rudi-

3686 1563 3814 1617 Apud

3629 1614 3873 1669 Augu-tm

3637 1669 3857 1723 [octobr-11.
