4500 5956
1091 670 1211 731 746
2089 672 2509 732 Palm-:utet
2555 671 2897 731 SECUNDI
3535 670 3694 746 [Ans.
3734 670 3900 731 1235.

1094 803 1366 875 servilis
1385 804 1800 877 conditionis
1822 806 2135 878 homines
2162 806 2232 876 in
2246 806 2475 877 causis
2504 827 2643 878 non
2672 804 3132 900 superiorum,
3172 802 3299 876 sed
3325 823 3611 875 suorum
3638 804 3906 899 parium

1088 926 1558 1000 admittantur.

1192 1049 1265 1121 Si
1304 1071 1469 1122 vero
1500 1059 1691 1145 pater
1724 1059 1940 1139 etate,
1982 1051 2414 1143 infirmitate,
2459 1051 2857 1146 captivitate
2892 1049 3119 1123 aliave
3164 1049 3468 1143 legitima
3511 1071 3721 1123 causa
3775 1050 3905 1122 im·

1096 1171 1371 1265 peditus
1412 1193 1609 1245 suam
1647 1195 1783 1245 non
1838 1176 2084 1269 poterit
2141 1176 2466 1268 injuriam
2514 1174 2869 1268 prosequi,
2937 1173 3188 1266 aliquis
3241 1174 3902 1268 consanguineorum

1093 1295 1308 1390 ipsius
1338 1293 1908 1389 impedimentum
1937 1300 2149 1393 patris
2178 1318 2585 1393 expressum
2618 1298 3006 1388 juramento
3035 1296 3424 1388 declarans,
3465 1297 3560 1370 ad
3589 1295 3904 1369 eamdem

1089 1419 1423 1492 actionem
1462 1419 2015 1514 prosequendam
2058 1420 2309 1493 debeat
2350 1429 2679 1514 tanquam
2720 1427 2914 1514 pater
2957 1418 3269 1508 admitti,
3319 1421 3509 1492 omni
3562 1420 3697 1492 sibi
3745 1420 3901 1511 jure

1091 1563 1414 1616 concesso
1441 1543 1631 1635 quod
1656 1543 1831 1637 patri
1862 1552 2304 1638 competeret.
2343 1544 2494 1616 Hiis
2518 1544 2842 1616 omnibus
2863 1542 3282 1639 specialibus
3313 1543 3383 1614 in
3410 1543 3651 1616 odium
3669 1552 3740 1616 et
3766 1543 3903 1617 de-

1093 1667 1513 1738 testationem
1544 1666 1848 1738 criminis
1902 1676 2137 1739 contra
2182 1666 2405 1740 divini
2452 1678 2523 1739 et
2564 1667 2853 1740 humani
2883 1666 3065 1759 juris
3107 1667 3490 1740 naturalem
3531 1667 3898 1761 equitatem

1088 1787 1370 1861 admissi
1409 1789 1818 1881 generaliter
1851 1801 2180 1885 perpetuo
2212 1791 2550 1864 valituriS.

1187 1915 1306 1989 ⁴2.
1364 1914 1458 1984 Dc
1480 1913 2088 2006 proscriptionibus.
2118 1913 2463 1986 Penarum
2496 1924 2600 1986 est
2636 1934 2761 2008 pro
2807 1914 3142 2007 qualitate
3178 1914 3570 1985 nocentium
3622 1913 3900 1986 inventa

1086 2035 1475 2108 diversitas.
1506 2036 1708 2109 Unde
1739 2046 1808 2108 et
1824 2037 2242 2131 proscriptos
2273 2046 2600 2131 tanquam
2617 2037 2974 2132 publicum
2998 2036 3262 2109 crimen
3292 2037 3796 2132 prosequimur,
3821 2048 3898 2110 ut

1085 2160 1342 2253 quibus
1373 2160 1763 2233 immanitas
1797 2159 2039 2252 flagitii
2069 2161 2360 2256 patriam
2395 2160 2789 2252 interdixit,
2827 2159 3133 2256 impunis
3166 2159 3374 2233 etiam
3417 2161 3747 2234 inferatur
3774 2163 3892 2234 of-

1087 2287 1302 2358 fensa.
1358 2285 1670 2359 Firmiter
1701 2286 1913 2380 igitur
1946 2295 2016 2357 et
2063 2284 2372 2358 districte
2408 2285 2827 2383 precipimus
2870 2294 2940 2360 et
2973 2286 3340 2359 statuimus
3384 2286 3897 2381 proscriptionis

1083 2409 1489 2482 sententiam
1522 2432 1563 2483 a
1591 2409 1950 2501 judicibus
1979 2410 2050 2480 in
2080 2409 2248 2481 locis
2286 2419 2548 2482 tantum
2581 2408 2880 2506 publicis
2918 2408 3539 2505 promulgandam;
3573 2431 3702 2482 nec
3732 2431 3892 2505 pro·

1079 2533 1360 2629 scriptio
1394 2534 1769 2623 relaxetur,
1797 2533 1931 2605 nisi
1968 2532 2334 2605 sufficienti
2352 2532 2668 2605 cautione
2700 2532 3033 2628 premissa
3060 2533 3253 2627 quod
3277 2534 3652 2606 satisfaciat
3677 2534 3892 2606 actori

1081 2656 1465 2730 secundum
1491 2656 2056 2730 consuetudinem
2093 2664 2299 2728 terre.
2333 2654 2534 2740 Quod
2563 2655 2623 2729 si
2640 2656 2868 2749 judex
2895 2676 3032 2729 non
3087 2656 3359 2747 feeerit,
3409 2676 3537 2728 nos
3588 2656 3898 2750 requisiti

1072 2779 1379 2873 judicem
1422 2790 1499 2852 ut
1532 2781 1798 2872 justum
1848 2789 1954 2854 est
2003 2779 2327 2853 eumdem
2378 2780 2773 2876 puniemus.
2815 2780 2983 2851 Item
3019 2778 3326 2853 districte
3370 2778 3786 2875 precipimus
3819 2787 3894 2850 ut

1081 2906 1302 2976 omnis
1321 2904 1548 2997 judex
1571 2914 1710 2976 tam
1735 2906 2055 3001 princeps
2085 2926 2295 2999 quam
2331 2902 2611 2975 inferior
2645 2903 2905 2975 nemini
2932 2902 3056 2999 qui
3083 2926 3125 2976 a
3153 2904 3646 3001 proscriptione
3667 2903 3895 2976 absol·

1083 3030 1306 3121 vitur,
1351 3031 1615 3103 relaxet
1648 3050 1894 3125 penam
1929 3049 2069 3122 que
2096 3027 2351 3100 dicitur
2387 3035 2631 3120 wette,
2668 3035 2748 3098 ut
2778 3027 3001 3118 magis
3031 3028 3240 3102 ceteri
3286 3027 3573 3100 timeant
3604 3047 3694 3099 ne
3726 3047 3894 3121 pro-

1081 3151 1568 3245 scriptionibus
1603 3150 2067 3222 involvantur.

1185 3275 1353 3372 Item
1385 3273 1752 3344 statuimus
1779 3283 1855 3344 ut
1890 3273 2318 3367 quicumque
2353 3292 2477 3369 per
2512 3292 2771 3345 annum
2801 3280 2873 3344 et
2906 3269 3092 3344 diem
3125 3271 3201 3343 in
3238 3271 3730 3368 proscriptione
3768 3272 3896 3344 im·

1084 3397 1415 3491 peratoris
1450 3396 1856 3490 perstiterit,
1915 3397 1975 3466 si
2021 3405 2209 3468 actor
2255 3393 2348 3468 ad
2395 3397 2598 3488 cujus
2637 3395 2989 3489 querelam
3027 3395 3156 3466 ruit
3181 3395 3603 3491 proscriptus
3636 3394 3728 3469 de
3761 3395 3890 3469 hoc

1088 3521 1315 3615 ipsum
1354 3519 1655 3614 legitime
1678 3519 2050 3592 convicerit
2085 3539 2315 3591 coram
2350 3519 2584 3610 nobis,
2636 3539 2760 3614 per
2792 3519 3197 3592 sententiam
3221 3528 3522 3592 nostram
3548 3520 3813 3593 erenlos
3832 3528 3899 3590 et

1083 3644 1334 3715 rehtlos
1357 3642 1871 3739 pronuncietur.

1179 3768 1351 3839 Item
1388 3769 1814 3859 quicumque
1851 3767 2219 3860 impetetur
2252 3766 2344 3838 ab
2378 3766 2512 3838 alio
2549 3773 2956 3862 provocatus
2986 3765 3078 3838 ad
3114 3766 3424 3840 duellum
3456 3786 3582 3859 pro
3615 3764 3896 3837 crimine

1082 3893 1220 3965 lese
1233 3890 1631 3983 majestatiS‚
1657 3900 1984 3983 tanquam
2008 3889 2293 3962 consilio
2306 3890 2411 3961 vel
2430 3888 2695 3961 auxilio
2712 3898 2947 3961 contra
2960 3909 3090 3960 nos
3105 3897 3229 3961 aut
3247 3886 3890 3982 imperiumaliquid

1083 4015 1590 4109 attemptaverit
1614 4016 1972 4087 factiosum
1990 4068 2009 4104 ‚
2051 4014 2111 4086 si
2133 4013 2457 4107 legitimis
2473 4013 2609 4085 sibi
2636 4011 2934 4085 induciis
2961 4012 3242 4108 prefixis
3267 4034 3406 4084 non
3436 4010 3892 4105 comparuerit

1080 4160 1277 4210 suam
1312 4140 1769 4212 innocentiam
1803 4149 2246 4234 purgaturus,
2294 4161 2415 4234 per
2440 4137 2843 4210 sententiam
2872 4147 3177 4208 nostram
3224 4138 3492 4210 erenlos
3536 4145 3607 4209 et
3636 4135 3892 4208 rehtlos

1072 4261 1449 4353 judicetur.
1483 4263 1679 4360 [Item
1720 4285 1845 4357 pro
1867 4262 2153 4357 perfidia
2189 4265 2302 4335 vel
2339 4261 2710 4335 homicidio
2735 4262 2929 4356 quod
2961 4260 3214 4333 dicitur
3248 4257 3483 4358 mort.]

1178 4386 1298 4455 ⁴3.
1354 4386 1449 4453 De
1468 4387 1888 4477 proscriptis.
1923 4385 2346 4478 Precipimus
2371 4394 2439 4456 et
2459 4383 2742 4457 firmiter
2770 4384 3162 4456 inhibemus
3187 4404 3275 4455 ne
3292 4383 3453 4477 quis
3480 4382 3895 4478 proscriptos

1079 4528 1288 4579 manu
1331 4516 1555 4578 teneat
1592 4507 1704 4578 vel
1736 4512 2029 4580 scienter
2064 4508 2362 4602 hospitio
2397 4508 2702 4601 recipiat.
2742 4507 2943 4592 Quod
2972 4511 3030 4580 si
3064 4507 3300 4580 fecerit
3324 4516 3393 4578 et
3432 4506 3521 4579 de
3556 4507 3687 4578 hoc
3715 4506 3892 4598 legi-

1078 4631 1241 4701 time
1276 4632 1632 4701 convictus
1661 4630 1899 4720 suerit,
1946 4639 2268 4722 tanquam
2306 4631 2722 4726 proscriptus
2746 4633 3108 4726 puniatur,
3159 4630 3290 4702 nisi
3336 4630 3628 4724 septima
3680 4651 3890 4700 manu

1077 4751 1520 4850 synodalium
1576 4753 1933 4827 hominum
1968 4753 2215 4846 integri
2274 4761 2490 4826 status
2534 4754 3006 4848 ignorantiam·
3039 4775 3238 4827 suam
3286 4753 3506 4849 primo
3564 4751 3889 4828 declaret.
