4500 5956
1003 486 1126 550 990
1912 462 2169 549 imnnx
2225 488 2925 552 nocumsmronuu.

1031 687 1248 763 1252

1030 823 1104 875 20
1127 815 1277 874 febr.
1441 810 1619 887 Apud
1782 844 1856 858 —
1895 814 2199 876 Universis
2225 816 2456 878 civibus
2491 817 2566 878 de
2601 816 2979 878 Gelnbausen
3012 817 3305 892 promittit
3334 815 3497 892 quod
3530 828 3837 891 nunquam

1336 907 1719 969 Gellnhusen.
1755 964 1756 967 ,
1858 912 1934 972 ab
1960 912 2159 990 aliquo
2185 930 2389 974 eorum
2413 916 2611 992 exiget
2632 920 2704 974 ut
2731 914 2843 974 sibi
2873 913 3117 973 accedat
3150 912 3247 972 vel
3275 913 3528 988 excipiat
3562 916 3834 986 sumptus

1857 1025 2007 1086 quos
2043 1009 2265 1070 faceret
2310 1009 2530 1072 Ibidem
2544 1053 2565 1084 ,
2604 1010 2710 1071 sed
2753 1010 2914 1088 quod
2951 1007 3218 1085 ejusdem
3253 1008 3366 1068 ioci
3401 1007 3682 1067 scultetus
3721 1006 3834 1066 hoc

1856 1106 2014 1167 idem
2046 1105 2235 1167 facere
2261 1107 2492 1168 debeat.
3486 1113 3601 1165 562
3631 1110 3693 1164 et
3719 1112 3828 1164 951

1028 1228 1100 1280 25
1132 1217 1279 1280 febr.
1442 1213 1623 1291 Apud
1777 1252 1855 1266 —
1897 1221 2310 1283 venditionem
2347 1239 2383 1282 a
2407 1222 2714 1283 Ludovico
2740 1220 2815 1280 de
2854 1219 3096 1296 Schipfa
3129 1220 3485 1280 monasterio
3519 1218 3595 1279 de
3639 1220 3833 1281 otter-

1339 1311 1724 1389 Herbipolim.
1857 1318 2003 1396 berg
2042 1334 2177 1379 cum
2203 1335 2443 1379 assensu
2476 1334 2585 1378 suo
2622 1317 2840 1378 factam
2867 1316 2943 1377 de
2967 1315 3138 1377 bonis
3170 1332 3323 1393 quae
3349 1315 3608 1377 babebat
3631 1316 3695 1376 in
3720 1316 3835 1377 Or-

1857 1414 2152 1487 misheim,
2182 1421 2384 1475 notam
2410 1415 2552 1475 facit
2578 1421 2639 1474 et
2665 1412 2991 1474 confirmat.
3719 1422 3834 1474 563

1013 1529 1083 1581 17
1106 1524 1279 1580 mart.
1446 1514 1624 1592 Apud
1776 1550 1859 1563 —
1897 1517 2249 1579 Consulibus
2296 1526 2356 1579 et
2392 1520 2685 1580 universis
2729 1518 2962 1579 civibus
2995 1515 3530 1580 warmatiensibus
3572 1517 3841 1597 indulget

1350 1612 1706 1691 Augustam.
1858 1621 1927 1675 ut
1952 1619 2131 1693 juxta
2169 1615 2423 1676 formam
2464 1616 2903 1694 privilegiorum
2944 1618 3030 1676 eis
3065 1632 3104 1675 a
3140 1615 3682 1692 praedecesmribus
3720 1618 3839 1676 suis

1856 1711 2249 1784 indultorum,
2277 1717 2449 1791 jura,
2477 1711 2778 1772 libertates
2803 1717 2864 1771 et
2889 1712 3199 1772 consilium
3233 1710 3518 1785 habeant,
3551 1711 3717 1772 salva
3747 1717 3838 1772 ta-

1857 1824 1994 1868 men
2019 1808 2286 1869 libertate
2312 1809 2589 1869 ecclesiae
2614 1810 3084 1870 wormatiensis.
3584 1828 3589 1835 ¹
3721 1812 3837 1871 564

1018 1923 1089 1977 10
1114 1915 1282 1993 april.
1441 1908 1619 1984 Apud
1777 1944 1859 1958 —
1896 1914 2175 1992 Gregorio
2205 1931 2391 1991 papae
2414 1914 2620 1975 scribit
2637 1930 2700 1975 se
2716 1920 3033 1990 spontanee
3051 1915 3343 1991 juravisse
3365 1914 3530 1991 quod
3551 1915 3842 1993 quidquid

1351 2002 1709 2084 Augustam.
1858 2018 1919 2071 et
1954 2014 2184 2088 quoties
2219 2014 2535 2089 imperator
2571 2017 2737 2090 pater
2777 2029 2920 2073 suus
2961 2028 3062 2073 ore
3100 2012 3194 2073 vel
3232 2012 3443 2072 litteris
3475 2013 3843 2074 mandaverit

1742 2168 1747 2175 ,
1858 2107 2231 2187 faciendum,
2278 2110 2341 2170 id
2375 2111 2707 2171 voluntarie
2741 2115 2804 2170 et
2834 2110 2991 2170 bona
3029 2108 3152 2170 fide
3189 2107 3534 2186 complebit,
3564 2112 3650 2170 ita
3686 2116 3755 2172 ut
3788 2113 3840 2172 si

1857 2212 2063 2265 eontra
2087 2209 2335 2279 venerit,
2373 2213 2602 2283 praeter
2614 2223 2877 2284 ,poenam
2904 2208 3172 2284 perjuri&
3196 2208 3390 2283 ipsum
3424 2210 3842 2269 excommuni-

1859 2308 2058 2364 catum
2084 2306 2210 2380 ipso
2237 2303 2394 2364 facto
2420 2304 2767 2364 denuntiare
2794 2318 2979 2381 papae
3006 2303 3199 2395 liceat.
3491 2312 3607 2365 565
3639 2311 3701 2365 et
3722 2312 3837 2365 952

1016 2422 1085 2473 17
1113 2413 1283 2490 april.
1445 2398 1627 2476 Apud
1781 2439 1860 2453 -
1901 2406 2119 2468 Abbati
2145 2407 2345 2468 Sancti
2362 2409 2602 2486 Georgii
2626 2409 2787 2485 apud
2812 2409 2978 2468 Stein
3003 2424 3178 2484 super
3202 2408 3509 2484 Rhenum,
3534 2409 3612 2469 ad
3638 2412 3838 2470 imita-

1359 2493 1708 2557 Slbldatum·
1858 2508 2078 2566 tionem
2102 2506 2385 2566 Friderici
2410 2508 2774 2583 imperatoris
2798 2508 2982 2583 patris
3006 2508 3131 2578 sui,
3163 2512 3461 2566 monetam
3490 2507 3651 2583 apud
3678 2508 3842 2569 Stein

1861 2605 1937 2665 ab
1976 2606 2223 2681 imperio
2268 2603 2585 2665 tenendam
2622 2609 2685 2665 et
2711 2608 2889 2681 juxta
2921 2603 3404 2665 consuetudinem
3440 2605 3841 2666 renovandam

1860 2701 2152 2762 coneedit.
3551 2709 3693 2774 565,
3726 2710 3840 2762 566

1014 2817 1085 2869 27
1115 2808 1278 2887 april.
1444 2788 1620 2867 Apud
1785 2839 1862 2851 —
1901 2804 2120 2866 sifrido
2146 2803 2582 2880 archiepiscopo
2608 2803 2960 2882 Maguntino
2986 2809 3048 2863 et
3071 2802 3347 2864 ecclesiae
3373 2802 3501 2882 ejus
3533 2804 3844 2875 confirmat

1353 2886 1707 2951 Sibldsstum·
1861 2903 2240 2962 donationem
2268 2902 2637 2978 principatus
2657 2901 2936 2962 ecclesiae
2959 2900 3359 2962 Laurissensis
3383 2918 3422 2961 a
3447 2907 3615 2980 patre
3639 2918 3749 2963 suo
3778 2905 3843 2963 in

1860 3016 1969 3061 sua
1996 3001 2328 3076 praesentia
2355 2999 2545 3059 eidem
2570 2998 3006 3076 archiepiscopo
3032 2997 3273 3061 factam.
3724 3008 3839 3059 566

1020 3119 1088 3171 18
1124 3111 1282 3170 maii.
1447 3089 1628 3165 Apud
1781 3135 1861 3149 —
1899 3104 1988 3164 De
2015 3103 2385 3181 providentia
2411 3097 2637 3165 consilii
2673 3104 2766 3164 sui
2794 3099 3104 3165 confirmat
3127 3104 3499 3183 privilegium
3523 3105 3686 3182 quod
3717 3107 3842 3166 im-

1354 3185 1712 3263 Auglssfflm·
1862 3206 2097 3276 perator
2121 3207 2288 3278 pater
2324 3217 2468 3261 suus
2494 3202 2832 3279 praeposito
2859 3206 2920 3261 et
2960 3201 3216 3278 capitulo
3257 3201 3457 3262 Sancti
3493 3200 3740 3263 Servatii
3779 3205 3841 3263 in

1861 3299 2134 3375 Treiecto
2163 3314 2345 3376 super
2372 3298 2664 3360 divisione
2701 3299 2993 3359 bonorum
3028 3301 3468 3377 praepositurae
3504 3304 3566 3360 et
3602 3300 3843 3378 capituli

1860 3395 2128 3455 contulit.
3724 3405 3839 3456 568

1014 3513 1085 3565 24
1120 3504 1282 3564 maii.
1315 3498 1427 3577 Ap.
1442 3500 1751 3560 Werdam.
1781 3532 1862 3545 —
1900 3499 2119 3560 Abbati
2146 3506 2206 3560 et
2231 3502 2548 3561 conventui
2578 3501 2831 3563 Sanctae
2856 3499 3059 3563 Crucis
3085 3501 3244 3578 apud
3267 3501 3670 3562 Donauwerth
3691 3518 3844 3562 con-

1861 3597 2017 3658 cedit
2044 3604 2113 3659 ut
2135 3600 2406 3658 minister
2444 3599 2556 3659 ioci
2581 3598 3003 3676 ejusdemjure
3033 3597 3231 3659 debito
3267 3599 3429 3676 quod
3469 3599 3688 3660 dicitur
3731 3615 3844 3659 vo-

1860 3701 2156 3774 getmuete
2177 3695 2392 3756 debeat
2417 3712 2545 3756 esse
2572 3702 2909 3775 contentus,
2923 3703 2983 3757 et
3005 3712 3440 3780 quemcumque
3465 3713 3542 3757 ex
3568 3695 3845 3757 officiatis

1860 3793 2094 3869 imperii
2123 3794 2448 3868 voluerint,
2489 3793 2602 3854 sibi
2651 3794 2873 3872 eligant
2913 3797 2973 3853 in
3011 3792 3418 3868 defensor-cmg
3449 3793 3682 3872 aliaque
3700 3797 3842 3872 jura

1859 3907 1898 3952 a
1923 3891 2465 3967 praedecessoribus
2495 3894 2618 3953 suis
2644 3891 2876 3952 indulta
2901 3891 3119 3951 eisdem
3147 3889 3480 3951 confirmat.
3724 3898 3840 3950 569

1015 4004 1088 4057 29
1106 3998 1282 4075 junii.
1339 3992 1458 4071 Ap.
1489 3993 1726 4073 Egram.
1781 4027 1860 4041 -
1900 3998 2149 4058 Nomine
2190 4013 2299 4057 suo
2334 4003 2580 4057 renovat
2616 3995 3181 4057 confoederationem
3224 4000 3494 4056 mutuam
3530 3995 3684 4056 inter
3718 3995 3842 4056 Lu-

1855 4092 2133 4154 dovicum
2161 4094 2527 4154 Francorum
2552 4109 2754 4173 regem
2792 4099 2854 4155 et
2878 4100 3105 4171 patrem
3132 4110 3308 4155 suum
3333 4096 3541 4154 initam
3555 4138 3575 4168 ,
3609 4098 3671 4155 et
3708 4110 3839 4155 eam

1857 4192 1921 4249 in
1947 4192 2147 4250 anima
2174 4207 2284 4250 sua
2303 4193 2495 4267 jurari
2520 4193 2826 4268 praecipit.
3722 4199 3838 4251 570

1036 4303 1093 4353 1⁰
1111 4295 1268 4372 julii.
1339 4295 1458 4372 Ap.
1486 4296 1725 4375 Egram.
1778 4296 2071 4452 —uCives
2100 4295 2568 4454 Ratisponenses¹
2589 4297 2701 4366 sub
2737 4295 3599 4454 ‹r1uibusdaintticzm‹iititglnibutzs
3599 4298 3838 4454 ¹213:-

1851 4409 2010 4567 1333
2028 4409 2564 4551 {ffiffisspab
2571 4410 2865 4552 ‘35:32
2883 4409 3077 4552 ἓῗὲῖἱ
3203 4410 3365 4467 ’⁰⁰¹¹
3722 4500 3829 4552 ⁵⁷1

1037 4593 1264 4671 1⁰julii.
1337 4590 1452 4668 Ap.
1479 4591 1720 4669 Egram.
1762 4624 1861 4660 .—
1902 4594 2075 4656 Cives
2099 4595 2553 4672 Ratisponenses
2577 4598 2641 4658 in
2667 4598 2917 4675 gratiam
2945 4613 3116 4659 suam
3142 4598 3360 4658 iterum
3394 4597 3708 4674 recipiens,
3737 4612 3841 4673 per
