4500 5956
1092 571 1215 634 608
2132 572 2481 633 HENRICI
2531 571 2868 632 snprml
3543 574 3706 652 [Asu.
3745 575 3916 637 1233.

1104 705 1324 776 tulant
1353 724 1478 798 per
1530 704 1900 794 majestatis
1944 704 2131 797 regie
2160 705 2591 779 clementiam
2623 703 3114 778 exaudiantur.
3164 703 3342 778 Hiuc
3381 714 3486 778 est
3518 708 3709 800 quod
3751 728 3923 803 pre-

1105 827 1403 898 sentium
1436 834 1670 899 tenore
1707 835 1943 898 notum
1982 826 2126 899 fieri
2167 827 2493 900 volumus
2538 837 2680 899 tam
2718 826 3151 923 presentibus
3185 850 3401 922 quam
3448 829 3697 901 futuris
3728 828 3919 922 quod

1104 971 1230 1022 nos
1258 948 1694 1022 donationem
1717 948 1938 1022 fidelis
1962 949 2171 1021 nostri
2200 948 2529 1022 Friderici
2558 949 2852 1021 ministri
2874 948 3027 1044 (sic)
3059 949 3151 1023 de
3178 950 3680 1043 Nordelingen‚
3708 973 3918 1044 quam

1107 1070 1293 1144 idem
1345 1072 1434 1144 de
1478 1069 1734 1165 prediis
1782 1071 1926 1144 suis
1974 1071 2295 1166 hospitali
2345 1070 2537 1165 quod
2582 1080 3045 1144 constructum
3099 1081 3206 1144 est
3258 1072 3327 1143 in
3380 1071 3641 1145 bonore
3690 1073 3918 1145 Sancti

1096 1194 1389 1289 Spiritus
1418 1192 1608 1288 apud
1630 1192 2090 1288 Nordelingen
2111 1195 2182 1265 in
2213 1195 2503 1267 salutem
2526 1194 2878 1267 constituit
2902 1193 3314 1284 animarum,
3342 1202 3558 1267 ratam
3581 1194 3917 1269 habemus

1098 1325 1168 1389 et
1199 1317 1601 1389 auctoritate
1628 1318 1820 1409 regia
1845 1316 2376 1406 confirmamus;
2430 1316 2840 1390 mandantes
2878 1325 2951 1389 et
2983 1338 3104 1411 per
3133 1317 3426 1411 gratiam
3460 1326 3761 1391 nostram
3797 1316 3915 1388 fir-

1097 1440 1297 1523 miter
1373 1440 1824 1535 precipientes
1873 1450 2218 1534 quatenus
2280 1426 2509 1513 nullus
2572 1448 2806 1514 contra
2874 1439 3056 1512 hanc
3102 1438 3642 1514 confirmationis
3685 1450 3914 1513 nostre

1090 1563 1416 1659 paginam
1447 1562 1706 1636 dictum
1745 1564 2078 1658 hospitale
2107 1563 2178 1634 in
2216 1563 2546 1659 predictis
2578 1563 2921 1636 reditibus
2957 1572 3310 1658 presumat
3335 1564 3447 1635 vel
3473 1565 3730 1637 audeat
3765 1585 3912 1636 mo-

1099 1687 1349 1759 lestare
1376 1685 1508 1781 (l).
1547 1686 1752 1771 Quod
1781 1688 1901 1780 qui
1935 1688 2195 1780 fecerit,
2238 1687 2506 1760 noverit
2533 1708 2610 1760 se
2644 1688 2979 1760 offensam
3025 1686 3247 1779 gratie
3288 1695 3519 1761 nostre
3560 1687 3915 1783 irrecupe-

1089 1808 1396 1880 rabiliter
1428 1809 1893 1881 incursurum.

1194 1933 1441 2002 Datum
1480 1931 1673 2026 apud
1692 1931 2022 2004 Werdam
2061 1930 2204 2026 (2),
2242 1931 2333 2002 111
2366 1929 2699 2003 kalendas
2731 1931 2999 2026 aprilis,
3044 1931 3422 2006 indictione
3463 1943 3695 2027 sexta,
3731 1955 3914 2008 anno

1095 2056 1418 2128 videlicet
1451 2055 1721 2126 Domini
1756 2056 1850 2127 M.
1890 2054 2018 2126 CC.
2052 2055 2361 2127 XXXIII.

1510 2334 1887 2348 ——a———1-0-—0-—2
3193 2338 3474 2348 ——--

757 2595 974 2705 {unffi
1205 2598 1573 2680 Hem-icus
1590 2656 1613 2702 ‚
1672 2596 2188 2680 Romanorum
2240 2620 2414 2702 rex,
2481 2595 2845 2677 fratribus
2899 2595 3318 2679 Minoribus
3370 2597 3449 2677 in
3501 2595 3917 2707 Ratispona

1096 2740 1173 2815 et
1213 2730 1569 2814 ecclesiae
1620 2754 1886 2811 eorum
1904 2788 1927 2827 ‚
1992 2727 2360 2810 nimirum
2425 2726 2677 2810 Sancti
2735 2727 3182 2832 SalvatoriS,
3244 2728 3399 2811 duo
3462 2728 3774 2838 horrea,
3834 2731 3913 2812 in

1088 2862 1467 2946 vicinitate
1502 2861 1681 2968 sita,
1723 2861 1987 2943 donat.

1262 3076 1456 3159 (Edit.
1497 3093 1596 3154 ap.
1626 3078 1883 3135 Monum-
1912 3075 2070 3135 Boic.
2086 3119 2109 3151 ,
2138 3081 2283 3136 tom.
2312 3074 2507 3154 XXX,
2533 3092 2669 3152 pars
2693 3077 2767 3149 1⁸,
2801 3094 2860 3153 p.
2889 3083 3031 3148 210,
3059 3082 3128 3135 n‘
3157 3081 3302 3148 718,
3345 3090 3423 3134 ex
3447 3073 3718 3152 originali
3742 3077 3915 3153 cujus

1333 3182 1593 3260 signium
1628 3184 1824 3259 periit.
1855 3182 2208 3243 Indicttonis
2239 3197 2490 3242 numero
2521 3181 2686 3241 locus
2720 3197 2943 3242 vacuus
2969 3181 3034 3241 ln
3065 3179 3409 3241 membrana
3443 3180 3680 3241 relictus
3711 3187 3828 3254 est,
3852 3186 3914 3241 et

1330 3287 1700 3347 desideratur
1724 3289 1944 3347 mensis
1970 3293 2075 3348 aut
2118 3288 2235 3350 diei
2271 3289 2518 3350 notatio.
2548 3288 2681 3348 Non
2707 3294 2905 3349 autem
2945 3286 3338 3348 dubitandum
3365 3289 3510 3366 quin
3542 3286 3619 3348 ad
3652 3303 3912 3349 mensem

1333 3394 1612 3454 martium
1638 3393 1734 3453 vel
1760 3394 2004 3471 aprilem
2033 3392 2372 3473 pertlneat.)

1191 3582 1592 3671 Heinricus,
1633 3578 1760 3651 Dei
1795 3576 2016 3672 gratia
2065 3578 2526 3650 Romanorum
2575 3599 2702 3649 rex
2755 3598 3025 3672 semper
3060 3584 3432 3669 augustus,
3484 3576 3809 3649 omnibus
3841 3577 3909 3649 in

1088 3716 1526 3805 perpetuum.
1567 3704 1735 3776 Cum
1771 3725 1863 3776 ex
1902 3702 2241 3795 dignitate
2278 3701 2469 3795 regie
2492 3702 2867 3794 majestatis
2891 3723 3031 3794 qua
3059 3702 3201 3773 Deo
3228 3702 3503 3773 favente
3528 3701 3905 3795 fungimur,

1091 3853 1321 3905 sacras
1356 3840 1712 3903 teneamur
1732 3825 2099 3920 religiones
2133 3825 2475 3920 plantare,
2517 3827 2857 3920 plantatas
2887 3824 3107 3896 eciam
3136 3844 3278 3896 non
3302 3823 3534 3894 minus
3554 3833 3913 3918 protegere

1093 3975 1178 4028 ac
1211 3957 1481 4044 fovere,
1524 3948 2039 4024 considerantes
2079 3947 2658 4021 necessitudinem
2701 3967 2968 4019 necnon
3015 3954 3083 4018 et
3115 3945 3495 4040 periculum
3530 3946 3721 4039 quod
3754 3948 3912 4019 evi-

1090 4075 1334 4149 denter
1352 4074 1574 4171 patuit
1589 4074 1993 4146 habitationi
2011 4072 2419 4145 dilectorum
2440 4092 2822 4167 pauperum
2841 4069 3087 4141 Christi
3109 4077 3178 4141 et
3192 4077 3572 4141 nostrorum
3596 4071 3901 4160 fratrum,

1101 4196 1429 4268 videlicet
1469 4195 1812 4267 Minorum
1858 4196 1929 4264 in
1975 4196 2345 4288 Ratispona
2396 4192 2999 4282 commorantium,
3064 4212 3157 4264 ex
3206 4191 3561 4263 vicinitate
3612 4191 3907 4265 duorum

1166 4469 1239 4543 (t)
1273 4468 1442 4525 Adest
1465 4483 1553 4541 ap.
1578 4466 1746 4535 Dona,
1772 4464 1931 4535 ibid„
1947 4480 2010 4521 no
2027 4466 2215 4534 LXIII,
2238 4464 2568 4523 confirmatio
2584 4464 2820 4522 omnium
2839 4463 3101 4523 bonorum
3130 4462 3576 4538 eidem‘hospitali
3599 4479 3632 4520 a
3654 4462 3909 4536 Gregorio

1089 4568 1170 4625 lx
1191 4583 1330 4641 papa
1351 4565 1492 4622 facta
1519 4582 1532 4620 ε
1561 4565 1682 4620 Dat.
1708 4563 1985 4633 Laterani,
2016 4564 2072 4619 X
2096 4560 2206 4618 kal.
2230 4561 2482 4634 januarii,
2505 4560 2843 4638 pontificatus
2873 4577 3013 4620 anno
3037 4562 3162 4619 X10.

1157 4663 1228 4738 (2)
1267 4662 1366 4719 Hic
1392 4662 1565 4735 agitur
1590 4660 1659 4716 de
1685 4658 1898 4717 civitate
1915 4658 2056 4715 dicta
2078 4656 2466 4715 Donauwerth.
