4500 5956
1210 612 1335 677 '180
2218 609 2641 673 munitium
2689 609 3040 674 sncumm
3650 612 4022 697 [An.1235.

1313 747 1654 842 Scriptum
1715 756 1819 819 est
1866 745 1937 817 in
1981 744 2305 819 eumdem
2361 744 2647 819 modum
2703 746 2816 844 (n⁰
2861 746 3047 841 238)
3091 769 3253 845 cum
3305 746 3486 820 notis
3535 746 4033 845 chronologicis

1215 870 1477 944 eisdem
1531 867 1910 942 rectoribus
1970 868 2313 941 societatis
2383 868 2837 943 Lombardiae
2854 923 2876 961 ,
2932 892 2973 942 a
3041 868 3275 942 verbis
3307 870 3495 941 Licet
3542 872 3925 943 carsssimus
3961 872 4032 942 in

1216 994 1480 1066 Christo
1515 1013 1739 1086 usque
1774 989 1867 1065 ad
1902 992 2250 1084 contiqerit
2292 992 2660 1083 imminere,
2697 990 2931 1064 verbis
2966 1001 3430 1090 competenter
3466 994 3766 1068 mutatis·

847 1598 1107 1700 a'ss‘dffn’..
1316 1586 1724 1668 Taxatores
1773 1583 2094 1668 civitatis
2148 1584 2322 1695 Troj
2330 1611 2418 1669 ae
2455 1612 2502 1667 a
2545 1587 2757 1669 curia
2802 1586 3189 1671 constituti
3243 1589 3343 1670 ad
3399 1588 3828 1701 colligenda
3883 1591 4029 1674 tria

1206 1716 1451 1799 millia
1485 1725 1560 1800 et
1603 1717 2203 1828 quadringentas
2261 1718 2526 1800 uncias
2581 1717 2748 1800 auri
2793 1745 2935 1828 pro
2987 1706 3505 1830 redemptione
3556 1721 4027 1831 captivorum

1205 1849 1285 1931 in
1332 1849 1630 1934 obsidio
1673 1849 1906 1960 hujus
1959 1849 2213 1958 urbis,
2254 1850 2514 1961 vigore
2566 1850 2910 1933 mandati
2945 1850 3290 1969 Riccardi
3341 1854 3440 1935 de
3480 1851 4027 1938 Montefuscolo

1205 1982 1619 2093 imperialis
1682 1980 2081 2092 justiciarii
2107 2042 2131 2088 ‚
2206 1980 2354 2064 sub
2425 1982 2648 2064 hasta
2715 1982 3057 2065 vendunt
3124 2008 3268 2093 pro
3334 1983 3583 2067 tribus
3637 1985 3884 2068 unciis
3953 1997 4028 2068 et

1204 2113 1521 2198 dimidia
1564 2123 1861 2224 partem
1902 2122 2146 2196 terrae
2180 2113 2547 2197 Iohannis
2593 2112 2855 2197 Tafuri
2908 2113 3091 2198 civis
3128 2113 3476 2226 Trojani‚
3525 2116 3661 2225 qui
3707 2117 3808 2200 ad
3860 2143 4025 2201 un-

1201 2248 1448 2332 decim
1484 2247 1749 2332 uncias
1783 2248 2182 2357 impositus
2217 2248 2445 2330 exivit
2478 2247 2576 2330 de
2611 2246 2838 2356 Troja
2873 2274 3013 2331 nec
3048 2248 3299 2333 solvit.

1368 2458 1615 2537 (Inedit.
1647 2460 1713 2520 in
1765 2458 2009 2520 archivo
2057 2464 2316 2519 monast.
2366 2458 2588 2519 Montis
2633 2459 2926 2538 Virginis,
2975 2460 3096 2521 vol.
3135 2458 3404 2535 CXXIV,
3441 2474 3703 2539 pergam.
3756 2468 3868 2522 116
3881 2503 3901 2540 ,
3945 2476 4022 2522 ex

1442 2565 1712 2645 originali
1745 2564 1999 2627 diversis
2032 2565 2179 2627 locis
2217 2564 2603 2644 oblitterato.)

1299 2753 1375 2824 ln
1406 2752 1684 2826 nomine
1713 2752 1988 2826 Domini
2021 2753 2231 2826 Jhesu
2263 2752 2555 2843 Christi,
2605 2773 2790 2824 anno
2812 2751 3121 2846 ejusdem
3148 2753 3639 2828 incarnationis
3661 2754 4022 2849 millesimo

1198 2874 1671 2950 ducentesimo
1700 2875 2042 2950 tricesimo
2073 2876 2353 2971 quinto,
2391 2875 2664 2970 imperii
2691 2896 2857 2948 vero
2883 2875 3149 2949 domini
3183 2876 3396 2950 nostri
3423 2875 3766 2975 Frederici
3802 2877 4021 2950 invic-

1195 3001 1438 3073 tissimi
1470 3003 1930 3074 Romanorum
1960 3002 2386 3097 imperatoris
2408 3014 2479 3074 et
2512 3022 2784 3097 semper
2809 3002 3083 3095 augusti
3113 3023 3297 3075 anno
3318 3001 3868 3098 quintodecimo,
3907 3003 4020 3075 sui

1193 3144 1362 3196 vero
1396 3125 1591 3216 regni
1624 3125 1993 3197 Ierusalem
2028 3146 2211 3197 anno
2241 3125 2512 3197 decimo
2538 3134 2607 3197 et
2647 3125 2843 3219 regni
2879 3123 3107 3197 Sicilie
3140 3145 3327 3197 anno
3363 3125 3704 3198 tricesimo
3737 3136 4008 3216 octavo,

1192 3257 1401 3341 atque
1428 3269 1584 3318 cum
1608 3268 1693 3319 eo
1719 3256 2050 3340 regnante
2084 3247 2368 3320 domino
2400 3256 2628 3321 nostro
2659 3248 2953 3319 Henrico
2976 3247 3471 3342 gloriosissimo
3504 3269 3668 3341 rege
3694 3247 3834 3321 filio
3863 3250 4016 3341 ejus

1197 3391 1381 3443 anno
1413 3369 1741 3443 vicesimo
1768 3370 2014 3461 terci0,
2055 3370 2299 3464 quinto
2323 3370 2585 3443 mensis
2622 3371 2956 3461 octobris,
3002 3379 3248 3443 octave
3293 3369 3691 3445 indictionis
3717 3370 3774 3465 (i
3791 3371 3844 3469 ).
3879 3373 4017 3445 Nos

1194 3495 1430 3565 Simon
1472 3492 1564 3565 de
1611 3493 2006 3582 Guernisio,
2044 3493 2360 3565 Matheus
2404 3494 2494 3566 de
2528 3492 2830 3566 Concilio
2866 3505 2937 3566 et
2971 3493 3416 3582 Th010meus‚
3471 3495 3745 3569 Troiani
3782 3496 4006 3586 cives,

1198 3620 1493 3692 fatemur
1522 3615 1713 3712 quod
1743 3638 1901 3689 cum
1939 3616 2366 3688 universitati
2415 3616 2610 3690 Troie
2658 3616 2962 3690 sindicos
3007 3638 3170 3690 suos
3206 3616 3610 3690 constitutos
3637 3618 3730 3690 ab
3769 3618 4011 3693 eadem

1199 3743 1643 3817 universitate
1677 3741 2191 3841 [requisituros]
2226 3739 2324 3837 (a)
2366 3741 2494 3814 tria
2532 3742 2725 3815 milia
2770 3742 3131 3814 unciarum
3180 3742 3333 3815 auri
3376 3751 3445 3815 et
3478 3742 4019 3838 quadringentas

1195 3869 1436 3940 uncias
1466 3867 1619 3941 auri
1662 3888 1788 3961 pro
1826 3865 2302 3960 redemptione
2341 3865 2771 3961 captivorum
2817 3866 2889 3936 in
2924 3864 3276 3938 obsidium
3316 3864 3514 3939 Troie
3550 3864 3658 3962 (2)
3694 3865 4018 3939 dominus

1275 4044 1353 4123 (a)
1394 4044 1574 4105 Deest
1594 4042 1708 4104 hoc
1735 4042 1981 4104 verbum
2008 4047 2114 4103 aut
2135 4041 2435 4119 quoddam
2476 4039 2641 4101 alind
2660 4039 2871 4100 similis
2896 4055 3124 4101 sensus.

1269 4332 1342 4403 μ)
1378 4330 1624 4387 Notarius
1645 4328 1721 4385 ibi
1744 4327 1912 4384 utitur
1942 4326 2248 4396 indictione,
2287 4342 2395 4384 non
2415 4342 2635 4384 cesarea
2651 4369 2665 4397 ,
2693 4326 2781 4384 vel
2808 4342 3023 4400 graeca,
3050 4326 3146 4383 sed
3171 4323 3481 4400 pontificali.

1268 4428 1343 4500 (Ξ)
1380 4425 1675 4483 Rebellioni
1700 4431 1756 4481 et
1780 4423 2047 4482 obsidioni
2073 4424 2267 4495 Trojae
2298 4422 2485 4480 alludit
2503 4422 2794 4480 Riccardus
2819 4424 2889 4480 de
2911 4421 3109 4480 Sancto
3130 4422 3419 4492 Germano,
3443 4436 3571 4478 cum
3593 4421 3662 4477 ad
3691 4437 3816 4478 ann.
3852 4423 4011 4492 ⁴233,

1192 4541 1380 4584 mense
1406 4523 1670 4597 januario,
1695 4520 1930 4578 breviter
1961 4520 2103 4578 dicat
2132 4537 2147 4575 z
2182 4539 2208 4572 α
2238 4519 2427 4591 Troiae
2466 4520 2676 4577 moenia
2709 4519 3011 4600 diruuntur.
3038 4540 3065 4572 ι
3089 4520 3387 4578 seditiones
3423 4524 3603 4576 tamen
3640 4534 3740 4591 per
3765 4519 4015 4593 Apuliam

1193 4623 1395 4683 diutius
1426 4619 1688 4678 ferbuisse
1724 4617 2077 4692 suspicamur,
2105 4617 2237 4675 dum
2263 4616 2506 4690 legamus
2542 4616 2742 4675 ibidem
2776 4634 2788 4672 ε
2822 4640 2847 4668 ι
2882 4619 3022 4674 4234
3048 4616 3361 4691 septembri,
3389 4616 3679 4690 imperator
3706 4615 3762 4671 in
3788 4631 4014 4688 regnum

1197 4718 1410 4778 rediens
1447 4714 1648 4774 casalia
1688 4712 1952 4788 quaedam
1983 4712 2207 4787 Apuliae
2247 4711 2560 4786 depopulari
2595 4713 2766 4787 jubet.
2807 4732 2836 4767 ι
2880 4713 3001 4772 vid.
3031 4714 3197 4771 etiam
3243 4712 3373 4789 quid
3412 4727 3579 4788 supra
3620 4712 4011 4784 notaverimus,
