<?xml version="1.0" encoding="UTF-8"?>
<!DOCTYPE html PUBLIC "-//W3C//DTD XHTML 1.0 Transitional//EN"
    "http://www.w3.org/TR/xhtml1/DTD/xhtml1-transitional.dtd">
<html xmlns="http://www.w3.org/1999/xhtml" xml:lang="en" lang="en">
 <head>
  <title>
</title>
<meta http-equiv="Content-Type" content="text/html;charset=utf-8" />
  <meta name='ocr-system' content='tesseract 3.04.00' />
  <meta name='ocr-capabilities' content='ocr_page ocr_carea ocr_par ocr_line ocrx_word'/>
</head>
<body>
  <div class='ocr_page' id='page_1' title='image "./historiadiploma00empegoog_0352.png"; bbox 0 0 4500 5956; ppageno 0'>
   <div class='ocr_carea' id='block_1_1' title="bbox 932 558 3753 643">
    <p class='ocr_par' dir='ltr' id='par_1_1' title="bbox 932 558 3753 643">
     <span class='ocr_line' id='line_1_1' title="bbox 932 558 3753 643; baseline -0.002 -18"><span class='ocrx_word' id='word_1_1' title='bbox 932 563 1055 625; x_wconf 76' lang='lat'>894</span> <span class='ocrx_word' id='word_1_2' title='bbox 1923 560 2353 624; x_wconf 79' lang='lat' dir='ltr'>FRIDERICI</span> <span class='ocrx_word' id='word_1_3' title='bbox 2399 561 2745 624; x_wconf 60' lang='lat' dir='ltr'>saeuum</span> <span class='ocrx_word' id='word_1_4' title='bbox 3387 558 3544 643; x_wconf 71' lang='lat' dir='ltr'>[An.</span> <span class='ocrx_word' id='word_1_5' title='bbox 3581 558 3753 622; x_wconf 77' lang='lat'>1236.</span> 
     </span>
    </p>
   </div>
   <div class='ocr_carea' id='block_1_2' title="bbox 935 691 3758 936">
    <p class='ocr_par' dir='ltr' id='par_1_2' title="bbox 935 691 3758 936">
     <span class='ocr_line' id='line_1_2' title="bbox 935 691 3758 804; baseline -0.001 -27"><span class='ocrx_word' id='word_1_6' title='bbox 935 705 1199 778; x_wconf 86' lang='lat' dir='ltr'>contra</span> <span class='ocrx_word' id='word_1_7' title='bbox 1235 692 1628 802; x_wconf 87' lang='lat' dir='ltr'>antiquam</span> <span class='ocrx_word' id='word_1_8' title='bbox 1662 691 2090 779; x_wconf 86' lang='lat' dir='ltr'>libertatem</span> <span class='ocrx_word' id='word_1_9' title='bbox 2125 696 2343 781; x_wconf 89' lang='lat' dir='ltr'>novis</span> <span class='ocrx_word' id='word_1_10' title='bbox 2387 695 2720 781; x_wconf 74' lang='lat' dir='ltr'><strong>collectis</strong></span> <span class='ocrx_word' id='word_1_11' title='bbox 2763 701 2840 777; x_wconf 89' lang='lat' dir='ltr'>et</span> <span class='ocrx_word' id='word_1_12' title='bbox 2881 691 3240 804; x_wconf 87' lang='lat' dir='ltr'>precariis</span> <span class='ocrx_word' id='word_1_13' title='bbox 3286 692 3565 776; x_wconf 86' lang='lat' dir='ltr'>amodo</span> <span class='ocrx_word' id='word_1_14' title='bbox 3600 692 3758 775; x_wconf 89' lang='lat' dir='ltr'>im—</span> 
     </span>
     <span class='ocr_line' id='line_1_3' title="bbox 938 825 1613 936; baseline -0.007 -25"><span class='ocrx_word' id='word_1_15' title='bbox 938 836 1185 936; x_wconf 82' lang='lat' dir='ltr'>petere</span> <span class='ocrx_word' id='word_1_16' title='bbox 1220 825 1613 908; x_wconf 82' lang='lat' dir='ltr'>desistant.</span> 
     </span>
    </p>
   </div>
   <div class='ocr_carea' id='block_1_3' title="bbox 1097 1047 3753 1231">
    <p class='ocr_par' dir='ltr' id='par_1_3' title="bbox 1097 1047 3753 1231">
     <span class='ocr_line' id='line_1_4' title="bbox 1097 1047 3753 1129; baseline -0.001 -18"><span class='ocrx_word' id='word_1_17' title='bbox 1097 1049 1345 1129; x_wconf 83' lang='lat' dir='ltr'>(Inedlt.</span> <span class='ocrx_word' id='word_1_18' title='bbox 1390 1065 1466 1109; x_wconf 82' lang='lat' dir='ltr'>ex</span> <span class='ocrx_word' id='word_1_19' title='bbox 1505 1063 1859 1127; x_wconf 77' lang='lat' dir='ltr'>pergamena</span> <span class='ocrx_word' id='word_1_20' title='bbox 1891 1049 2161 1128; x_wconf 71' lang='lat' dir='ltr'>originali</span> <span class='ocrx_word' id='word_1_21' title='bbox 2200 1052 2265 1111; x_wconf 80' lang='lat' dir='ltr'>in</span> <span class='ocrx_word' id='word_1_22' title='bbox 2295 1048 2567 1112; x_wconf 79' lang='lat' dir='ltr'><strong>biblioth.</strong></span> <span class='ocrx_word' id='word_1_23' title='bbox 2608 1052 2774 1112; x_wconf 74' lang='lat' dir='ltr'>civit.</span> <span class='ocrx_word' id='word_1_24' title='bbox 2820 1049 3204 1129; x_wconf 63' lang='lat' dir='ltr'>maguntinae</span> <span class='ocrx_word' id='word_1_25' title='bbox 3222 1090 3240 1120; x_wconf 84' lang='lat'>,</span> <span class='ocrx_word' id='word_1_26' title='bbox 3286 1051 3459 1127; x_wconf 77' lang='lat' dir='ltr'>cujus</span> <span class='ocrx_word' id='word_1_27' title='bbox 3492 1047 3753 1126; x_wconf 76' lang='lat' dir='ltr'>sigillum</span> 
     </span>
     <span class='ocr_line' id='line_1_5' title="bbox 1176 1152 1391 1231; baseline -0.005 0"><span class='ocrx_word' id='word_1_28' title='bbox 1176 1152 1391 1231; x_wconf 75' lang='lat' dir='ltr'>perlit.)</span> 
     </span>
    </p>
   </div>
   <div class='ocr_carea' id='block_1_4' title="bbox 921 1350 3752 4278">
    <p class='ocr_par' dir='ltr' id='par_1_4' title="bbox 924 1350 3752 4035">
     <span class='ocr_line' id='line_1_6' title="bbox 1031 1350 3752 1448; baseline -0.003 -23"><span class='ocrx_word' id='word_1_29' title='bbox 1031 1351 1465 1442; x_wconf 87' lang='lat' dir='ltr'>Fredericus,</span> <span class='ocrx_word' id='word_1_30' title='bbox 1498 1350 1624 1423; x_wconf 86' lang='lat' dir='ltr'>Dei</span> <span class='ocrx_word' id='word_1_31' title='bbox 1662 1350 1881 1444; x_wconf 87' lang='lat' dir='ltr'>gratia</span> <span class='ocrx_word' id='word_1_32' title='bbox 1915 1351 2386 1424; x_wconf 85' lang='lat' dir='ltr'>Romanorum</span> <span class='ocrx_word' id='word_1_33' title='bbox 2427 1353 2792 1448; x_wconf 88' lang='lat' dir='ltr'>imperator</span> <span class='ocrx_word' id='word_1_34' title='bbox 2830 1372 3102 1446; x_wconf 84' lang='lat' dir='ltr'>semper</span> <span class='ocrx_word' id='word_1_35' title='bbox 3141 1357 3519 1442; x_wconf 87' lang='lat' dir='ltr'>augustus,</span> <span class='ocrx_word' id='word_1_36' title='bbox 3560 1350 3752 1421; x_wconf 86' lang='lat' dir='ltr'>Jeru-</span> 
     </span>
     <span class='ocr_line' id='line_1_7' title="bbox 936 1469 3750 1570; baseline -0.004 -19"><span class='ocrx_word' id='word_1_37' title='bbox 936 1477 1149 1551; x_wconf 83' lang='lat' dir='ltr'>salem</span> <span class='ocrx_word' id='word_1_38' title='bbox 1201 1485 1271 1548; x_wconf 88' lang='lat' dir='ltr'>et</span> <span class='ocrx_word' id='word_1_39' title='bbox 1324 1476 1576 1570; x_wconf 75' lang='lat' dir='ltr'>Sycilie</span> <span class='ocrx_word' id='word_1_40' title='bbox 1625 1495 1781 1564; x_wconf 87' lang='lat' dir='ltr'>rex,</span> <span class='ocrx_word' id='word_1_41' title='bbox 1834 1475 2247 1570; x_wconf 79' lang='lat' dir='ltr'>burcgravio</span> <span class='ocrx_word' id='word_1_42' title='bbox 2302 1476 2392 1551; x_wconf 88' lang='lat' dir='ltr'>de</span> <span class='ocrx_word' id='word_1_43' title='bbox 2432 1476 2829 1567; x_wconf 87' lang='lat' dir='ltr'>Frideberc,</span> <span class='ocrx_word' id='word_1_44' title='bbox 2880 1476 3167 1548; x_wconf 81' lang='lat' dir='ltr'>sculteto</span> <span class='ocrx_word' id='word_1_45' title='bbox 3221 1473 3311 1546; x_wconf 90' lang='lat' dir='ltr'>de</span> <span class='ocrx_word' id='word_1_46' title='bbox 3348 1469 3750 1569; x_wconf 83' lang='lat' dir='ltr'>Oppenhein</span> 
     </span>
     <span class='ocr_line' id='line_1_8' title="bbox 937 1594 3750 1695; baseline -0.002 -23"><span class='ocrx_word' id='word_1_47' title='bbox 937 1621 1205 1673; x_wconf 87' lang='lat' dir='ltr'>necnon</span> <span class='ocrx_word' id='word_1_48' title='bbox 1255 1598 1601 1672; x_wconf 83' lang='lat' dir='ltr'>universis</span> <span class='ocrx_word' id='word_1_49' title='bbox 1650 1597 1961 1671; x_wconf 90' lang='lat' dir='ltr'>officiatis</span> <span class='ocrx_word' id='word_1_50' title='bbox 2001 1619 2127 1694; x_wconf 91' lang='lat' dir='ltr'>pro</span> <span class='ocrx_word' id='word_1_51' title='bbox 2172 1607 2477 1695; x_wconf 86' lang='lat' dir='ltr'>tempore</span> <span class='ocrx_word' id='word_1_52' title='bbox 2526 1600 2911 1671; x_wconf 87' lang='lat' dir='ltr'>constitutis</span> <span class='ocrx_word' id='word_1_53' title='bbox 2960 1598 3034 1670; x_wconf 89' lang='lat' dir='ltr'>in</span> <span class='ocrx_word' id='word_1_54' title='bbox 3080 1617 3376 1692; x_wconf 87' lang='lat' dir='ltr'>quorum</span> <span class='ocrx_word' id='word_1_55' title='bbox 3427 1594 3750 1687; x_wconf 83' lang='lat' dir='ltr'>jurisdic-</span> 
     </span>
     <span class='ocr_line' id='line_1_9' title="bbox 940 1721 3750 1815; baseline -0.002 -20"><span class='ocrx_word' id='word_1_56' title='bbox 940 1725 1126 1797; x_wconf 85' lang='lat' dir='ltr'>tione</span> <span class='ocrx_word' id='word_1_57' title='bbox 1145 1724 1327 1795; x_wconf 88' lang='lat' dir='ltr'>bona</span> <span class='ocrx_word' id='word_1_58' title='bbox 1356 1722 1615 1794; x_wconf 89' lang='lat' dir='ltr'>civium</span> <span class='ocrx_word' id='word_1_59' title='bbox 1638 1721 2199 1814; x_wconf 87' lang='lat' dir='ltr'>Maguntinorum</span> <span class='ocrx_word' id='word_1_60' title='bbox 2224 1724 2354 1796; x_wconf 90' lang='lat' dir='ltr'>sita</span> <span class='ocrx_word' id='word_1_61' title='bbox 2381 1733 2568 1813; x_wconf 90' lang='lat' dir='ltr'>sunt,</span> <span class='ocrx_word' id='word_1_62' title='bbox 2593 1722 2917 1795; x_wconf 88' lang='lat' dir='ltr'>fidelibus</span> <span class='ocrx_word' id='word_1_63' title='bbox 2941 1722 3116 1813; x_wconf 86' lang='lat' dir='ltr'>suis,</span> <span class='ocrx_word' id='word_1_64' title='bbox 3143 1721 3433 1815; x_wconf 83' lang='lat' dir='ltr'>gratiam</span> <span class='ocrx_word' id='word_1_65' title='bbox 3461 1739 3660 1791; x_wconf 89' lang='lat' dir='ltr'>suam</span> <span class='ocrx_word' id='word_1_66' title='bbox 3682 1726 3750 1791; x_wconf 91' lang='lat' dir='ltr'>et</span> 
     </span>
     <span class='ocr_line' id='line_1_10' title="bbox 938 1842 3749 1938; baseline -0.002 -17"><span class='ocrx_word' id='word_1_67' title='bbox 938 1868 1141 1921; x_wconf 90' lang='lat' dir='ltr'>omne</span> <span class='ocrx_word' id='word_1_68' title='bbox 1170 1846 1455 1918; x_wconf 90' lang='lat' dir='ltr'>bonum.</span> <span class='ocrx_word' id='word_1_69' title='bbox 1492 1847 1755 1917; x_wconf 87' lang='lat' dir='ltr'>Tenore</span> <span class='ocrx_word' id='word_1_70' title='bbox 1776 1845 2200 1938; x_wconf 85' lang='lat' dir='ltr'>presentium</span> <span class='ocrx_word' id='word_1_71' title='bbox 2235 1857 2465 1919; x_wconf 86' lang='lat' dir='ltr'>vestre</span> <span class='ocrx_word' id='word_1_72' title='bbox 2501 1846 2815 1919; x_wconf 88' lang='lat' dir='ltr'>fidelitati</span> <span class='ocrx_word' id='word_1_73' title='bbox 2850 1847 3234 1919; x_wconf 87' lang='lat' dir='ltr'>innotescat</span> <span class='ocrx_word' id='word_1_74' title='bbox 3270 1842 3464 1938; x_wconf 90' lang='lat' dir='ltr'>quod</span> <span class='ocrx_word' id='word_1_75' title='bbox 3498 1843 3749 1915; x_wconf 88' lang='lat' dir='ltr'>consti-</span> 
     </span>
     <span class='ocr_line' id='line_1_11' title="bbox 935 1965 3749 2064; baseline -0.001 -22"><span class='ocrx_word' id='word_1_76' title='bbox 935 1971 1063 2042; x_wconf 90' lang='lat' dir='ltr'>tuti</span> <span class='ocrx_word' id='word_1_77' title='bbox 1105 1991 1334 2041; x_wconf 87' lang='lat' dir='ltr'>coram</span> <span class='ocrx_word' id='word_1_78' title='bbox 1380 1968 1581 2041; x_wconf 89' lang='lat' dir='ltr'>nobis</span> <span class='ocrx_word' id='word_1_79' title='bbox 1624 1969 1812 2040; x_wconf 83' lang='lat' dir='ltr'>cives</span> <span class='ocrx_word' id='word_1_80' title='bbox 1847 1968 2230 2061; x_wconf 87' lang='lat' dir='ltr'>Maguntini</span> <span class='ocrx_word' id='word_1_81' title='bbox 2267 1969 2506 2044; x_wconf 87' lang='lat' dir='ltr'>fideles</span> <span class='ocrx_word' id='word_1_82' title='bbox 2537 1970 2748 2043; x_wconf 85' lang='lat' dir='ltr'>nostri</span> <span class='ocrx_word' id='word_1_83' title='bbox 2797 1968 3276 2064; x_wconf 85' lang='lat' dir='ltr'>significarunt</span> <span class='ocrx_word' id='word_1_84' title='bbox 3317 1967 3516 2041; x_wconf 90' lang='lat' dir='ltr'>nobis</span> <span class='ocrx_word' id='word_1_85' title='bbox 3560 1965 3749 2061; x_wconf 89' lang='lat' dir='ltr'>quod</span> 
     </span>
     <span class='ocr_line' id='line_1_12' title="bbox 936 2089 3750 2187; baseline -0.001 -22"><span class='ocrx_word' id='word_1_86' title='bbox 936 2114 1093 2166; x_wconf 91' lang='lat' dir='ltr'>cum</span> <span class='ocrx_word' id='word_1_87' title='bbox 1122 2093 1306 2165; x_wconf 89' lang='lat' dir='ltr'>bona</span> <span class='ocrx_word' id='word_1_88' title='bbox 1340 2091 1644 2186; x_wconf 87' lang='lat' dir='ltr'>ipsorum</span> <span class='ocrx_word' id='word_1_89' title='bbox 1688 2111 1828 2184; x_wconf 88' lang='lat' dir='ltr'>que</span> <span class='ocrx_word' id='word_1_90' title='bbox 1863 2090 1936 2161; x_wconf 90' lang='lat' dir='ltr'>in</span> <span class='ocrx_word' id='word_1_91' title='bbox 1982 2091 2228 2164; x_wconf 87' lang='lat' dir='ltr'>vestris</span> <span class='ocrx_word' id='word_1_92' title='bbox 2257 2091 2518 2165; x_wconf 86' lang='lat' dir='ltr'>habent</span> <span class='ocrx_word' id='word_1_93' title='bbox 2541 2091 3134 2184; x_wconf 84' lang='lat' dir='ltr'>J&#39;urisdictionibus</span> <span class='ocrx_word' id='word_1_94' title='bbox 3174 2089 3303 2187; x_wconf 86' lang='lat' dir='ltr'>(a),</span> <span class='ocrx_word' id='word_1_95' title='bbox 3343 2090 3433 2162; x_wconf 90' lang='lat' dir='ltr'>ab</span> <span class='ocrx_word' id='word_1_96' title='bbox 3467 2089 3750 2185; x_wconf 89' lang='lat' dir='ltr'>antiquo</span> 
     </span>
     <span class='ocr_line' id='line_1_13' title="bbox 934 2213 3748 2312; baseline -0 -25"><span class='ocrx_word' id='word_1_97' title='bbox 934 2215 1023 2287; x_wconf 93' lang='lat' dir='ltr'>ab</span> <span class='ocrx_word' id='word_1_98' title='bbox 1053 2216 1241 2287; x_wconf 89' lang='lat' dir='ltr'>omni</span> <span class='ocrx_word' id='word_1_99' title='bbox 1276 2214 1489 2287; x_wconf 88' lang='lat' dir='ltr'>stiura</span> <span class='ocrx_word' id='word_1_100' title='bbox 1515 2213 1617 2307; x_wconf 74' lang='grc'>(1)</span> <span class='ocrx_word' id='word_1_101' title='bbox 1651 2222 1719 2286; x_wconf 89' lang='lat' dir='ltr'>et</span> <span class='ocrx_word' id='word_1_102' title='bbox 1742 2215 2052 2308; x_wconf 88' lang='lat' dir='ltr'>precaria</span> <span class='ocrx_word' id='word_1_103' title='bbox 2081 2216 2363 2289; x_wconf 78' lang='lat' dir='ltr'>fuerunt</span> <span class='ocrx_word' id='word_1_104' title='bbox 2395 2216 2611 2290; x_wconf 86' lang='lat' dir='ltr'>libera</span> <span class='ocrx_word' id='word_1_105' title='bbox 2640 2224 2713 2288; x_wconf 88' lang='lat' dir='ltr'>et</span> <span class='ocrx_word' id='word_1_106' title='bbox 2746 2224 3102 2312; x_wconf 84' lang='lat' dir='ltr'>exempta,</span> <span class='ocrx_word' id='word_1_107' title='bbox 3139 2225 3207 2287; x_wconf 90' lang='lat' dir='ltr'>et</span> <span class='ocrx_word' id='word_1_108' title='bbox 3240 2214 3545 2287; x_wconf 85' lang='lat' dir='ltr'>maxime</span> <span class='ocrx_word' id='word_1_109' title='bbox 3579 2223 3748 2287; x_wconf 86' lang='lat' dir='ltr'>tcm-</span> 
     </span>
     <span class='ocr_line' id='line_1_14' title="bbox 938 2337 3745 2436; baseline -0.001 -24"><span class='ocrx_word' id='word_1_110' title='bbox 938 2338 1222 2436; x_wconf 87' lang='lat' dir='ltr'>poribus</span> <span class='ocrx_word' id='word_1_111' title='bbox 1261 2337 1583 2411; x_wconf 85' lang='lat' dir='ltr'>divorum</span> <span class='ocrx_word' id='word_1_112' title='bbox 1606 2347 2058 2432; x_wconf 87' lang='lat' dir='ltr'>augustorum</span> <span class='ocrx_word' id='word_1_113' title='bbox 2081 2339 2199 2412; x_wconf 88' lang='lat' dir='ltr'>avi</span> <span class='ocrx_word' id='word_1_114' title='bbox 2230 2338 2447 2412; x_wconf 87' lang='lat' dir='ltr'>nostri</span> <span class='ocrx_word' id='word_1_115' title='bbox 2473 2339 2800 2411; x_wconf 86' lang='lat' dir='ltr'>Friderici</span> <span class='ocrx_word' id='word_1_116' title='bbox 2830 2348 2899 2412; x_wconf 88' lang='lat' dir='ltr'>et</span> <span class='ocrx_word' id='word_1_117' title='bbox 2925 2338 3137 2433; x_wconf 89' lang='lat' dir='ltr'>patris</span> <span class='ocrx_word' id='word_1_118' title='bbox 3172 2339 3387 2410; x_wconf 89' lang='lat' dir='ltr'>nostri</span> <span class='ocrx_word' id='word_1_119' title='bbox 3418 2338 3745 2425; x_wconf 88' lang='lat' dir='ltr'>Heinrici,</span> 
     </span>
     <span class='ocr_line' id='line_1_15' title="bbox 932 2461 3748 2557; baseline -0.001 -21"><span class='ocrx_word' id='word_1_120' title='bbox 932 2465 1393 2536; x_wconf 85' lang='lat' dir='ltr'>Romanorum</span> <span class='ocrx_word' id='word_1_121' title='bbox 1434 2462 1861 2554; x_wconf 89' lang='lat' dir='ltr'>imperatoris</span> <span class='ocrx_word' id='word_1_122' title='bbox 1902 2462 2227 2534; x_wconf 88' lang='lat' dir='ltr'>memorie</span> <span class='ocrx_word' id='word_1_123' title='bbox 2260 2461 2658 2553; x_wconf 90' lang='lat' dir='ltr'>recolende,</span> <span class='ocrx_word' id='word_1_124' title='bbox 2691 2484 2818 2536; x_wconf 87' lang='lat' dir='ltr'>vos</span> <span class='ocrx_word' id='word_1_125' title='bbox 2848 2462 3049 2535; x_wconf 86' lang='lat' dir='ltr'>novis</span> <span class='ocrx_word' id='word_1_126' title='bbox 3078 2461 3380 2534; x_wconf 82' lang='lat' dir='ltr'>collectis</span> <span class='ocrx_word' id='word_1_127' title='bbox 3412 2470 3481 2533; x_wconf 92' lang='lat' dir='ltr'>et</span> <span class='ocrx_word' id='word_1_128' title='bbox 3511 2482 3748 2557; x_wconf 88' lang='lat' dir='ltr'>preca-</span> 
     </span>
     <span class='ocr_line' id='line_1_16' title="bbox 932 2584 3751 2679; baseline -0.001 -21"><span class='ocrx_word' id='word_1_129' title='bbox 932 2587 1054 2658; x_wconf 89' lang='lat' dir='ltr'>riis</span> <span class='ocrx_word' id='word_1_130' title='bbox 1087 2586 1333 2658; x_wconf 92' lang='lat' dir='ltr'>eadem</span> <span class='ocrx_word' id='word_1_131' title='bbox 1367 2586 1547 2657; x_wconf 87' lang='lat' dir='ltr'>bona</span> <span class='ocrx_word' id='word_1_132' title='bbox 1598 2584 1924 2679; x_wconf 89' lang='lat' dir='ltr'>impetitis</span> <span class='ocrx_word' id='word_1_133' title='bbox 1977 2592 2046 2656; x_wconf 89' lang='lat' dir='ltr'>et</span> <span class='ocrx_word' id='word_1_134' title='bbox 2085 2585 2398 2675; x_wconf 82' lang='lat' dir='ltr'>vexatis3</span> <span class='ocrx_word' id='word_1_135' title='bbox 2452 2585 2921 2679; x_wconf 87' lang='lat' dir='ltr'>supplicantes</span> <span class='ocrx_word' id='word_1_136' title='bbox 2965 2584 3355 2657; x_wconf 87' lang='lat' dir='ltr'>celsitudini</span> <span class='ocrx_word' id='word_1_137' title='bbox 3399 2594 3629 2657; x_wconf 87' lang='lat' dir='ltr'>nostre</span> <span class='ocrx_word' id='word_1_138' title='bbox 3676 2595 3751 2656; x_wconf 89' lang='lat' dir='ltr'>ut</span> 
     </span>
     <span class='ocr_line' id='line_1_17' title="bbox 935 2705 3750 2802; baseline -0.002 -21"><span class='ocrx_word' id='word_1_139' title='bbox 935 2728 1053 2781; x_wconf 89' lang='lat' dir='ltr'>eos</span> <span class='ocrx_word' id='word_1_140' title='bbox 1107 2707 1179 2779; x_wconf 89' lang='lat' dir='ltr'>in</span> <span class='ocrx_word' id='word_1_141' title='bbox 1223 2706 1488 2780; x_wconf 89' lang='lat' dir='ltr'>eisdem</span> <span class='ocrx_word' id='word_1_142' title='bbox 1525 2705 1727 2779; x_wconf 86' lang='lat' dir='ltr'>bonis</span> <span class='ocrx_word' id='word_1_143' title='bbox 1769 2726 2010 2778; x_wconf 89' lang='lat' dir='ltr'>eorum</span> <span class='ocrx_word' id='word_1_144' title='bbox 2056 2715 2294 2780; x_wconf 89' lang='lat' dir='ltr'>contra</span> <span class='ocrx_word' id='word_1_145' title='bbox 2341 2705 2657 2780; x_wconf 88' lang='lat' dir='ltr'>eamdem</span> <span class='ocrx_word' id='word_1_146' title='bbox 2712 2716 3061 2802; x_wconf 90' lang='lat' dir='ltr'>optentam</span> <span class='ocrx_word' id='word_1_147' title='bbox 3108 2706 3488 2800; x_wconf 88' lang='lat' dir='ltr'>antiquitus</span> <span class='ocrx_word' id='word_1_148' title='bbox 3532 2706 3750 2778; x_wconf 89' lang='lat' dir='ltr'>liber-</span> 
     </span>
     <span class='ocr_line' id='line_1_18' title="bbox 933 2829 3743 2924; baseline -0.001 -21"><span class='ocrx_word' id='word_1_149' title='bbox 933 2840 1140 2903; x_wconf 90' lang='lat' dir='ltr'>tatem</span> <span class='ocrx_word' id='word_1_150' title='bbox 1184 2851 1321 2903; x_wconf 91' lang='lat' dir='ltr'>non</span> <span class='ocrx_word' id='word_1_151' title='bbox 1367 2830 1914 2924; x_wconf 89' lang='lat' dir='ltr'>permitteremus</span> <span class='ocrx_word' id='word_1_152' title='bbox 1959 2829 2287 2901; x_wconf 88' lang='lat' dir='ltr'>indebitis</span> <span class='ocrx_word' id='word_1_153' title='bbox 2337 2830 2778 2903; x_wconf 83' lang='lat' dir='ltr'>exactionum</span> <span class='ocrx_word' id='word_1_154' title='bbox 2828 2830 3323 2903; x_wconf 86' lang='lat' dir='ltr'>vexationibus</span> <span class='ocrx_word' id='word_1_155' title='bbox 3375 2829 3743 2902; x_wconf 86' lang='lat' dir='ltr'>molestari.</span> 
     </span>
     <span class='ocr_line' id='line_1_19' title="bbox 931 2952 3750 3050; baseline 0 -23"><span class='ocrx_word' id='word_1_156' title='bbox 931 2955 1072 3027; x_wconf 90' lang='lat' dir='ltr'>Nos</span> <span class='ocrx_word' id='word_1_157' title='bbox 1098 2955 1307 3048; x_wconf 85' lang='lat' dir='ltr'>igitur</span> <span class='ocrx_word' id='word_1_158' title='bbox 1339 2953 1670 3026; x_wconf 84' lang='lat' dir='ltr'>habentes</span> <span class='ocrx_word' id='word_1_159' title='bbox 1703 2961 2086 3048; x_wconf 85' lang='lat' dir='ltr'>respectum</span> <span class='ocrx_word' id='word_1_160' title='bbox 2123 2954 2216 3028; x_wconf 91' lang='lat' dir='ltr'>ad</span> <span class='ocrx_word' id='word_1_161' title='bbox 2242 2952 2480 3028; x_wconf 85' lang='lat' dir='ltr'>fidelia</span> <span class='ocrx_word' id='word_1_162' title='bbox 2511 2954 2798 3028; x_wconf 85' lang='lat' dir='ltr'>servicia</span> <span class='ocrx_word' id='word_1_163' title='bbox 2827 2954 3086 3027; x_wconf 89' lang='lat' dir='ltr'>civium</span> <span class='ocrx_word' id='word_1_164' title='bbox 3124 2953 3585 3050; x_wconf 87' lang='lat' dir='ltr'>predictorum</span> <span class='ocrx_word' id='word_1_165' title='bbox 3613 2976 3750 3049; x_wconf 91' lang='lat' dir='ltr'>que</span> 
     </span>
     <span class='ocr_line' id='line_1_20' title="bbox 933 3077 3748 3171; baseline 0.001 -23"><span class='ocrx_word' id='word_1_166' title='bbox 933 3078 1133 3151; x_wconf 90' lang='lat' dir='ltr'>nobis</span> <span class='ocrx_word' id='word_1_167' title='bbox 1173 3077 1643 3150; x_wconf 87' lang='lat' dir='ltr'>exhibuerunt</span> <span class='ocrx_word' id='word_1_168' title='bbox 1683 3077 2018 3149; x_wconf 88' lang='lat' dir='ltr'>hactenus</span> <span class='ocrx_word' id='word_1_169' title='bbox 2061 3094 2129 3149; x_wconf 89' lang='lat' dir='ltr'>et</span> <span class='ocrx_word' id='word_1_170' title='bbox 2158 3101 2299 3171; x_wconf 90' lang='lat' dir='ltr'>que</span> <span class='ocrx_word' id='word_1_171' title='bbox 2342 3081 2412 3150; x_wconf 91' lang='lat' dir='ltr'>in</span> <span class='ocrx_word' id='word_1_172' title='bbox 2449 3088 2650 3151; x_wconf 86' lang='lat' dir='ltr'>antea</span> <span class='ocrx_word' id='word_1_173' title='bbox 2694 3077 3084 3151; x_wconf 87' lang='lat' dir='ltr'>celsitudini</span> <span class='ocrx_word' id='word_1_174' title='bbox 3128 3086 3356 3150; x_wconf 90' lang='lat' dir='ltr'>nostre</span> <span class='ocrx_word' id='word_1_175' title='bbox 3394 3087 3463 3151; x_wconf 92' lang='lat' dir='ltr'>et</span> <span class='ocrx_word' id='word_1_176' title='bbox 3503 3081 3748 3153; x_wconf 89' lang='lat' dir='ltr'>nostris</span> 
     </span>
     <span class='ocr_line' id='line_1_21' title="bbox 930 3199 3749 3296; baseline 0.001 -24"><span class='ocrx_word' id='word_1_177' title='bbox 930 3200 1305 3273; x_wconf 88' lang='lat' dir='ltr'>heredibus</span> <span class='ocrx_word' id='word_1_178' title='bbox 1339 3209 1655 3295; x_wconf 89' lang='lat' dir='ltr'>poterunt</span> <span class='ocrx_word' id='word_1_179' title='bbox 1693 3199 2071 3284; x_wconf 87' lang='lat' dir='ltr'>exhibere,</span> <span class='ocrx_word' id='word_1_180' title='bbox 2102 3223 2339 3274; x_wconf 91' lang='lat' dir='ltr'>eorum</span> <span class='ocrx_word' id='word_1_181' title='bbox 2382 3199 3002 3296; x_wconf 89' lang='lat' dir='ltr'>supplicationibus</span> <span class='ocrx_word' id='word_1_182' title='bbox 3045 3201 3377 3295; x_wconf 88' lang='lat' dir='ltr'>inclinati,</span> <span class='ocrx_word' id='word_1_183' title='bbox 3427 3199 3610 3274; x_wconf 91' lang='lat' dir='ltr'>hanc</span> <span class='ocrx_word' id='word_1_184' title='bbox 3648 3203 3749 3274; x_wconf 88' lang='lat' dir='ltr'>eis</span> 
     </span>
     <span class='ocr_line' id='line_1_22' title="bbox 932 3321 3749 3421; baseline 0.001 -26"><span class='ocrx_word' id='word_1_185' title='bbox 932 3322 1219 3416; x_wconf 82' lang='lat' dir='ltr'>gratiam</span> <span class='ocrx_word' id='word_1_186' title='bbox 1267 3321 1602 3394; x_wconf 88' lang='lat' dir='ltr'>duximus</span> <span class='ocrx_word' id='word_1_187' title='bbox 1642 3321 2025 3394; x_wconf 86' lang='lat' dir='ltr'>faciendam</span> <span class='ocrx_word' id='word_1_188' title='bbox 2064 3332 2141 3394; x_wconf 89' lang='lat' dir='ltr'>ut</span> <span class='ocrx_word' id='word_1_189' title='bbox 2191 3326 2473 3418; x_wconf 88' lang='lat' dir='ltr'>antiqua</span> <span class='ocrx_word' id='word_1_190' title='bbox 2532 3325 2842 3397; x_wconf 86' lang='lat' dir='ltr'>libertate</span> <span class='ocrx_word' id='word_1_191' title='bbox 2885 3346 3024 3417; x_wconf 90' lang='lat' dir='ltr'>qua</span> <span class='ocrx_word' id='word_1_192' title='bbox 3072 3324 3277 3396; x_wconf 91' lang='lat' dir='ltr'>etiam</span> <span class='ocrx_word' id='word_1_193' title='bbox 3324 3326 3749 3421; x_wconf 89' lang='lat' dir='ltr'>temporibus</span> 
     </span>
     <span class='ocr_line' id='line_1_23' title="bbox 931 3442 3747 3541; baseline 0.002 -25"><span class='ocrx_word' id='word_1_194' title='bbox 931 3443 1272 3516; x_wconf 87' lang='lat' dir='ltr'>dictorum</span> <span class='ocrx_word' id='word_1_195' title='bbox 1316 3442 1431 3516; x_wconf 86' lang='lat' dir='ltr'>avi</span> <span class='ocrx_word' id='word_1_196' title='bbox 1473 3453 1541 3514; x_wconf 89' lang='lat' dir='ltr'>et</span> <span class='ocrx_word' id='word_1_197' title='bbox 1574 3443 1785 3537; x_wconf 89' lang='lat' dir='ltr'>patris</span> <span class='ocrx_word' id='word_1_198' title='bbox 1811 3443 2025 3516; x_wconf 85' lang='lat' dir='ltr'>nostri</span> <span class='ocrx_word' id='word_1_199' title='bbox 2063 3443 2383 3518; x_wconf 89' lang='lat' dir='ltr'>divorum</span> <span class='ocrx_word' id='word_1_200' title='bbox 2424 3458 2875 3541; x_wconf 87' lang='lat' dir='ltr'>augustorum</span> <span class='ocrx_word' id='word_1_201' title='bbox 2918 3446 3028 3519; x_wconf 90' lang='lat' dir='ltr'>usi</span> <span class='ocrx_word' id='word_1_202' title='bbox 3072 3459 3260 3538; x_wconf 87' lang='lat' dir='ltr'>sunt,</span> <span class='ocrx_word' id='word_1_203' title='bbox 3299 3449 3476 3521; x_wconf 82' lang='lat' dir='ltr'>felici</span> <span class='ocrx_word' id='word_1_204' title='bbox 3519 3459 3747 3522; x_wconf 87' lang='lat' dir='ltr'>nostro</span> 
     </span>
     <span class='ocr_line' id='line_1_24' title="bbox 931 3565 3748 3666; baseline 0.002 -27"><span class='ocrx_word' id='word_1_205' title='bbox 931 3576 1235 3660; x_wconf 90' lang='lat' dir='ltr'>tempore</span> <span class='ocrx_word' id='word_1_206' title='bbox 1271 3565 1619 3659; x_wconf 80' lang='lat' dir='ltr'>gaudeant</span> <span class='ocrx_word' id='word_1_207' title='bbox 1653 3575 1722 3638; x_wconf 91' lang='lat' dir='ltr'>et</span> <span class='ocrx_word' id='word_1_208' title='bbox 1758 3575 2062 3641; x_wconf 89' lang='lat' dir='ltr'>utantur.</span> <span class='ocrx_word' id='word_1_209' title='bbox 2106 3568 2536 3666; x_wconf 88' lang='lat' dir='ltr'>Quapropter</span> <span class='ocrx_word' id='word_1_210' title='bbox 2571 3569 2881 3645; x_wconf 88' lang='lat' dir='ltr'>fidelitati</span> <span class='ocrx_word' id='word_1_211' title='bbox 2916 3581 3143 3644; x_wconf 84' lang='lat' dir='ltr'>vestre</span> <span class='ocrx_word' id='word_1_212' title='bbox 3179 3572 3587 3645; x_wconf 88' lang='lat' dir='ltr'>mandamus</span> <span class='ocrx_word' id='word_1_213' title='bbox 3621 3573 3748 3646; x_wconf 86' lang='lat' dir='ltr'>fir-</span> 
     </span>
     <span class='ocr_line' id='line_1_25' title="bbox 928 3689 3743 3789; baseline 0.002 -26"><span class='ocrx_word' id='word_1_214' title='bbox 928 3691 1133 3763; x_wconf 88' lang='lat' dir='ltr'>miter</span> <span class='ocrx_word' id='word_1_215' title='bbox 1186 3690 1638 3785; x_wconf 87' lang='lat' dir='ltr'>precipientes</span> <span class='ocrx_word' id='word_1_216' title='bbox 1687 3689 2019 3783; x_wconf 88' lang='lat' dir='ltr'>quatinus</span> <span class='ocrx_word' id='word_1_217' title='bbox 2061 3692 2341 3765; x_wconf 87' lang='lat' dir='ltr'>eosdem</span> <span class='ocrx_word' id='word_1_218' title='bbox 2383 3694 2573 3766; x_wconf 86' lang='lat' dir='ltr'>cives</span> <span class='ocrx_word' id='word_1_219' title='bbox 2616 3695 2706 3767; x_wconf 87' lang='lat' dir='ltr'>de</span> <span class='ocrx_word' id='word_1_220' title='bbox 2756 3693 3083 3789; x_wconf 89' lang='lat' dir='ltr'>predictis</span> <span class='ocrx_word' id='word_1_221' title='bbox 3136 3694 3335 3766; x_wconf 89' lang='lat' dir='ltr'>bonis</span> <span class='ocrx_word' id='word_1_222' title='bbox 3381 3716 3617 3767; x_wconf 91' lang='lat' dir='ltr'>eorum</span> <span class='ocrx_word' id='word_1_223' title='bbox 3673 3697 3743 3768; x_wconf 90' lang='lat' dir='ltr'>in</span> 
     </span>
     <span class='ocr_line' id='line_1_26' title="bbox 924 3811 3744 3910; baseline 0.002 -25"><span class='ocrx_word' id='word_1_224' title='bbox 924 3812 1173 3885; x_wconf 87' lang='lat' dir='ltr'>vestris</span> <span class='ocrx_word' id='word_1_225' title='bbox 1224 3811 1645 3884; x_wconf 83' lang='lat' dir='ltr'>districtibus</span> <span class='ocrx_word' id='word_1_226' title='bbox 1689 3811 1946 3884; x_wconf 88' lang='lat' dir='ltr'>habitis</span> <span class='ocrx_word' id='word_1_227' title='bbox 1991 3823 2224 3890; x_wconf 85' lang='lat' dir='ltr'>contra</span> <span class='ocrx_word' id='word_1_228' title='bbox 2277 3816 2629 3910; x_wconf 88' lang='lat' dir='ltr'>antiquam</span> <span class='ocrx_word' id='word_1_229' title='bbox 2675 3816 3054 3890; x_wconf 89' lang='lat' dir='ltr'>libertatem</span> <span class='ocrx_word' id='word_1_230' title='bbox 3089 3818 3378 3891; x_wconf 90' lang='lat' dir='ltr'>insolitis</span> <span class='ocrx_word' id='word_1_231' title='bbox 3425 3827 3495 3891; x_wconf 88' lang='lat' dir='ltr'>et</span> <span class='ocrx_word' id='word_1_232' title='bbox 3544 3818 3744 3894; x_wconf 85' lang='lat' dir='ltr'>novis</span> 
     </span>
     <span class='ocr_line' id='line_1_27' title="bbox 924 3935 3147 4035; baseline 0.002 -27"><span class='ocrx_word' id='word_1_233' title='bbox 924 3936 1402 4008; x_wconf 86' lang='lat' dir='ltr'>exactionibus</span> <span class='ocrx_word' id='word_1_234' title='bbox 1445 3935 1754 4029; x_wconf 90' lang='lat' dir='ltr'>precarie</span> <span class='ocrx_word' id='word_1_235' title='bbox 1787 3945 1859 4008; x_wconf 89' lang='lat' dir='ltr'>et</span> <span class='ocrx_word' id='word_1_236' title='bbox 1903 3936 2113 4011; x_wconf 88' lang='lat' dir='ltr'>stiure</span> <span class='ocrx_word' id='word_1_237' title='bbox 2141 3940 2394 4013; x_wconf 90' lang='lat' dir='ltr'>amodo</span> <span class='ocrx_word' id='word_1_238' title='bbox 2428 3943 2757 4035; x_wconf 89' lang='lat' dir='ltr'>impetere</span> <span class='ocrx_word' id='word_1_239' title='bbox 2783 3938 3147 4013; x_wconf 87' lang='lat' dir='ltr'>desistatis.</span> 
     </span>
    </p>

    <p class='ocr_par' dir='ltr' id='par_1_5' title="bbox 921 4057 3740 4278">
     <span class='ocr_line' id='line_1_28' title="bbox 1017 4057 3740 4154; baseline 0.003 -25"><span class='ocrx_word' id='word_1_240' title='bbox 1017 4059 1265 4131; x_wconf 90' lang='lat' dir='ltr'>Datum</span> <span class='ocrx_word' id='word_1_241' title='bbox 1306 4057 1501 4153; x_wconf 91' lang='lat' dir='ltr'>apud</span> <span class='ocrx_word' id='word_1_242' title='bbox 1545 4058 1968 4154; x_wconf 88' lang='lat' dir='ltr'>Augustam,</span> <span class='ocrx_word' id='word_1_243' title='bbox 2019 4082 2203 4134; x_wconf 87' lang='lat' dir='ltr'>anno</span> <span class='ocrx_word' id='word_1_244' title='bbox 2255 4061 2601 4135; x_wconf 89' lang='lat' dir='ltr'>dominice</span> <span class='ocrx_word' id='word_1_245' title='bbox 2651 4059 3137 4136; x_wconf 85' lang='lat' dir='ltr'>incarnationis</span> <span class='ocrx_word' id='word_1_246' title='bbox 3183 4066 3537 4138; x_wconf 89' lang='lat' dir='ltr'>millesimo</span> <span class='ocrx_word' id='word_1_247' title='bbox 3592 4064 3740 4139; x_wconf 91' lang='lat' dir='ltr'>du·-</span> 
     </span>
     <span class='ocr_line' id='line_1_29' title="bbox 921 4180 3101 4278; baseline 0.003 -25"><span class='ocrx_word' id='word_1_248' title='bbox 921 4180 1292 4254; x_wconf 85' lang='lat' dir='ltr'>oentesimo</span> <span class='ocrx_word' id='word_1_249' title='bbox 1329 4182 1673 4256; x_wconf 87' lang='lat' dir='ltr'>tricesimo</span> <span class='ocrx_word' id='word_1_250' title='bbox 1709 4193 1935 4275; x_wconf 86' lang='lat' dir='ltr'>sexto,</span> <span class='ocrx_word' id='word_1_251' title='bbox 1982 4207 2217 4258; x_wconf 88' lang='lat' dir='ltr'>mense</span> <span class='ocrx_word' id='word_1_252' title='bbox 2244 4187 2432 4278; x_wconf 91' lang='lat' dir='ltr'>julii,</span> <span class='ocrx_word' id='word_1_253' title='bbox 2466 4207 2648 4260; x_wconf 88' lang='lat' dir='ltr'>none</span> <span class='ocrx_word' id='word_1_254' title='bbox 2682 4187 3101 4260; x_wconf 87' lang='lat' dir='ltr'>indictionis.</span> 
     </span>
    </p>
   </div>
   <div class='ocr_carea' id='block_1_5' title="bbox 1000 4353 2578 4440">
    <p class='ocr_par' dir='ltr' id='par_1_6' title="bbox 1000 4353 2578 4440">
     <span class='ocr_line' id='line_1_30' title="bbox 1000 4353 2578 4440; baseline 0.005 -24"><span class='ocrx_word' id='word_1_255' title='bbox 1000 4353 1089 4435; x_wconf 84' lang='lat' dir='ltr'>(a)</span> <span class='ocrx_word' id='word_1_256' title='bbox 1124 4356 1214 4417; x_wconf 83' lang='lat' dir='ltr'>lbl</span> <span class='ocrx_word' id='word_1_257' title='bbox 1239 4358 1303 4418; x_wconf 82' lang='lat' dir='ltr'>ln</span> <span class='ocrx_word' id='word_1_258' title='bbox 1329 4360 1597 4436; x_wconf 70' lang='lat' dir='ltr'>originali</span> <span class='ocrx_word' id='word_1_259' title='bbox 1623 4362 1906 4437; x_wconf 77' lang='lat' dir='ltr'>repetitur</span> <span class='ocrx_word' id='word_1_260' title='bbox 1931 4377 2083 4440; x_wconf 76' lang='lat' dir='ltr'><em>que,-</em></span> <span class='ocrx_word' id='word_1_261' title='bbox 2108 4361 2270 4439; x_wconf 84' lang='lat' dir='ltr'>quod</span> <span class='ocrx_word' id='word_1_262' title='bbox 2295 4361 2578 4425; x_wconf 84' lang='lat' dir='ltr'>abundat.</span> 
     </span>
    </p>
   </div>
   <div class='ocr_carea' id='block_1_6' title="bbox 991 4643 2057 4723">
    <p class='ocr_par' dir='ltr' id='par_1_7' title="bbox 991 4643 2057 4723">
     <span class='ocr_line' id='line_1_31' title="bbox 991 4643 2057 4723; baseline 0.005 -23"><span class='ocrx_word' id='word_1_263' title='bbox 991 4644 1064 4717; x_wconf 70' lang='lat'>(⁴)</span> <span class='ocrx_word' id='word_1_264' title='bbox 1102 4643 1419 4705; x_wconf 78' lang='lat' dir='ltr'>Germanice</span> <span class='ocrx_word' id='word_1_265' title='bbox 1444 4653 1633 4719; x_wconf 72' lang='lat' dir='ltr'>semor,</span> <span class='ocrx_word' id='word_1_266' title='bbox 1660 4647 1847 4721; x_wconf 87' lang='lat' dir='ltr'>gallice</span> <span class='ocrx_word' id='word_1_267' title='bbox 1871 4651 2057 4723; x_wconf 65' lang='lat' dir='ltr'>impet.</span> 
     </span>
    </p>
   </div>
  </div>
 </body>
</html>
