4500 5956
1043 536 1168 598 6:32
2091 537 2443 598 flitmum
2498 537 2835 597 SEPTml
3494 539 3653 617 [Anu.
3696 540 3870 601 1234.

1051 673 1251 743 vulsa
1278 680 1601 743 maneant
1632 672 1702 742 in
1732 683 2170 767 perpetuum.
2215 671 2593 744 Statuimus
2629 693 2914 765 quoque
2940 680 3011 744 et
3035 674 3251 767 regali
3279 674 3509 747 edicto
3533 676 3881 747 sancimus

1052 804 1131 865 ut
1164 796 1352 867 nulla
1383 796 1663 868 omnino
1687 818 1977 892 persona
2014 798 2150 869 alta
2177 796 2291 869 vel
2323 795 2628 888 humilis,
2659 796 3127 870 ecclesiastica
3154 800 3268 869 vel
3296 800 3655 889 secularis,
3704 801 3883 872 hanc

1054 929 1356 991 nostram
1386 921 1878 993 institutionem
1915 921 2169 993 audeat
2205 920 2579 1013 infringere
2626 920 2741 993 vel
2773 921 3261 993 monasterium
3297 924 3730 994 nominatum
3763 932 3884 995 aut

1052 1062 1379 1135 personas
1411 1042 1642 1135 aliquo
1675 1043 1952 1114 lesionis
1994 1042 2201 1116 modo
2228 1042 2654 1137 perturbare.
2695 1042 2902 1127 Quod
2951 1044 3073 1137 qui
3108 1045 3333 1116 facere
3378 1047 3886 1140 attemptaverit

1055 1186 1099 1237 a
1130 1177 1358 1237 nostre
1406 1166 1833 1239 celsitudinis
1872 1168 2092 1261 gratia
2143 1188 2221 1239 se
2270 1167 2537 1239 noverit
2563 1166 2893 1239 alienum.
2939 1165 3051 1239 Ad
3081 1168 3281 1259 cujus
3319 1179 3574 1241 certam
3616 1169 3688 1238 in
3725 1190 3884 1264 per·

1057 1298 1345 1384 petuum
1380 1291 1828 1381 evidentiam,
1872 1300 2263 1385 presentem
2287 1291 2614 1385 paginam
2644 1290 2810 1363 inde
2837 1291 3174 1363 conscribi
3201 1292 3537 1384 jussimus
3559 1301 3628 1366 et
3654 1300 3884 1364 nostre

1056 1413 1282 1505 sigillo
1311 1413 1822 1505 magnificentie
1854 1413 2288 1484 communiri.

1149 1538 1399 1609 Datum
1429 1536 1621 1630 apud
1652 1537 2160 1628 Frankenvurt,
2197 1537 2400 1608 nonis
2441 1535 2802 1627 februarii,
2857 1534 3235 1608 indictione
3275 1538 3603 1630 septima,
3655 1538 3880 1609 incar·

1056 1661 1356 1733 nationis
1391 1661 1737 1732 dominice
1778 1682 1961 1732 anno
1996 1663 2092 1731 M.
2127 1661 2252 1732 CC.
2290 1660 2657 1731 XXX11110.

1155 1785 1376 1875 Hujus
1411 1785 1507 1855 rei
1545 1794 1752 1856 testes
1772 1795 1934 1856 sunt
1974 1811 1990 1854 ε
2022 1784 2321 1857 Sisridus
2339 1783 2895 1878 archiepiscopus
2918 1782 3396 1876 Maguntinus‚
3424 1783 3884 1856 Theodericus

1059 1909 1616 2002 archiepiscopus
1642 1910 2114 1999 Treverensis,
2156 1909 2519 1979 Heinricus
2550 1907 3107 2002 archiepiscopus
3129 1905 3552 1979 Coloniensis
3574 1964 3589 1994 ‚
3628 1907 3886 1979 Cunra-

1061 2034 1195 2106 dus
1249 2034 1613 2128 episcopus
1658 2032 2347 2123 Hildensheimensis,
2422 2032 2857 2103 Hermannus
2922 2030 3287 2125 episcopus
3336 2031 3880 2124 Herbipolensis,

1059 2158 1485 2229 Ekkebertus
1530 2157 1891 2252 episcopus
1940 2155 2568 2249 Babenbergensis,
2626 2152 2977 2225 Arnoldus
3018 2154 3236 2226 abbas
3287 2154 3685 2248 Campensis
3740 2151 3880 2249 (a),

1060 2281 1448 2353 Rimundus
1481 2280 1695 2352 abbas
1732 2279 2260 2370 Eberbacensis,
2315 2277 2677 2350 Heinricus
2716 2277 2932 2349 abhas
2968 2275 3059 2349 de
3102 2277 3636 2365 Hemmenrode,
3673 2278 3885 2347 Hein-

1061 2406 1247 2477 ricus
1285 2405 1502 2476 abbas
1528 2404 1616 2476 de
1645 2404 2117 2491 Heisterbach‚
2158 2403 2520 2476 Heinricus
2554 2401 2771 2472 abbas
2794 2400 2885 2473 de
2909 2401 3352 2473 Mouteveteri
3379 2399 3508 2496 (b),
3547 2399 3889 2473 Gerardus

1063 2530 1282 2602 abhas
1328 2530 1417 2600 de
1471 2529 1864 2617 Otterburc,
1917 2525 2238 2598 Albertus
2271 2525 2487 2597 abhas
2525 2525 2616 2597 de
2651 2523 3087 2616 Arnesburc,
3149 2525 3632 2598 Goteschalcus
3673 2526 3890 2597 abbas

1062 2654 1154 2726 de
1186 2654 1549 2726 Burnbach
1599 2651 1726 2748 (c),
1786 2649 2176 2743 Wigandus
2217 2649 2433 2722 abbas
2477 2648 2568 2720 de
2623 2646 3037 2736 Aulisburc;
3080 2648 3234 2719 laici
3275 2670 3442 2720 vero
3478 2675 3497 2718 ι
3532 2649 3688 2721 Otto
3742 2649 3894 2721 dux

1062 2779 1402 2866 Meranie,
1441 2777 1765 2847 Albertus
1787 2776 1939 2848 dux
1968 2774 2302 2865 Saxonie,
2346 2776 2781 2845 Hermannus
2808 2793 3036 2845 comes
3065 2772 3154 2844 de
3177 2772 3622 2864 Orlamuude,
3659 2774 3893 2867 Boppo

1068 2924 1297 2974 comes
1344 2902 1434 2974 de
1482 2902 1975 2992 Hennenberc,
2026 2898 2461 2972 Reinhardus
2502 2895 2593 2971 de
2635 2899 3072 2994 Hagenowe‚
3125 2897 3518 2970 Hartwicus
3567 2898 3894 2991 magister

1068 3027 1396 3120 coquine,
1435 3034 1505 3098 et
1527 3027 1644 3097 alii
1676 3025 2145 3119 quamplures.

2385 3336 2768 3346 --·---.—--·--0--
2819 3333 3467 3346 .—-——-—-——-—-—.—a

655 3622 961 3731 rmfflssn,
974 3675 1022 3717 i„
1181 3608 1549 3690 Henricus
1565 3666 1587 3710 ,
1639 3606 2159 3687 Romanorum
2208 3627 2342 3684 rex
2357 3663 2381 3709 ,
2429 3600 2823 3709 profitetur
2867 3594 3436 3679 ministerialem
3484 3616 3712 3674 suum
3760 3587 3901 3672 Gi-

657 3733 844 3775 sclemni
871 3732 995 3773 curia

713 3785 977 3828 5121,an
1008 3761 1022 3785 ²
1078 3741 1491 3825 selbertum
1529 3738 1625 3819 de
1655 3736 2080 3839 Eschborn‚
2125 3758 2281 3816 una
2308 3758 2484 3813 cum
2508 3731 2977 3841 Cunegunde
3006 3729 3247 3837 ipsius
3271 3751 3537 3832 uxore,
3568 3723 3899 3804 claustro

1077 3877 1173 3958 de
1210 3873 1613 3982 Arnsburg
1666 3880 1957 3953 curtem
2006 3867 2246 3977 ipsius
2283 3866 2364 3947 in
2402 3864 2852 3947 Herlisheim
2889 3887 3066 3946 cum
3103 3858 3462 3944 omnibus
3497 3856 3898 3966 pertinen-

1076 4009 1201 4088 tiis
1235 4009 1331 4088 de
1365 4032 1681 4088 assensu
1720 4030 1858 4087 suo
1894 4028 2029 4112 per
2065 4027 2344 4084 manus
2382 4025 2558 4082 suas
2591 3995 3166 4081 contradidisse.

1241 4191 1585 4270 (Memorat.
1612 4208 1708 4268 ap.
1748 4193 2080 4262 Bonum,
2109 4190 2331 4271 Reqest.
2370 4188 2602 4269 imper„
2629 4202 2690 4264 p.
2721 4192 2837 4246 246
2854 4227 2874 4259 ,
2904 4192 2972 4244 11⁰
3004 4190 3152 4256 314,
3184 4197 3263 4242 ex
3288 4179 3457 4257 copia
3485 4178 3599 4254 ipsi
3634 4191 3673 4236 a
3699 4172 3901 4235 Kind-

1321 4298 1507 4375 linger
1532 4295 2014 4376 communicata.)

1165 4456 1250 4539 (a)
1296 4457 1529 4517 Scilicet
1554 4453 1623 4515 de
1650 4455 1710 4515 Κ
1709 4472 1929 4533 empen.

1167 4562 1247 4642 (b)
1291 4562 1523 4624 Scilicet
1548 4558 1618 4620 de
1645 4557 1979 4639 Aleenbcrq.

1166 4668 1242 4749 (c)
1288 4668 1523 4730 Scilicet
1548 4665 1618 4727 de
1644 4662 1988 4728 Brumbacla.
