<?xml version="1.0" encoding="UTF-8"?>
<!DOCTYPE html PUBLIC "-//W3C//DTD XHTML 1.0 Transitional//EN"
    "http://www.w3.org/TR/xhtml1/DTD/xhtml1-transitional.dtd">
<html xmlns="http://www.w3.org/1999/xhtml" xml:lang="en" lang="en">
 <head>
  <title>
</title>
<meta http-equiv="Content-Type" content="text/html;charset=utf-8" />
  <meta name='ocr-system' content='tesseract 3.04.00' />
  <meta name='ocr-capabilities' content='ocr_page ocr_carea ocr_par ocr_line ocrx_word'/>
</head>
<body>
  <div class='ocr_page' id='page_1' title='image "./historiadiploma00empegoog_0072.png"; bbox 0 0 4500 5956; ppageno 0'>
   <div class='ocr_carea' id='block_1_1' title="bbox 551 3043 911 3100">
    <p class='ocr_par' dir='ltr' id='par_1_1' title="bbox 551 3043 911 3100">
     <span class='ocr_line' id='line_1_1' title="bbox 551 3043 911 3100; baseline -0.008 -11"><span class='ocrx_word' id='word_1_1' title='bbox 551 3043 911 3100; x_wconf 49' lang='lat' dir='ltr'>mumdum]</span> 
     </span>
    </p>
   </div>
   <div class='ocr_carea' id='block_1_2' title="bbox 959 554 3789 639">
    <p class='ocr_par' dir='ltr' id='par_1_2' title="bbox 959 554 3789 639">
     <span class='ocr_line' id='line_1_2' title="bbox 959 554 3789 639; baseline -0.001 -19"><span class='ocrx_word' id='word_1_2' title='bbox 959 558 1082 620; x_wconf 78' lang='lat'>614</span> <span class='ocrx_word' id='word_1_3' title='bbox 2001 555 2347 616; x_wconf 83' lang='lat' dir='ltr'>HENRICI</span> <span class='ocrx_word' id='word_1_4' title='bbox 2399 554 2737 617; x_wconf 77' lang='lat' dir='ltr'>SEP&#39;rlm</span> <span class='ocrx_word' id='word_1_5' title='bbox 3415 554 3577 639; x_wconf 71' lang='lat' dir='ltr'>[Arm.</span> <span class='ocrx_word' id='word_1_6' title='bbox 3615 554 3789 617; x_wconf 79' lang='lat'>1233.</span> 
     </span>
    </p>
   </div>
   <div class='ocr_carea' id='block_1_3' title="bbox 964 658 3793 928">
    <p class='ocr_par' dir='ltr' id='par_1_3' title="bbox 964 658 3793 928">
     <span class='ocr_line' id='line_1_3' title="bbox 965 658 3793 798; baseline -0.001 -26"><span class='ocrx_word' id='word_1_7' title='bbox 965 689 1091 772; x_wconf 82' lang='lat' dir='ltr'>Uri</span> <span class='ocrx_word' id='word_1_8' title='bbox 1147 686 1463 769; x_wconf 86' lang='lat' dir='ltr'>mandat</span> <span class='ocrx_word' id='word_1_9' title='bbox 1515 693 1604 767; x_wconf 88' lang='lat' dir='ltr'>ut</span> <span class='ocrx_word' id='word_1_10' title='bbox 1672 687 2218 769; x_wconf 88' lang='lat' dir='ltr'>monasterium</span> <span class='ocrx_word' id='word_1_11' title='bbox 2276 688 2372 770; x_wconf 90' lang='lat' dir='ltr'>de</span> <span class='ocrx_word' id='word_1_12' title='bbox 2423 686 2866 798; x_wconf 86' lang='lat' dir='ltr'>Wettingen</span> <span class='ocrx_word' id='word_1_13' title='bbox 2928 658 3345 771; x_wconf 85' lang='lat' dir='ltr'>defendant</span> <span class='ocrx_word' id='word_1_14' title='bbox 3404 712 3657 798; x_wconf 89' lang='lat' dir='ltr'>neque</span> <span class='ocrx_word' id='word_1_15' title='bbox 3711 689 3793 770; x_wconf 93' lang='lat' dir='ltr'>in</span> 
     </span>
     <span class='ocr_line' id='line_1_4' title="bbox 964 816 2857 928; baseline 0.001 -27"><span class='ocrx_word' id='word_1_16' title='bbox 964 821 1314 903; x_wconf 89' lang='lat' dir='ltr'>homines</span> <span class='ocrx_word' id='word_1_17' title='bbox 1351 816 1518 928; x_wconf 87' lang='lat' dir='ltr'>ejus</span> <span class='ocrx_word' id='word_1_18' title='bbox 1553 818 1978 902; x_wconf 82' lang='lat' dir='ltr'><strong>exactiones</strong></span> <span class='ocrx_word' id='word_1_19' title='bbox 2021 820 2399 904; x_wconf 90' lang='lat' dir='ltr'>indebitas</span> <span class='ocrx_word' id='word_1_20' title='bbox 2434 829 2857 904; x_wconf 79' lang='lat' dir='ltr'>exerceant.</span> 
     </span>
    </p>
   </div>
   <div class='ocr_carea' id='block_1_4' title="bbox 1118 988 2712 1121">
    <p class='ocr_par' dir='ltr' id='par_1_4' title="bbox 1118 988 2712 1121">
     <span class='ocr_line' id='line_1_5' title="bbox 1118 988 2712 1121; baseline -0.001 -24"><span class='ocrx_word' id='word_1_21' title='bbox 1118 988 1333 1121; x_wconf 55' lang='lat' dir='ltr'>(mid.</span> <span class='ocrx_word' id='word_1_22' title='bbox 1366 1037 1676 1119; x_wconf 68' lang='lat' dir='ltr'>Taetrum,</span> <span class='ocrx_word' id='word_1_23' title='bbox 1711 1033 1978 1097; x_wconf 66' lang='lat' dir='ltr'>Clu-onie.</span> <span class='ocrx_word' id='word_1_24' title='bbox 2009 1032 2257 1112; x_wconf 67' lang='lat' dir='ltr'>Helvet„</span> <span class='ocrx_word' id='word_1_25' title='bbox 2283 1042 2327 1099; x_wconf 83' lang='lat' dir='ltr'>t.</span> <span class='ocrx_word' id='word_1_26' title='bbox 2363 1036 2418 1115; x_wconf 90' lang='lat'>1,</span> <span class='ocrx_word' id='word_1_27' title='bbox 2443 1054 2508 1113; x_wconf 88' lang='lat' dir='ltr'>p.</span> <span class='ocrx_word' id='word_1_28' title='bbox 2545 1036 2712 1116; x_wconf 79' lang='lat'>128.)</span> 
     </span>
    </p>
   </div>
   <div class='ocr_carea' id='block_1_5' title="bbox 963 1219 3798 2555">
    <p class='ocr_par' dir='ltr' id='par_1_5' title="bbox 963 1219 3798 2431">
     <span class='ocr_line' id='line_1_6' title="bbox 1063 1219 3796 1315; baseline -0 -23"><span class='ocrx_word' id='word_1_29' title='bbox 1063 1221 1460 1309; x_wconf 88' lang='lat' dir='ltr'>Heinricus,</span> <span class='ocrx_word' id='word_1_30' title='bbox 1503 1221 1630 1294; x_wconf 90' lang='lat' dir='ltr'>Dei</span> <span class='ocrx_word' id='word_1_31' title='bbox 1676 1221 1900 1315; x_wconf 82' lang='lat' dir='ltr'>gratia</span> <span class='ocrx_word' id='word_1_32' title='bbox 1934 1223 2399 1295; x_wconf 88' lang='lat' dir='ltr'>Romanorum</span> <span class='ocrx_word' id='word_1_33' title='bbox 2434 1242 2562 1294; x_wconf 85' lang='lat' dir='ltr'>rex</span> <span class='ocrx_word' id='word_1_34' title='bbox 2598 1240 2873 1315; x_wconf 87' lang='lat' dir='ltr'>semper</span> <span class='ocrx_word' id='word_1_35' title='bbox 2913 1229 3293 1315; x_wconf 84' lang='lat' dir='ltr'>augustus,</span> <span class='ocrx_word' id='word_1_36' title='bbox 3352 1219 3670 1292; x_wconf 90' lang='lat' dir='ltr'>officiatis</span> <span class='ocrx_word' id='word_1_37' title='bbox 3724 1228 3796 1293; x_wconf 91' lang='lat' dir='ltr'>et</span> 
     </span>
     <span class='ocr_line' id='line_1_7' title="bbox 963 1343 3796 1441; baseline -0.001 -24"><span class='ocrx_word' id='word_1_38' title='bbox 963 1346 1523 1441; x_wconf 84' lang='lat' dir='ltr'>procuratoribus</span> <span class='ocrx_word' id='word_1_39' title='bbox 1558 1345 1940 1440; x_wconf 88' lang='lat' dir='ltr'>ceterisque</span> <span class='ocrx_word' id='word_1_40' title='bbox 1982 1343 2308 1419; x_wconf 88' lang='lat' dir='ltr'>fidelibus</span> <span class='ocrx_word' id='word_1_41' title='bbox 2342 1343 2488 1418; x_wconf 89' lang='lat' dir='ltr'>suis</span> <span class='ocrx_word' id='word_1_42' title='bbox 2519 1346 2588 1415; x_wconf 90' lang='lat' dir='ltr'>in</span> <span class='ocrx_word' id='word_1_43' title='bbox 2617 1346 2802 1418; x_wconf 88' lang='lat' dir='ltr'>Ureu</span> <span class='ocrx_word' id='word_1_44' title='bbox 2833 1344 3222 1418; x_wconf 90' lang='lat' dir='ltr'>constitutis</span> <span class='ocrx_word' id='word_1_45' title='bbox 3265 1344 3555 1439; x_wconf 82' lang='lat' dir='ltr'>gratiam</span> <span class='ocrx_word' id='word_1_46' title='bbox 3596 1365 3796 1417; x_wconf 91' lang='lat' dir='ltr'>suam</span> 
     </span>
     <span class='ocr_line' id='line_1_8' title="bbox 965 1467 3796 1563; baseline -0.001 -20"><span class='ocrx_word' id='word_1_47' title='bbox 965 1479 1035 1543; x_wconf 91' lang='lat' dir='ltr'>et</span> <span class='ocrx_word' id='word_1_48' title='bbox 1081 1491 1286 1542; x_wconf 89' lang='lat' dir='ltr'>omne</span> <span class='ocrx_word' id='word_1_49' title='bbox 1322 1470 1613 1542; x_wconf 90' lang='lat' dir='ltr'>bonum.</span> <span class='ocrx_word' id='word_1_50' title='bbox 1651 1468 2066 1543; x_wconf 86' lang='lat' dir='ltr'>Mandamus</span> <span class='ocrx_word' id='word_1_51' title='bbox 2106 1469 2311 1542; x_wconf 88' lang='lat' dir='ltr'>vobis</span> <span class='ocrx_word' id='word_1_52' title='bbox 2361 1478 2705 1563; x_wconf 89' lang='lat' dir='ltr'>quatenus</span> <span class='ocrx_word' id='word_1_53' title='bbox 2740 1468 3235 1542; x_wconf 89' lang='lat' dir='ltr'>monasterium</span> <span class='ocrx_word' id='word_1_54' title='bbox 3268 1468 3359 1542; x_wconf 89' lang='lat' dir='ltr'>de</span> <span class='ocrx_word' id='word_1_55' title='bbox 3394 1467 3796 1561; x_wconf 82' lang='lat' dir='ltr'>Wettingen</span> 
     </span>
     <span class='ocr_line' id='line_1_9' title="bbox 966 1590 3796 1688; baseline 0 -24"><span class='ocrx_word' id='word_1_56' title='bbox 966 1592 1157 1688; x_wconf 92' lang='lat' dir='ltr'>quod</span> <span class='ocrx_word' id='word_1_57' title='bbox 1216 1592 1348 1664; x_wconf 90' lang='lat' dir='ltr'>sub</span> <span class='ocrx_word' id='word_1_58' title='bbox 1412 1600 1716 1665; x_wconf 89' lang='lat' dir='ltr'>nostram</span> <span class='ocrx_word' id='word_1_59' title='bbox 1778 1595 2273 1687; x_wconf 89' lang='lat' dir='ltr'>protectionem</span> <span class='ocrx_word' id='word_1_60' title='bbox 2336 1593 2705 1688; x_wconf 82' lang='lat' dir='ltr'>recipimus</span> <span class='ocrx_word' id='word_1_61' title='bbox 2718 1647 2737 1683; x_wconf 92' lang='lat'>,</span> <span class='ocrx_word' id='word_1_62' title='bbox 2808 1592 3214 1665; x_wconf 87' lang='lat' dir='ltr'>auctoritate</span> <span class='ocrx_word' id='word_1_63' title='bbox 3271 1600 3504 1664; x_wconf 89' lang='lat' dir='ltr'>nostra</span> <span class='ocrx_word' id='word_1_64' title='bbox 3567 1590 3796 1664; x_wconf 88' lang='lat' dir='ltr'>modis</span> 
     </span>
     <span class='ocr_line' id='line_1_10' title="bbox 967 1713 3798 1812; baseline -0.001 -22"><span class='ocrx_word' id='word_1_65' title='bbox 967 1715 1290 1790; x_wconf 89' lang='lat' dir='ltr'>omnibus</span> <span class='ocrx_word' id='word_1_66' title='bbox 1340 1715 1712 1789; x_wconf 82' lang='lat' dir='ltr'>defensetis</span> <span class='ocrx_word' id='word_1_67' title='bbox 1757 1737 1888 1789; x_wconf 90' lang='lat' dir='ltr'>nec</span> <span class='ocrx_word' id='word_1_68' title='bbox 1921 1716 1994 1788; x_wconf 89' lang='lat' dir='ltr'>in</span> <span class='ocrx_word' id='word_1_69' title='bbox 2033 1716 2506 1812; x_wconf 89' lang='lat' dir='ltr'>possessiones</span> <span class='ocrx_word' id='word_1_70' title='bbox 2539 1737 2664 1788; x_wconf 89' lang='lat' dir='ltr'>seu</span> <span class='ocrx_word' id='word_1_71' title='bbox 2701 1714 2774 1787; x_wconf 90' lang='lat' dir='ltr'>in</span> <span class='ocrx_word' id='word_1_72' title='bbox 2816 1713 3132 1788; x_wconf 91' lang='lat' dir='ltr'>homines</span> <span class='ocrx_word' id='word_1_73' title='bbox 3156 1713 3467 1808; x_wconf 84' lang='lat' dir='ltr'>ejusdem</span> <span class='ocrx_word' id='word_1_74' title='bbox 3503 1735 3798 1787; x_wconf 91' lang='lat' dir='ltr'>monas-</span> 
     </span>
     <span class='ocr_line' id='line_1_11' title="bbox 965 1838 3793 1935; baseline -0.002 -21"><span class='ocrx_word' id='word_1_75' title='bbox 965 1841 1117 1914; x_wconf 89' lang='lat' dir='ltr'>terii</span> <span class='ocrx_word' id='word_1_76' title='bbox 1154 1840 1548 1914; x_wconf 85' lang='lat' dir='ltr'>exactiones</span> <span class='ocrx_word' id='word_1_77' title='bbox 1583 1861 1707 1913; x_wconf 90' lang='lat' dir='ltr'>seu</span> <span class='ocrx_word' id='word_1_78' title='bbox 1739 1840 1961 1914; x_wconf 87' lang='lat' dir='ltr'>tallias</span> <span class='ocrx_word' id='word_1_79' title='bbox 1996 1840 2264 1935; x_wconf 86' lang='lat' dir='ltr'>aliquas</span> <span class='ocrx_word' id='word_1_80' title='bbox 2314 1841 2602 1914; x_wconf 85' lang='lat' dir='ltr'>faciatis.</span> <span class='ocrx_word' id='word_1_81' title='bbox 2658 1839 2738 1910; x_wconf 89' lang='lat' dir='ltr'>In</span> <span class='ocrx_word' id='word_1_82' title='bbox 2774 1839 2943 1911; x_wconf 89' lang='lat' dir='ltr'>locis</span> <span class='ocrx_word' id='word_1_83' title='bbox 2988 1859 3156 1911; x_wconf 92' lang='lat' dir='ltr'>vero</span> <span class='ocrx_word' id='word_1_84' title='bbox 3202 1860 3343 1933; x_wconf 90' lang='lat' dir='ltr'>que</span> <span class='ocrx_word' id='word_1_85' title='bbox 3376 1847 3607 1912; x_wconf 90' lang='lat' dir='ltr'>nostre</span> <span class='ocrx_word' id='word_1_86' title='bbox 3638 1838 3793 1910; x_wconf 89' lang='lat' dir='ltr'>atti-</span> 
     </span>
     <span class='ocr_line' id='line_1_12' title="bbox 963 1961 3795 2058; baseline -0 -22"><span class='ocrx_word' id='word_1_87' title='bbox 963 1975 1133 2037; x_wconf 86' lang='lat' dir='ltr'>nent</span> <span class='ocrx_word' id='word_1_88' title='bbox 1166 1964 1527 2038; x_wconf 86' lang='lat' dir='ltr'>advocatie</span> <span class='ocrx_word' id='word_1_89' title='bbox 1556 1963 1648 2037; x_wconf 94' lang='lat' dir='ltr'>de</span> <span class='ocrx_word' id='word_1_90' title='bbox 1682 1964 1939 2058; x_wconf 88' lang='lat' dir='ltr'>quibus</span> <span class='ocrx_word' id='word_1_91' title='bbox 1964 1965 2166 2038; x_wconf 89' lang='lat' dir='ltr'>nobis</span> <span class='ocrx_word' id='word_1_92' title='bbox 2201 1963 2484 2039; x_wconf 84' lang='lat' dir='ltr'>servitia</span> <span class='ocrx_word' id='word_1_93' title='bbox 2508 1961 2656 2037; x_wconf 90' lang='lat' dir='ltr'>fieri</span> <span class='ocrx_word' id='word_1_94' title='bbox 2680 1969 3215 2052; x_wconf 87' lang='lat' dir='ltr'>consueverunt,</span> <span class='ocrx_word' id='word_1_95' title='bbox 3255 1963 3579 2036; x_wconf 90' lang='lat' dir='ltr'>volumus</span> <span class='ocrx_word' id='word_1_96' title='bbox 3601 1962 3795 2058; x_wconf 90' lang='lat' dir='ltr'>quod</span> 
     </span>
     <span class='ocr_line' id='line_1_13' title="bbox 965 2084 3795 2184; baseline -0 -26"><span class='ocrx_word' id='word_1_97' title='bbox 965 2088 1251 2161; x_wconf 89' lang='lat' dir='ltr'>honeste</span> <span class='ocrx_word' id='word_1_98' title='bbox 1278 2096 1489 2182; x_wconf 88' lang='lat' dir='ltr'>atque</span> <span class='ocrx_word' id='word_1_99' title='bbox 1533 2087 1845 2161; x_wconf 90' lang='lat' dir='ltr'>modeste</span> <span class='ocrx_word' id='word_1_100' title='bbox 1879 2088 2067 2184; x_wconf 88' lang='lat' dir='ltr'>ipsos</span> <span class='ocrx_word' id='word_1_101' title='bbox 2109 2088 2414 2161; x_wconf 89' lang='lat' dir='ltr'>tractetis</span> <span class='ocrx_word' id='word_1_102' title='bbox 2454 2109 2586 2161; x_wconf 90' lang='lat' dir='ltr'>nec</span> <span class='ocrx_word' id='word_1_103' title='bbox 2616 2087 2869 2184; x_wconf 88' lang='lat' dir='ltr'>pejoris</span> <span class='ocrx_word' id='word_1_104' title='bbox 2905 2107 3025 2159; x_wconf 90' lang='lat' dir='ltr'>eos</span> <span class='ocrx_word' id='word_1_105' title='bbox 3074 2084 3489 2160; x_wconf 86' lang='lat' dir='ltr'>conditionis</span> <span class='ocrx_word' id='word_1_106' title='bbox 3530 2086 3795 2160; x_wconf 83' lang='lat' dir='ltr'>faciatis</span> 
     </span>
     <span class='ocr_line' id='line_1_14' title="bbox 965 2208 3795 2307; baseline -0 -24"><span class='ocrx_word' id='word_1_107' title='bbox 965 2232 1179 2305; x_wconf 90' lang='lat' dir='ltr'>quam</span> <span class='ocrx_word' id='word_1_108' title='bbox 1210 2211 1630 2307; x_wconf 85' lang='lat' dir='ltr'>temporibus</span> <span class='ocrx_word' id='word_1_109' title='bbox 1657 2212 2042 2285; x_wconf 87' lang='lat' dir='ltr'>fundatoris</span> <span class='ocrx_word' id='word_1_110' title='bbox 2067 2212 2176 2284; x_wconf 90' lang='lat' dir='ltr'>sui</span> <span class='ocrx_word' id='word_1_111' title='bbox 2211 2212 2489 2285; x_wconf 87' lang='lat' dir='ltr'>fuerint.</span> <span class='ocrx_word' id='word_1_112' title='bbox 2525 2211 2882 2307; x_wconf 89' lang='lat' dir='ltr'>Siquidem</span> <span class='ocrx_word' id='word_1_113' title='bbox 2911 2208 3044 2283; x_wconf 93' lang='lat' dir='ltr'>sub</span> <span class='ocrx_word' id='word_1_114' title='bbox 3070 2220 3303 2284; x_wconf 88' lang='lat' dir='ltr'>nostra</span> <span class='ocrx_word' id='word_1_115' title='bbox 3330 2209 3795 2284; x_wconf 88' lang='lat' dir='ltr'>dominatione</span> 
     </span>
     <span class='ocr_line' id='line_1_15' title="bbox 964 2334 2978 2431; baseline -0.001 -22"><span class='ocrx_word' id='word_1_116' title='bbox 964 2334 1284 2430; x_wconf 88' lang='lat' dir='ltr'>ampliori</span> <span class='ocrx_word' id='word_1_117' title='bbox 1311 2356 1429 2413; x_wconf 90' lang='lat' dir='ltr'>eos</span> <span class='ocrx_word' id='word_1_118' title='bbox 1455 2336 1778 2409; x_wconf 89' lang='lat' dir='ltr'>volumus</span> <span class='ocrx_word' id='word_1_119' title='bbox 1811 2357 1985 2431; x_wconf 89' lang='lat' dir='ltr'>pace</span> <span class='ocrx_word' id='word_1_120' title='bbox 2011 2344 2221 2430; x_wconf 88' lang='lat' dir='ltr'>atque</span> <span class='ocrx_word' id='word_1_121' title='bbox 2256 2335 2624 2409; x_wconf 78' lang='lat' dir='ltr'>securitate</span> <span class='ocrx_word' id='word_1_122' title='bbox 2647 2335 2978 2430; x_wconf 82' lang='lat' dir='ltr'>gaudere.</span> 
     </span>
    </p>

    <p class='ocr_par' dir='ltr' id='par_1_6' title="bbox 1057 2458 3204 2555">
     <span class='ocr_line' id='line_1_16' title="bbox 1057 2458 3204 2555; baseline 0 -25"><span class='ocrx_word' id='word_1_123' title='bbox 1057 2461 1308 2532; x_wconf 91' lang='lat' dir='ltr'>Datum</span> <span class='ocrx_word' id='word_1_124' title='bbox 1341 2459 1531 2555; x_wconf 89' lang='lat' dir='ltr'>apud</span> <span class='ocrx_word' id='word_1_125' title='bbox 1567 2460 1994 2554; x_wconf 83' lang='lat' dir='ltr'>Etzelingen,</span> <span class='ocrx_word' id='word_1_126' title='bbox 2032 2460 2237 2533; x_wconf 88' lang='lat' dir='ltr'>nonis</span> <span class='ocrx_word' id='word_1_127' title='bbox 2259 2459 2482 2552; x_wconf 88' lang='lat' dir='ltr'>junii,</span> <span class='ocrx_word' id='word_1_128' title='bbox 2526 2458 2899 2537; x_wconf 86' lang='lat' dir='ltr'>indictione</span> <span class='ocrx_word' id='word_1_129' title='bbox 2925 2467 3153 2539; x_wconf 83' lang='lat' dir='ltr'>sexta.</span> <span class='ocrx_word' id='word_1_130' title='bbox 3197 2496 3204 2499; x_wconf 50' lang='lat'><em>›</em></span> 
     </span>
    </p>
   </div>
   <div class='ocr_carea' id='block_1_6' title="bbox 2393 2761 3342 2772">
    <p class='ocr_par' dir='ltr' id='par_1_7' title="bbox 2393 2761 3342 2772">
     <span class='ocr_line' id='line_1_17' title="bbox 2393 2761 3342 2772; baseline -0.004 0"><span class='ocrx_word' id='word_1_131' title='bbox 2393 2761 3342 2772; x_wconf 48' lang='lat' dir='ltr'>..mm—Q</span> 
     </span>
    </p>
   </div>
   <div class='ocr_carea' id='block_1_7' title="bbox 965 3028 3796 3827">
    <p class='ocr_par' dir='ltr' id='par_1_8' title="bbox 965 3028 3795 3515">
     <span class='ocr_line' id='line_1_18' title="bbox 1072 3028 3795 3144; baseline -0.001 -28"><span class='ocrx_word' id='word_1_132' title='bbox 1072 3034 1443 3118; x_wconf 89' lang='lat' dir='ltr'>Henricus</span> <span class='ocrx_word' id='word_1_133' title='bbox 1468 3094 1492 3140; x_wconf 83' lang='grc'>,</span> <span class='ocrx_word' id='word_1_134' title='bbox 1568 3033 2095 3144; x_wconf 85' lang='lat' dir='ltr'>Romanorum</span> <span class='ocrx_word' id='word_1_135' title='bbox 2166 3056 2300 3113; x_wconf 86' lang='lat' dir='ltr'>rex</span> <span class='ocrx_word' id='word_1_136' title='bbox 2318 3089 2341 3134; x_wconf 84' lang='lat'>‚</span> <span class='ocrx_word' id='word_1_137' title='bbox 2417 3029 2817 3140; x_wconf 88' lang='lat' dir='ltr'>profitetur</span> <span class='ocrx_word' id='word_1_138' title='bbox 2899 3029 3343 3113; x_wconf 90' lang='lat' dir='ltr'>Cunradum</span> <span class='ocrx_word' id='word_1_139' title='bbox 3424 3031 3522 3113; x_wconf 89' lang='lat' dir='ltr'>de</span> <span class='ocrx_word' id='word_1_140' title='bbox 3590 3028 3795 3117; x_wconf 88' lang='lat' dir='ltr'>Nor-</span> 
     </span>
     <span class='ocr_line' id='line_1_19' title="bbox 966 3159 3786 3276; baseline -0.001 -27"><span class='ocrx_word' id='word_1_141' title='bbox 966 3178 1092 3249; x_wconf 89' lang='lat' dir='ltr'>ten</span> <span class='ocrx_word' id='word_1_142' title='bbox 1104 3167 1288 3276; x_wconf 84' lang='lat' dir='ltr'>berg</span> <span class='ocrx_word' id='word_1_143' title='bbox 1324 3165 1467 3248; x_wconf 90' lang='lat' dir='ltr'>sibi</span> <span class='ocrx_word' id='word_1_144' title='bbox 1515 3165 1818 3250; x_wconf 86' lang='lat' dir='ltr'>tertiam</span> <span class='ocrx_word' id='word_1_145' title='bbox 1861 3173 2160 3274; x_wconf 90' lang='lat' dir='ltr'>partem</span> <span class='ocrx_word' id='word_1_146' title='bbox 2206 3162 2645 3246; x_wconf 83' lang='lat' dir='ltr'>advocatiae</span> <span class='ocrx_word' id='word_1_147' title='bbox 2683 3163 2763 3244; x_wconf 89' lang='lat' dir='ltr'>in</span> <span class='ocrx_word' id='word_1_148' title='bbox 2803 3159 3181 3246; x_wconf 88' lang='lat' dir='ltr'>Gebsattel</span> <span class='ocrx_word' id='word_1_149' title='bbox 3242 3161 3748 3272; x_wconf 86' lang='lat' dir='ltr'>resignavisse</span> <span class='ocrx_word' id='word_1_150' title='bbox 3760 3223 3786 3265; x_wconf 90' lang='lat'>,</span> 
     </span>
     <span class='ocr_line' id='line_1_20' title="bbox 968 3293 3793 3409; baseline -0.002 -26"><span class='ocrx_word' id='word_1_151' title='bbox 968 3310 1043 3384; x_wconf 93' lang='lat' dir='ltr'>et</span> <span class='ocrx_word' id='word_1_152' title='bbox 1090 3327 1170 3382; x_wconf 90' lang='lat' dir='ltr'>se</span> <span class='ocrx_word' id='word_1_153' title='bbox 1213 3308 1475 3409; x_wconf 84' lang='lat' dir='ltr'>postea</span> <span class='ocrx_word' id='word_1_154' title='bbox 1518 3297 1919 3396; x_wconf 86' lang='lat' dir='ltr'>conventui</span> <span class='ocrx_word' id='word_1_155' title='bbox 1964 3297 2061 3380; x_wconf 91' lang='lat' dir='ltr'>de</span> <span class='ocrx_word' id='word_1_156' title='bbox 2112 3295 2498 3404; x_wconf 85' lang='lat' dir='ltr'>Kamberg</span> <span class='ocrx_word' id='word_1_157' title='bbox 2543 3293 3025 3406; x_wconf 85' lang='lat' dir='ltr'>(Comburg)</span> <span class='ocrx_word' id='word_1_158' title='bbox 3073 3295 3423 3392; x_wconf 83' lang='lat' dir='ltr'>eamdem</span> <span class='ocrx_word' id='word_1_159' title='bbox 3471 3304 3793 3379; x_wconf 90' lang='lat' dir='ltr'>contra-</span> 
     </span>
     <span class='ocr_line' id='line_1_21' title="bbox 965 3432 1274 3515; baseline 0.003 -2"><span class='ocrx_word' id='word_1_160' title='bbox 965 3432 1274 3515; x_wconf 84' lang='lat' dir='ltr'>didisse.</span> 
     </span>
    </p>

    <p class='ocr_par' dir='ltr' id='par_1_9' title="bbox 1138 3639 3796 3827">
     <span class='ocr_line' id='line_1_22' title="bbox 1138 3639 3796 3725; baseline -0.002 -17"><span class='ocrx_word' id='word_1_161' title='bbox 1138 3647 1483 3725; x_wconf 87' lang='lat' dir='ltr'>(Memorat.</span> <span class='ocrx_word' id='word_1_162' title='bbox 1513 3644 1671 3722; x_wconf 89' lang='lat' dir='ltr'>apud</span> <span class='ocrx_word' id='word_1_163' title='bbox 1705 3643 2028 3719; x_wconf 73' lang='lat' dir='ltr'>Romnum,</span> <span class='ocrx_word' id='word_1_164' title='bbox 2062 3642 2290 3722; x_wconf 73' lang='lat' dir='ltr'>Reqest.</span> <span class='ocrx_word' id='word_1_165' title='bbox 2318 3642 2516 3720; x_wconf 79' lang='lat' dir='ltr'>imper.</span> <span class='ocrx_word' id='word_1_166' title='bbox 2531 3682 2552 3717; x_wconf 87' lang='lat'><em>,</em></span> <span class='ocrx_word' id='word_1_167' title='bbox 2585 3657 2649 3718; x_wconf 88' lang='lat' dir='ltr'>p.</span> <span class='ocrx_word' id='word_1_168' title='bbox 2682 3648 2834 3717; x_wconf 76' lang='lat'>244,</span> <span class='ocrx_word' id='word_1_169' title='bbox 2863 3649 2930 3701; x_wconf 82' lang='lat' dir='ltr'>n⁰</span> <span class='ocrx_word' id='word_1_170' title='bbox 2960 3649 3113 3715; x_wconf 76' lang='lat'><strong>804,</strong></span> <span class='ocrx_word' id='word_1_171' title='bbox 3150 3657 3227 3702; x_wconf 84' lang='lat' dir='ltr'>ex</span> <span class='ocrx_word' id='word_1_172' title='bbox 3263 3640 3522 3720; x_wconf 85' lang='lat' dir='ltr'>quodam</span> <span class='ocrx_word' id='word_1_173' title='bbox 3547 3639 3796 3702; x_wconf 71' lang='lat' dir='ltr'>vidimus</span> 
     </span>
     <span class='ocr_line' id='line_1_23' title="bbox 1207 3745 3550 3827; baseline -0.004 -12"><span class='ocrx_word' id='word_1_174' title='bbox 1207 3753 1494 3815; x_wconf 83' lang='lat' dir='ltr'>Ludovicl</span> <span class='ocrx_word' id='word_1_175' title='bbox 1518 3751 1735 3812; x_wconf 82' lang='lat' dir='ltr'>Bavari</span> <span class='ocrx_word' id='word_1_176' title='bbox 1760 3750 1835 3812; x_wconf 84' lang='lat' dir='ltr'>de</span> <span class='ocrx_word' id='word_1_177' title='bbox 1854 3766 2012 3812; x_wconf 88' lang='lat' dir='ltr'>anno</span> <span class='ocrx_word' id='word_1_178' title='bbox 2040 3757 2215 3823; x_wconf 81' lang='lat'><strong>1318,</strong></span> <span class='ocrx_word' id='word_1_179' title='bbox 2248 3756 2285 3809; x_wconf 82' lang='lat'><strong>6</strong></span> <span class='ocrx_word' id='word_1_180' title='bbox 2312 3745 2672 3821; x_wconf 80' lang='lat' dir='ltr'>novembris,</span> <span class='ocrx_word' id='word_1_181' title='bbox 2695 3748 2763 3808; x_wconf 78' lang='lat' dir='ltr'>lu</span> <span class='ocrx_word' id='word_1_182' title='bbox 2786 3748 3029 3810; x_wconf 77' lang='lat' dir='ltr'>archivo</span> <span class='ocrx_word' id='word_1_183' title='bbox 3055 3745 3550 3827; x_wconf 77' lang='lat' dir='ltr'>wirzburgensi.)</span> 
     </span>
    </p>
   </div>
   <div class='ocr_carea' id='block_1_8' title="bbox 970 3933 3795 4407">
    <p class='ocr_par' dir='ltr' id='par_1_10' title="bbox 970 3933 3795 4407">
     <span class='ocr_line' id='line_1_24' title="bbox 1065 3933 3795 4029; baseline -0.003 -16"><span class='ocrx_word' id='word_1_184' title='bbox 1065 3943 1296 4014; x_wconf 87' lang='lat' dir='ltr'>Testes</span> <span class='ocrx_word' id='word_1_185' title='bbox 1329 3939 1430 4011; x_wconf 90' lang='lat' dir='ltr'>hii</span> <span class='ocrx_word' id='word_1_186' title='bbox 1451 3948 1614 4012; x_wconf 90' lang='lat' dir='ltr'>sunt</span> <span class='ocrx_word' id='word_1_187' title='bbox 1646 3936 2032 4009; x_wconf 88' lang='lat' dir='ltr'>:Dietricus</span> <span class='ocrx_word' id='word_1_188' title='bbox 2061 3934 2496 4008; x_wconf 87' lang='lat' dir='ltr'>Treverensis</span> <span class='ocrx_word' id='word_1_189' title='bbox 2518 3933 3109 4029; x_wconf 88' lang='lat' dir='ltr'>archiepiscopus,</span> <span class='ocrx_word' id='word_1_190' title='bbox 3140 3933 3578 4006; x_wconf 89' lang='lat' dir='ltr'>Hermannus</span> <span class='ocrx_word' id='word_1_191' title='bbox 3611 3934 3795 4006; x_wconf 87' lang='lat' dir='ltr'>Her-</span> 
     </span>
     <span class='ocr_line' id='line_1_25' title="bbox 974 4057 3795 4159; baseline -0.002 -23"><span class='ocrx_word' id='word_1_192' title='bbox 974 4064 1349 4159; x_wconf 89' lang='lat' dir='ltr'>bipolensis</span> <span class='ocrx_word' id='word_1_193' title='bbox 1408 4063 1771 4157; x_wconf 92' lang='lat' dir='ltr'>episcopus</span> <span class='ocrx_word' id='word_1_194' title='bbox 1789 4118 1806 4149; x_wconf 89' lang='lat'><strong>,</strong></span> <span class='ocrx_word' id='word_1_195' title='bbox 1867 4058 2280 4133; x_wconf 88' lang='lat' dir='ltr'>Bartholdus</span> <span class='ocrx_word' id='word_1_196' title='bbox 2317 4057 2838 4151; x_wconf 83' lang='lat' dir='ltr'>Argentinensis</span> <span class='ocrx_word' id='word_1_197' title='bbox 2895 4057 3297 4153; x_wconf 89' lang='lat' dir='ltr'>episcopus,</span> <span class='ocrx_word' id='word_1_198' title='bbox 3359 4059 3795 4130; x_wconf 88' lang='lat' dir='ltr'>Hermannus</span> 
     </span>
     <span class='ocr_line' id='line_1_26' title="bbox 972 4180 3795 4279; baseline -0.002 -20"><span class='ocrx_word' id='word_1_199' title='bbox 972 4187 1276 4259; x_wconf 88' lang='lat' dir='ltr'>marchio</span> <span class='ocrx_word' id='word_1_200' title='bbox 1314 4185 1404 4257; x_wconf 92' lang='lat' dir='ltr'>de</span> <span class='ocrx_word' id='word_1_201' title='bbox 1431 4185 1703 4274; x_wconf 90' lang='lat' dir='ltr'>Baden‚</span> <span class='ocrx_word' id='word_1_202' title='bbox 1753 4183 2111 4257; x_wconf 89' lang='lat' dir='ltr'>Conradus</span> <span class='ocrx_word' id='word_1_203' title='bbox 2156 4183 2487 4279; x_wconf 85' lang='lat' dir='ltr'>pincerna</span> <span class='ocrx_word' id='word_1_204' title='bbox 2535 4182 2626 4256; x_wconf 91' lang='lat' dir='ltr'>de</span> <span class='ocrx_word' id='word_1_205' title='bbox 2660 4180 3144 4275; x_wconf 79' lang='lat' dir='ltr'>Clingenberc,</span> <span class='ocrx_word' id='word_1_206' title='bbox 3197 4190 3367 4275; x_wconf 88' lang='lat' dir='ltr'>etc.,</span> <span class='ocrx_word' id='word_1_207' title='bbox 3406 4180 3795 4254; x_wconf 91' lang='lat' dir='ltr'>Fridericus</span> 
     </span>
     <span class='ocr_line' id='line_1_27' title="bbox 970 4303 3301 4407; baseline -0.001 -24"><span class='ocrx_word' id='word_1_208' title='bbox 970 4309 1324 4407; x_wconf 89' lang='lat' dir='ltr'>quondam</span> <span class='ocrx_word' id='word_1_209' title='bbox 1353 4308 1684 4381; x_wconf 90' lang='lat' dir='ltr'>scultetus</span> <span class='ocrx_word' id='word_1_210' title='bbox 1713 4308 2085 4397; x_wconf 89' lang='lat' dir='ltr'>Hallensis‚</span> <span class='ocrx_word' id='word_1_211' title='bbox 2124 4306 2488 4378; x_wconf 89' lang='lat' dir='ltr'>Heinricus</span> <span class='ocrx_word' id='word_1_212' title='bbox 2510 4303 2908 4378; x_wconf 88' lang='lat' dir='ltr'>Inmodicus</span> <span class='ocrx_word' id='word_1_213' title='bbox 2935 4306 3301 4380; x_wconf 87' lang='lat' dir='ltr'>Hallensis.</span> 
     </span>
    </p>
   </div>
   <div class='ocr_carea' id='block_1_9' title="bbox 1068 4411 2493 4526">
    <p class='ocr_par' dir='ltr' id='par_1_11' title="bbox 1068 4411 2493 4526">
     <span class='ocr_line' id='line_1_28' title="bbox 1068 4411 2493 4526; baseline -0.003 -21"><span class='ocrx_word' id='word_1_214' title='bbox 1068 4436 1321 4507; x_wconf 90' lang='lat' dir='ltr'>Datum</span> <span class='ocrx_word' id='word_1_215' title='bbox 1358 4453 1541 4507; x_wconf 90' lang='lat' dir='ltr'>anno</span> <span class='ocrx_word' id='word_1_216' title='bbox 1566 4430 1842 4504; x_wconf 89' lang='lat' dir='ltr'>Domini</span> <span class='ocrx_word' id='word_1_217' title='bbox 1878 4411 2334 4504; x_wconf 89' lang='lat' dir='ltr'>MCCXXXIII</span> <span class='ocrx_word' id='word_1_218' title='bbox 2367 4426 2493 4526; x_wconf 73' lang='grc'>(1).</span> 
     </span>
    </p>
   </div>
   <div class='ocr_carea' id='block_1_10' title="bbox 1046 4657 3793 4759">
    <p class='ocr_par' dir='ltr' id='par_1_12' title="bbox 1046 4657 3793 4759">
     <span class='ocr_line' id='line_1_29' title="bbox 1046 4657 3793 4759; baseline -0.001 -18"><span class='ocrx_word' id='word_1_219' title='bbox 1046 4685 1117 4759; x_wconf 80' lang='lat' dir='ltr'>(t)</span> <span class='ocrx_word' id='word_1_220' title='bbox 1157 4686 1316 4742; x_wconf 89' lang='lat' dir='ltr'>Deest</span> <span class='ocrx_word' id='word_1_221' title='bbox 1344 4683 1545 4743; x_wconf 88' lang='lat' dir='ltr'>notatio</span> <span class='ocrx_word' id='word_1_222' title='bbox 1584 4683 1686 4742; x_wconf 90' lang='lat' dir='ltr'>loci</span> <span class='ocrx_word' id='word_1_223' title='bbox 1717 4689 1775 4742; x_wconf 91' lang='lat' dir='ltr'>et</span> <span class='ocrx_word' id='word_1_224' title='bbox 1814 4681 2033 4740; x_wconf 88' lang='lat' dir='ltr'>mensis.</span> <span class='ocrx_word' id='word_1_225' title='bbox 2071 4682 2151 4740; x_wconf 81' lang='lat' dir='ltr'>Ex</span> <span class='ocrx_word' id='word_1_226' title='bbox 2182 4681 2490 4741; x_wconf 90' lang='lat' dir='ltr'>nominibus</span> <span class='ocrx_word' id='word_1_227' title='bbox 2530 4697 2663 4741; x_wconf 89' lang='lat' dir='ltr'>vero</span> <span class='ocrx_word' id='word_1_228' title='bbox 2697 4681 3005 4740; x_wconf 90' lang='lat' dir='ltr'>ultimorum</span> <span class='ocrx_word' id='word_1_229' title='bbox 3047 4682 3292 4755; x_wconf 76' lang='lat' dir='ltr'>testium,</span> <span class='ocrx_word' id='word_1_230' title='bbox 3337 4681 3525 4741; x_wconf 84' lang='lat' dir='ltr'>callide</span> <span class='ocrx_word' id='word_1_231' title='bbox 3567 4657 3793 4756; x_wconf 79' lang='lat' dir='ltr'>conjecit</span> 
     </span>
    </p>
   </div>
  </div>
 </body>
</html>
