4500 5956
579 632 789 690 lamet..
815 625 897 707 7.]
1485 621 1877 683 HISTORIA
1933 619 2517 681 DIPLOMATICA.
3286 615 3407 676 653

584 760 819 855 quieta
875 768 945 832 et
1015 756 1306 854 pacifica
1371 755 1772 851 poffiideant
1837 754 2306 851 possessione;
2369 752 2779 826 mandantes
2814 759 2883 823 et
2940 771 3063 845 per
3114 749 3403 842 gratiam

582 893 889 956 nostram
953 880 1343 954 firmissime
1399 880 1852 974 precipientes
1905 878 2004 975 (a)
2052 888 2130 950 ut
2175 880 2367 950 nulla
2423 877 2704 950 omnino
2753 895 3040 972 persona
3107 875 3242 945 alta
3290 873 3403 945 vel

582 1006 862 1078 humilis
895 1005 1125 1099 ipsum
1159 1013 1231 1076 et
1260 1004 1620 1076 ecclesiam
1652 1025 1854 1076 suam
1891 1012 1961 1076 et
1993 1023 2424 1075 successores
2456 1023 2620 1074 suos
2656 1001 2729 1072 in
2768 999 3098 1094 prelibata
3134 1019 3404 1092 posses-

581 1128 776 1201 sione
822 1138 891 1201 et
941 1127 1374 1200 restitutione
1434 1127 1566 1221 ipsi
1628 1127 2020 1219 adjudicata
2074 1126 2333 1199 audeat
2380 1125 2778 1219 perturbare
2827 1124 2938 1196 vel
2991 1121 3397 1214 inquietare.

584 1251 785 1336 Quod
827 1252 952 1344 qui
985 1252 1225 1324 fecerit
1255 1274 1297 1322 a
1328 1250 1547 1340 gratia
1575 1249 1666 1321 sit
1702 1251 2054 1322 exclusus.

678 1380 912 1446 Testes
956 1386 1114 1444 sunt
1148 1376 1214 1444 hi
1260 1402 1272 1442 :
1312 1378 1380 1442 S.
1426 1376 1842 1444 venerabilis
1880 1376 2325 1464 Moguntinus
2359 1374 2943 1464 archiopiscopus²
2983 1372 3061 1438 H.
3105 1370 3405 1440 marchio

584 1500 670 1570 de
714 1498 968 1586 Radia,
1026 1552 1040 1566 .
1072 1554 1086 1568 .
1122 1552 1136 1566 .
1198 1498 1346 1568 dux
1386 1498 1472 1566 (le
1506 1498 1758 1584 Tecke,
1804 1500 1876 1564 B.
1928 1498 2074 1566 dux
2114 1498 2363 1589 Spoleti
2407 1498 2533 1588 1),
2571 1498 2649 1564 Ε.
2703 1516 2927 1564 comos
2969 1494 3055 1562 de
3097 1494 3397 1580 Frilmrc,

593 1678 606 1691 .
642 1676 654 1690 .
690 1676 704 1692 .
752 1644 980 1692 comes
1030 1622 1118 1692 de
1174 1622 1626 1708 Lewinslain‚
1672 1624 1754 1688 H.
1810 1620 1896 1690 de
1942 1622 2146 1690 Nissin
2192 1632 2257 1690 et
2305 1622 2441 1690 duo
2481 1620 2595 1688 lilii
2629 1622 2773 1708 ejus
2805 1620 2885 1686 H.
2931 1628 2995 1686 ot
3027 1618 3403 1704 Celsi-idus,

588 1746 660 1814 C.
708 1746 794 1814 de
836 1748 1104 1832 Durna,
1152 1746 1264 1812 W.
1314 1746 1642 1836 pincerna
1704 1744 1790 1812 de
1842 1746 2190 1834 Lirupure,
2253 1746 2323 1810 C.
2385 1744 2705 1834 pincerna
2761 1744 2849 1810 de
2901 1742 3401 1824 Winterstelin,

586 1868 1006 1941 Lude-*wicus
1040 1870 1126 1939 tle
1178 1870 1506 1953 Schill'ha,
1548 1870 1622 1937 C.
1664 1868 1750 1939 do
1780 1870 2170 1961 WinsperC,
2217 1878 2281 1937 ol
2311 1870 2421 1937 alii
2453 1868 2915 1959 quamplures,

682 1995 930 2061 Actum
964 1993 1150 2085 apud
1180 1995 1604 2085 Winpinam‚
1650 2015 1828 2061 anno
1864 1995 2136 2061 Domini
2179 1993 2533 2061 millesimo
2573 1989 3037 2059 ducentesimo
3073 1988 3407 2057 tricesimo

586 2129 852 2207 quarm,
892 2117 976 2185 VI
1010 2117 1164 2185 idus
1202 2117 1388 2201 maii,
1426 2115 1798 2187 indictione
1828 2119 1968 2184 VH.

685 2669 1054 2752 Henricus
1076 2730 1101 2776 ‚
1159 2669 1679 2752 Romanorum
1741 2695 1876 2750 rex
1897 2731 1920 2775 ,
1979 2667 2492 2779 burgensibus
2545 2679 2619 2750 et
2681 2669 3051 2752 universis
3103 2697 3402 2756 consu-
3489 2695 3767 2797 qifngxffif.

585 2800 782 2884 libus
818 2811 895 2883 et
929 2800 1221 2884 civibus
1262 2800 1654 2884 Goslariae
1698 2801 2014 2882 mandat
2048 2811 2136 2883 ut
2187 2801 2736 2883 monasterium
2779 2803 2876 2884 de
2911 2802 3400 2888 Walkenried

585 2933 922 3017 immune
984 2942 1532 3017 manuteneant
1585 2959 1632 3015 a
1684 2933 2054 3016 theloneis
2114 2942 2190 3016 et
2231 2932 2751 3016 exactionibus
2814 2960 3010 3044 quae
3072 2936 3171 3019 ab
3213 2937 3399 3047 ipsis

584 3063 899 3174 imperio
943 3066 1348 3174 debentur,
1391 3066 1581 3148 dum
1618 3067 1887 3148 eadem
1931 3065 2244 3149 ecclesia
2298 3093 2433 3176 per
2468 3067 2947 3177 privilegium
2992 3070 3228 3178 patris
3283 3070 3402 3153 sui

587 3207 658 3280 et
692 3225 920 3282 suum
955 3200 1167 3283 omni
1204 3199 1505 3283 servitio
1541 3199 1782 3282 libera
1817 3226 1981 3282 esse
2016 3200 2313 3283 debeat.

668 3386 753 3467 (a)
794 3388 913 3465 Ap.
945 3386 1245 3448 Schannat
1265 3388 1676 3468 praecipimus,
1706 3389 1905 3447 minus
1929 3392 2107 3448 recte.

657 3663 730 3737 (⁴)
763 3664 1057 3736 Postquam
1082 3662 1390 3737 Raynaldus
1415 3663 1525 3721 dux
1547 3662 1747 3736 Spoleti
1776 3662 2190 3735 indignationem
2214 3663 2553 3736 imperatoris
2575 3664 2882 3734 incurrerit,
2911 3645 3223 3722 Bertholdus
3243 3665 3405 3722 frater

587 3760 697 3831 ejus
714 3760 772 3816 in
800 3761 1145 3817 Introducum
1163 3777 1223 3818 se
1246 3760 1451 3834 recepit
1479 3759 1607 3833 (vid.
1646 3775 1841 3831 supra,
1866 3766 1908 3816 t.
1936 3760 2038 3828 111,
2064 3777 2121 3833 p.
2150 3765 2255 3820 286
2275 3803 2289 3831 ,
2310 3765 2422 3818 not.
2449 3760 2517 3832 ⁴),
2551 3760 2644 3817 ubi
2684 3775 2854 3832 usque
2882 3761 2950 3816 ad
2978 3775 3105 3818 ann.
3132 3764 3271 3817 4233
3298 3760 3399 3818 ob-

584 3871 761 3914 sessus
788 3857 1070 3914 remansit.
1094 3857 1257 3929 Cujus
1281 3855 1603 3913 deditionem
1623 3855 1710 3914 his
1728 3855 1909 3913 verbis
1935 3856 2228 3913 Riccardus
2250 3856 2319 3912 de
2347 3858 2544 3914 Sancto
2568 3856 2837 3913 Germano
2864 3862 3113 3912 enarrat:
3141 3877 3167 3909 α
3191 3855 3402 3929 [Mense

587 3952 754 4028 aprili]
781 3954 1073 4011 Rainaldus
1111 3954 1285 4011 dictus
1322 3954 1432 4009 dux
1454 3953 1657 4026 Spoleti
1700 3953 1948 4011 mandato
1982 3953 2320 4027 imperatoris
2354 3954 2567 4009 ducitur
2603 3955 2746 4026 apud
2772 3953 3117 4011 Introducum
3133 3954 3235 4010 sub
3270 3970 3403 4012 cus-

585 4049 723 4107 todia
747 4051 822 4107 ab
841 4051 1071 4107 Henrico
1092 4051 1160 4108 de
1184 4052 1362 4109 Morra
1384 4051 1636 4125 magistro
1649 4050 1953 4125 justitiario,
1979 4057 2040 4106 ut
2062 4051 2205 4107 idem
2221 4051 2331 4109 dux
2350 4056 2584 4107 castrum
2610 4050 2788 4123 ipsum
2808 4049 2958 4106 reddi
2981 4050 3138 4107 faciat
3159 4051 3402 4124 impera-

585 4146 679 4201 tori
702 4163 732 4203 a
756 4148 1041 4205 Bertholdo
1069 4147 1233 4206 fratre
1251 4165 1348 4206 suo
1369 4149 1460 4222 qui
1488 4149 1617 4205 illud
1643 4148 1880 4205 tenebat.
1908 4148 2062 4217 Quod
2088 4148 2267 4204 facere
2288 4148 2431 4204 idem
2448 4146 2765 4203 Bertholdus
2787 4147 2857 4204 ad
2878 4148 3236 4204 interventum
3263 4150 3402 4207 Mes·

585 4246 825 4302 sanensis
871 4245 1257 4321 archiepiscopi
1288 4246 1611 4320 repromisit.
1651 4232 1725 4289 --’
1761 4247 1944 4304 Mense
1964 4245 2094 4317 julio
2123 4245 2437 4302 Bertholdus
2454 4244 2795 4301 Introducum
2831 4245 3086 4318 magistro
3112 4245 3400 4317 justitiario

584 4342 892 4415 resignavit,
923 4348 979 4399 et
996 4344 1111 4416 ipse
1131 4360 1255 4400 cum
1280 4344 1416 4401 duce
1443 4344 1608 4401 fratre
1629 4358 1727 4402 suo
1750 4348 2087 4400 assecuratus
2109 4342 2244 4399 abiit
2266 4348 2417 4400 extra
2436 4359 2659 4415 regnum
2676 4358 2782 4414 quo
2798 4342 2981 4400 voluit.
3014 4361 3040 4395 n
3062 4342 3201 4411 Quin
3220 4345 3285 4400 de
3298 4344 3401 4402 isto

583 4436 864 4496 Bettholdo
901 4440 956 4495 in
993 4440 1269 4513 privilegio
1302 4440 1516 4497 Henrici
1548 4441 1690 4514 regis
1721 4446 1907 4513 agatur
1941 4456 2050 4497 non
2075 4440 2400 4496 dubitamus.
2432 4439 2664 4495 Titulum
2699 4439 2849 4496 ducis
2882 4438 3079 4512 Spoleti
3114 4449 3236 4512 post
3255 4442 3403 4514 Ray-

586 4532 730 4589 naldi
753 4534 934 4592 fratris
950 4536 1033 4593 sui
1063 4543 1292 4595 mortem
1319 4537 1677 4594 verisimiliter
1703 4538 1928 4611 adeptus
1948 4542 2082 4593 erat.
2111 4537 2295 4593 Fuerit
2321 4552 2388 4592 ne
2416 4543 2595 4595 tamen
2621 4537 2678 4592 in
2695 4537 2917 4609 gratiam
2938 4536 3269 4609 imperatoris
3286 4538 3405 4609 jam

587 4637 852 4704 receptus,
890 4648 959 4689 an
988 4633 1171 4706 potius
1200 4634 1342 4707 apud
1378 4650 1561 4707 regem
1590 4634 1883 4692 honorifice
1909 4639 2162 4692 tractatus
2193 4650 2261 4691 ea
2290 4633 2407 4708 ipsa
2431 4651 2595 4693 causa
2622 4636 2765 4708 quod
2789 4635 2859 4691 ab
2885 4635 3206 4705 imperatore
3240 4633 3405 4691 hosti-

589 4726 711 4785 liter
735 4728 1040 4803 haberetur,
1067 4746 1176 4787 non
1207 4735 1293 4789 sat
1318 4731 1459 4789 bene
1481 4738 1708 4789 constat.
