4500 5956
636 627 842 689 lsnlcr.
876 627 970 704 5.]
1543 626 1937 689 HISTORIA
1985 626 2574 688 mnoua‘rtcA.
3349 626 3472 687 559

636 785 823 846 ram3
880 762 1052 856 quin
1082 762 1222 836 imo
1259 762 1588 836 volumus
1629 772 1709 834 ut
1759 764 2036 859 penitus
2083 765 2174 837 ab
2222 764 2334 836 his
2379 764 2865 838 exactionibus
2911 764 3053 835 sint
3073 763 3377 858 exempti
3402 770 3472 835 et

633 885 956 969 extracti,
991 885 1159 978 quia
1185 884 1410 981 ipsam
1441 886 1800 960 ecclesiam
1822 887 2108 982 speciali
2136 888 2619 984 amplectimur
2640 887 3032 961 devotione.
3063 886 3472 960 Mandantes

636 1009 1078 1083 universitati
1117 1018 1348 1083 vestre
1384 1005 1506 1107 [et]
1537 1032 1657 1105 per
1681 1010 1974 1104 gratiam
2006 1020 2312 1086 nostram
2345 1009 2632 1084 firmiter
2646 1011 3097 1107 precipientes
3124 1018 3469 1105 qnatenus

635 1132 723 1206 de
748 1133 1020 1227 reliquo
1051 1133 1316 1205 nullam
1359 1133 1738 1229 precariam
1771 1156 1817 1207 a
1845 1134 1991 1209 sale
2031 1156 2173 1229 quo
2209 1135 2524 1229 indigent
2567 1136 2866 1230 exigatis
2914 1136 3030 1209 vel
3072 1135 3461 1230 requiratis.

637 1257 838 1342 Quod
862 1258 1156 1351 quinon
1183 1257 1426 1330 fecerit
1467 1256 2014 1352 indignationem
2042 1260 2531 1357 omnipotentis
2562 1261 2688 1334 Dei
2729 1269 2803 1334 et
2835 1262 3051 1334 nostri
3088 1282 3167 1334 se
3197 1260 3468 1334 noverit

638 1380 1209 1454 certitudinaliter
1232 1380 1627 1455 incurrisse.

726 1505 977 1577 Datum
1019 1502 1213 1599 apud
1243 1505 1614 1599 Hagenau,
1655 1528 1839 1581 anno
1871 1507 2221 1582 dominice
2265 1507 2756 1582 incarnationis
2796 1508 3251 1581 M.CC.XXX1
3270 1562 3291 1601 ,
3337 1509 3462 1581 XII

638 1628 959 1703 calendas
979 1628 1321 1722 januarii,
1358 1629 1738 1704 indictione
1763 1631 2033 1725 quinta.

1058 1900 1733 1913 ”qm-

735 2186 1144 2296 HenricuS‚
1185 2189 1707 2274 Romanorum
1742 2215 1874 2273 rex
1891 2250 1916 2297 ,
1955 2188 2219 2275 villam
2255 2187 2620 2272 Tatinriet
2656 2185 2952 2301 (Delle)
2999 2186 3099 2269 ab
3142 2185 3465 2296 Hugone
3548 2206 3814 2314 „⁸32⁶”

635 2318 904 2404 abbate
954 2320 1427 2406 Morbacensi
1482 2322 1563 2404 in
1618 2332 1912 2407 rectum
1966 2322 2287 2406 feudum
2335 2332 2697 2432 perpetuo
2749 2320 3292 2431 possidendam
3344 2343 3468 2401 re·-
3524 2289 3848 2358 ³¹⁶⁰⁰⁸¹³⁵³¹⁸3

634 2452 845 2561 cipit,
886 2480 977 2536 ea
1012 2456 1444 2539 conditione
1480 2463 1567 2538 ut
1610 2456 1893 2539 ibidem
1931 2456 2300 2565 oppidum
2348 2463 2739 2565 construat
2782 2453 2902 2563 cuj
2911 2481 3002 2536 us
3053 2462 3464 2562 proventus

635 2587 1047 2696 aequaliter
1102 2615 1282 2673 cum
1353 2588 1629 2673 abbate
1701 2590 2022 2696 dividet,
2092 2614 2494 2699 nunquam
2555 2588 3029 2697 praedictum
3095 2585 3463 2694 oppidum

630 2746 1115 2832 quocumque
1149 2721 1373 2805 titulo
1407 2722 1507 2805 ab
1543 2721 1863 2830 imperio
1898 2722 2394 2805 alienaturus.

788 2946 1068 3030 (Edider.
1115 2950 1533 3029 Senonum,
1560 2947 1757 3012 Altae.
1789 2946 2116 3031 diplomat„
2165 2956 2215 3012 t.
2246 2951 2314 3032 I,
2359 2966 2420 3029 p.
2465 2957 2579 3011 366
2599 2993 2619 3024 ,
2666 2958 2733 3010 n⁰
2763 2956 2902 3022 ⁴63,
2933 2964 3011 3008 ex
3036 2946 3222 3008 tabul.
3253 2944 3464 3010 eccles.

866 3054 1137 3117 Murbac.
1168 3089 1246 3101 —
1272 3057 1650 3132 Tnommr,
1679 3056 1945 3117 Menum.
1976 3053 2045 3116 de
2072 3053 2252 3117 l'anc.
2282 3053 2476 3117 eoecke
2500 3052 2569 3115 de
2596 3051 2761 3132 Bate,
2790 3060 2838 3114 t.
2869 3055 2935 3127 1,
2961 3062 3031 3113 n⁰
3061 3050 3230 3132 353.)

724 3255 803 3325 In
836 3255 1116 3328 nomine
1147 3262 1384 3327 sancte
1421 3263 1491 3326 et
1531 3253 1896 3328 individue
1933 3253 2307 3327 Trinitatis.
2351 3254 2686 3327 Hem-icus
2727 3252 2965 3325 divina
3007 3252 3284 3324 favente
3323 3251 3463 3323 cle-

628 3378 882 3450 mentia
933 3381 1392 3451 Romanorum
1447 3400 1574 3452 rex
1622 3388 1691 3450 et
1741 3400 2014 3474 semper
2060 3389 2424 3474 augustus.
2469 3378 2844 3470 condignis
2896 3386 3057 3448 sunt
3108 3374 3466 3450 beneficiis

628 3500 1014 3575 honorandi
1046 3523 1344 3597 quorum
1370 3502 1670 3577 servitus
1703 3512 1773 3575 et
1807 3504 2158 3576 fructuosa
2189 3503 2525 3598 promotio
2568 3501 2818 3575 nostris
2846 3510 2915 3575 et
2952 3501 3223 3595 imperii
3261 3522 3464 3574 com-

630 3625 854 3699 modis
904 3647 1045 3700 non
1096 3625 1350 3699 desinit
1394 3615 1746 3701 insudare.
1785 3627 2214 3724 Quapropter
2249 3627 2522 3701 noverit
2557 3635 2695 3700 tam
2744 3648 3026 3723 presens
3058 3633 3205 3700 etas
3249 3647 3462 3722 quam

631 3772 1031 3824 successura
1080 3751 1443 3846 posteritas
1486 3750 1680 3845 quod
1735 3751 2030 3825 dilectus
2068 3751 2394 3848 princeps
2457 3759 2687 3823 noster
2743 3752 2978 3844 Hugo,
3046 3749 3463 3822 venerabilis

631 3873 1091 3948 Morbacensis
1124 3874 1364 3965 abbas,
1406 3873 1499 3948 ad
1534 3885 1833 3948 nostram
1874 3874 2239 3948 instantem
2279 3874 2676 3969 petitionem
2703 3872 2937 3945 villam
2965 3872 3290 3944 Tatinriet
3322 3891 3462 3965 que

635 4017 786 4068 cum
847 3997 1039 4070 omui
1095 3997 1481 4091 integritate
1535 4009 1602 4071 et
1653 3997 2140 4090 jurisdictione
2193 3997 2290 4070 ad
2348 3996 2706 4069 ecclesiam
2761 3994 3117 4089 spectabat
3169 3993 3460 4066 Murba-

632 4140 930 4211 oensem,
968 4143 1129 4194 cum
1166 4121 1540 4195 medietate
1575 4122 1888 4195 omnium
1930 4120 2283 4195 redituum
2321 4130 2389 4193 et
2420 4128 2879 4215 proventuum
2907 4116 3221 4209 ejusdem
3263 4118 3454 4209 ville,

632 4255 922 4342 excepto
950 4248 1108 4338 jure
1123 4256 1524 4342 patronatus
1559 4247 1849 4321 ecclesie
1877 4257 1947 4320 et
1980 4246 2294 4336 decimiS,
2335 4244 2533 4316 nobis
2556 4241 2626 4314 in
2665 4252 2924 4314 rectum
2962 4242 3248 4316 feudum
3283 4264 3465 4315 con-

630 4371 785 4442 tulit
829 4371 1045 4445 libere
1093 4370 1467 4446 tenendam
1519 4380 1590 4445 et
1637 4381 1972 4469 perpetuo
2022 4368 2551 4468 possidendam3
2599 4369 2718 4439 tali
2766 4367 3093 4442 videlicet
3148 4377 3348 4461 pacto
3397 4377 3468 4442 et

634 4494 957 4567 condicto
984 4504 1064 4567 ut
1095 4494 1168 4567 in
1198 4495 1351 4569 loco
1375 4491 1618 4570 eodem
1640 4493 1984 4576 munitum
2020 4495 2360 4591 oppidum
2398 4502 2901 4583 construamus,
2941 4499 3015 4564 et
3038 4511 3278 4564 omnes
3302 4513 3468 4587 pro·

629 4624 881 4688 ventus
908 4617 1197 4711 Judicii,
1237 4621 1700 4722 precariarum
1737 4631 1806 4692 et
1840 4619 2287 4693 exactionum
2336 4639 2462 4691 seu
2516 4616 3028 4713 possessionum
3082 4614 3262 4688 infra
3312 4637 3471 4688 am-

631 4736 858 4810 bitum
899 4740 1135 4840 oppidi
1174 4745 1510 4838 equaliter
1563 4742 1964 4819 dividamus
1999 4765 2158 4816 cum
2216 4743 2468 4816 abbate
2515 4740 2802 4814 ecclesie
2837 4738 3342 4831 MurbacensiS‚
3398 4747 3469 4812 et
