4500 5956
1121 610 1246 674 648
2160 610 2502 674 HENRICI
2550 612 2887 675 SEPTIMI
3557 614 3717 693 [Amo.
3756 616 3924 678 1234.

1119 749 1250 836 sis,
1290 745 1671 819 Dietericus
1708 745 2128 818 Trevirensis
2165 746 2696 842 archiepiscopi,
2746 747 3051 842 episcopi
3095 767 3255 820 vero
3287 748 3582 821 Sifridus
3621 752 3928 846 Ratispo·

1118 869 1356 942 nensis
1418 869 1858 942 cancellarius
1915 869 2074 942 aule
2140 869 2330 964 regie
2349 922 2370 960 ,
2445 871 2878 944 Hermannus
2933 871 3478 967 Herbipolensis,
3551 871 3933 946 Eckbertus

1119 991 1744 1087 Babenbergensis,
1778 992 2011 1066 Simon
2045 1012 2276 1065 comes
2299 994 2836 1089 Sarepontanus,
2869 993 3256 1067 Fridericus
3286 1014 3518 1067 comes
3544 994 3636 1068 de
3658 995 3933 1068 Leinin-

1119 1138 1290 1212 gen,
1326 1115 1687 1190 Cunradus
1712 1137 1945 1190 comes
1973 1116 2063 1189 de
2096 1116 2490 1209 Everstein‚
2536 1126 2606 1191 et
2634 1117 2846 1190 ceteri
2874 1119 3344 1213 quamplures.

1213 1239 1460 1313 Actum
1510 1239 1702 1335 apud
1759 1240 2069 1332 Lutram,
2128 1261 2314 1314 anno
2363 1240 2578 1335 gratie
2637 1241 3001 1314 millesimo
3062 1240 3533 1314 ducentesimo
3583 1240 3932 1334 trigesimo

1116 1372 1397 1459 quarto,
1435 1362 1815 1437 indictione
1842 1363 2167 1458 septima,
2209 1385 2397 1437 anno
2434 1374 2663 1438 autem
2688 1364 2887 1458 regni
2919 1363 3136 1437 nostri
3162 1362 3598 1437 duodecimo.

1230 1903 1599 1987 Henrious
1619 1965 1644 2011 ,
1682 1903 2203 1986 Romanorum
2255 1926 2428 2008 reX,
2476 1901 2574 1983 de
2629 1900 2947 1984 oonsilio
2981 1900 3413 2011 principum
3464 1900 3800 1983 decernit
3847 1907 3935 1980 ut

1130 2037 1339 2122 Geba
1368 2036 1644 2120 mulier
1684 2036 1781 2118 de
1821 2033 2229 2118 Diirckeim
2274 2042 2351 2115 et
2390 2057 2657 2116 omnes
2710 2031 3051 2142 ejusdem
3098 2033 3552 2117 conditionis
3585 2031 3933 2117 homines

1120 2169 1479 2254 Volmaro
1515 2166 1779 2251 abbati
1807 2168 1903 2250 de
1944 2164 2316 2274 Limburg
2351 2174 2427 2248 et
2449 2164 2619 2275 ejus
2656 2163 3219 2248 successoribus
3247 2164 3378 2275 jus
3413 2166 3624 2275 quod
3659 2163 3934 2246 dicitur

1122 2301 1401 2383 budteil
1434 2302 1620 2383 dare
1653 2308 2077 2382 teneantur.

1283 2486 1308 2566 (
1321 2486 1490 2547 Εᾱίᾱ.
1520 2487 1838 2557 limma,
1867 2480 2150 2545 Urhundl.
2185 2481 2382 2545 Gmloe.
2411 2480 2644 2544 derabt.
2679 2480 2807 2543 und
2825 2479 3059 2545 Κίσσιον
3075 2483 3145 2543 in
3170 2481 3574 2563 Rhembaym
3596 2480 3927 2561 (Neustndt.

1364 2590 1568 2673 issa),
1590 2608 1726 2670 pars
1749 2592 1824 2666 1⁸,
1849 2591 2072 2669 Bessag.
2104 2599 2246 2665 314,
2276 2606 2354 2650 ex
2379 2589 2650 2652 Heidelh.
2681 2596 2799 2652 act.
2827 2588 3029 2667 MSS.)

1214 2749 1585 2839 Henricus‚
1645 2747 1770 2819 Dei
1821 2746 2043 2840 gratia
2094 2746 2553 2818 Romanorum
2594 2765 2725 2816 rex
2765 2754 2836 2817 et
2878 2765 3147 2839 semper
3193 2755 3565 2837 augustus,
3614 2744 3934 2817 omnibus

1118 2895 1403 2973 presens
1424 2872 1751 2967 scriptum
1785 2868 2213 2941 intuentibus
2241 2868 2534 2940 salutem
2564 2877 2773 2961 atque
2790 2889 2985 2940 suam
3018 2868 3330 2959 gratiam.
3354 2869 3607 2941 Notum
3634 2889 3786 2942 esse
3812 2889 3934 2941 vo-

1118 3002 1350 3073 lumus
1385 2996 1727 3070 universis
1758 2995 1939 3067 hano
1962 2992 2278 3066 cedulam
2308 2991 2714 3086 inspecturis
2747 2991 2939 3085 quod
2966 2992 3329 3064 Volmarus
3366 2992 3584 3066 abbas
3621 2992 3931 3087 Limpur-

1120 3123 1352 3219 gensis
1395 3119 1681 3193 ecclesie
1729 3139 1957 3190 coram
2000 3116 2203 3188 nobis
2253 3114 2742 3208 conquerendo
2779 3114 3133 3210 proposuit
3178 3114 3371 3209 quod
3400 3114 3591 3189 Geba
3631 3114 3930 3211 quedam

1123 3245 1375 3318 mulier
1418 3242 1511 3315 de
1550 3241 1941 3336 Durokeym
1986 3240 2103 3330 jus
2154 3237 2513 3331 quoddam
2568 3238 2761 3333 quod
2792 3239 3009 3332 vulgo
3046 3237 3298 3311 dicitur
3346 3239 3606 3334 budeyl
3646 3239 3932 3312 ecclesie
4032 3296 4044 3306 .

1121 3390 1284 3455 sue,
1340 3388 1499 3439 cum
1543 3367 1704 3457 jure
1748 3363 1814 3437 ei
1856 3362 2025 3435 dare
2057 3370 2434 3449 teneretur,
2474 3371 2786 3454 negaret,
2826 3358 3239 3456 pretendens
3273 3361 3466 3456 quod
3502 3382 3626 3457 per
3672 3362 3932 3456 regiam

1123 3492 1405 3566 deberet
1439 3510 1591 3561 esse
1617 3509 1660 3560 a
1693 3485 1811 3559 tali
1837 3486 1994 3577 jure
2027 3484 2242 3556 libera
2268 3491 2695 3577 potestatem.
2733 3484 2875 3556 Nos
2901 3506 3070 3558 vero
3098 3485 3388 3558 consilio
3416 3483 3800 3580 principum
3817 3485 3931 3556 ‘usi

1121 3615 1579 3698 decernimuS‚
1608 3633 1766 3684 cum
1791 3608 2167 3701 jamdictus
2190 3606 2406 3679 abbas
2423 3607 2785 3679 Volmarus
2812 3608 3326 3703 Limpurgensis
3351 3607 3714 3682 ecclesiam
3737 3629 3932 3681 suam

1119 3762 1332 3836 super
1365 3739 1486 3811 illo
1513 3740 1671 3830 jure
1704 3755 1854 3807 esse
1897 3755 1940 3806 a
1971 3730 2567 3827 predecessoribus
2601 3730 2850 3804 nostris
2881 3731 3381 3827 privilegiatam
3418 3731 3818 3821 affirmaret,
3857 3740 3932 3804 ut

1116 3865 1381 3962 prefata
1408 3861 1657 3934 mulier
1683 3856 1872 3929 Geba
1907 3854 1998 3928 de
2024 3853 2414 3948 Durclceym
2447 3861 2516 3925 et
2547 3874 2790 3925 omnes
2824 3852 3136 3944 ejusdem
3181 3851 3592 3926 conditionis
3621 3854 3932 3927 homines

1122 3986 1472 4077 sepedicto
1510 3981 1743 4055 abbati
1792 3978 2111 4052 Volmaro
2164 3976 2256 4050 de
2291 3977 2628 4072 Limpurg
2684 3977 2970 4072 suisque
3010 3977 3518 4050 successoribus
3558 3978 3677 4070 jus
3727 4000 3931 4050 suum

1122 4109 1290 4183 dare
1310 4116 1694 4182 teneantur.
1726 4102 1930 4189 Quod
1951 4111 2028 4174 ut
2049 4100 2294 4173 stabile
2310 4107 2379 4172 et
2403 4098 2677 4171 firmum
2705 4110 3125 4194 permaneat,
3153 4101 3379 4195 sigillo
3396 4108 3626 4174 nostro
3643 4102 3931 4174 fecimus

1120 4230 1527 4323 consignari.
2624 4245 2633 4253 ·

1217 4354 1385 4425 Acta
1438 4362 1600 4422 sunt
1652 4349 1781 4421 hec
1833 4348 2028 4443 Spire
2048 4400 2068 4434 ,
2136 4366 2321 4418 anno
2399 4345 2746 4418 dominice
2801 4344 3290 4418 incarnationis
3337 4344 3434 4418 Μ’
3460 4345 3587 4419 CC⁰
3612 4343 3922 4435 XXVIII,

1119 4475 1272 4550 VIII
1308 4473 1468 4546 idus
1497 4471 1766 4566 apriliS,
1798 4469 2175 4542 indictione
2205 4467 2496 4562 septima
2528 4466 2584 4563 (l
2600 4464 2657 4563 ).

1195 4696 1272 4770 (4)
1309 4694 1593 4754 indictioni
1617 4692 1809 4750 litteris
1833 4706 2118 4765 expressae
2139 4690 2316 4766 potius
2340 4704 2507 4764 quam
2531 4705 2755 4750 numero
2778 4691 2904 4751 anni
2925 4691 3100 4768 quiin
3127 4692 3437 4767 apographo
3471 4692 3613 4754 male
3646 4694 3927 4758 &mscfibi
