4500 5956
615 600 806 657 immet.
842 599 931 673 8.]
1518 595 1906 655 ΗΙΒΤΟΚΙΑ
1959 592 2540 655 Dll‘LOMATlCA.
3318 592 3427 652 721

618 730 910 812 civitate
963 729 1349 840 Konigsau
1404 738 1479 810 et
1532 752 1856 838 augeam
1938 752 2160 808 suam
2231 727 2310 807 in
2373 722 2853 806 Buzinsheim
2879 781 2903 821 ,
2970 724 3432 831 mandatque

621 859 1061 943 custodibus
1114 870 1541 942 castrorum
1592 857 1975 943 Malberch
2037 869 2111 941 et
2162 856 2709 942 Weikersheim
2763 864 2838 936 et
2889 853 3209 935 civitatis
3262 855 3429 936 Κὸ-

625 994 895 1101 nigsau
950 1019 1047 1075 ne
1118 992 1586 1100 praedictum
1657 990 2030 1098 hospitale
2102 989 2592 1100 aliquomodo
2646 987 3048 1069 molestare
3111 1013 3435 1094 praesu-

626 1135 862 1206 mant.

783 1325 809 1404 (
823 1326 1120 1387 ineditum
1152 1341 1229 1385 ex
1256 1322 1525 1402 originali
1550 1324 1616 1383 in
1657 1323 1899 1385 archivo
1924 1323 2328 1400 praefecturae
2350 1322 2828 1399 Argentinensis,
2861 1340 2892 1376 ι
2922 1319 3110 1381 Titi-es
3127 1318 3197 1379 de
3218 1318 3438 1401 thope-

862 1428 953 1491 tal
974 1428 1382 1511 d'Haquenau.
1407 1449 1440 1486 n
1467 1428 1738 1507 Sigillum
1766 1430 2041 1489 avulsum
2072 1430 2278 1505 perlit,
2309 1423 2748 1487 remanentibus
2768 1432 3000 1486 tantum
3028 1425 3255 1487 filorum
3282 1430 3438 1489 seri·

864 1553 1070 1597 corum
1094 1537 1353 1609 laciniis,
1378 1534 1805 1612 amaranthini,
1833 1534 1975 1594 flavi
2002 1535 2326 1611 viridisque
2348 1532 2609 1608 coloris.)

721 1709 1117 1796 Heinricus,
1160 1706 1286 1778 Dei
1337 1706 1557 1799 gratia
1591 1706 2053 1777 Romanorum
2098 1726 2224 1778 rex
2261 1714 2331 1777 et
2367 1725 2639 1798 semper
2681 1713 3050 1797 augustus,
3106 1705 3444 1779 universis

633 1829 896 1923 imperii
920 1828 1242 1902 fidelibus
1265 1828 1522 1922 quibus
1546 1849 1826 1922 presens
1853 1827 2075 1900 littera
2098 1829 2299 1898 fuerit
2327 1836 2598 1900 ostensa
2619 1826 2906 1920 gratiam
2926 1848 3124 1898 suam
3149 1838 3218 1899 et
3241 1849 3445 1903 omne

632 1954 918 2026 bonum.
959 1954 1138 2040 Quia
1176 1975 1297 2046 per
1332 1953 1759 2047 frequentem
1791 1952 2321 2024 elemosinarum
2358 1951 2786 2044 largitionem
2821 1950 3115 2024 Domino
3161 1961 3449 2026 testante

635 2078 862 2149 omnia
890 2075 1155 2150 munda
1195 2087 1429 2165 erunt,
1488 2075 1780 2170 dignum
1816 2076 2165 2149 videbitur
2212 2087 2283 2149 et
2317 2076 2519 2149 saluti
2555 2075 2784 2148 anime
2826 2075 3197 2170 plurimum
3232 2098 3448 2173 expe-

638 2201 784 2273 dire
807 2200 1001 2294 quod
1023 2221 1149 2273 nos
1175 2201 1297 2295 qui
1337 2202 1404 2272 in
1432 2200 1641 2273 rebus
1670 2200 2160 2295 temporalibus
2183 2199 2475 2271 Domino
2506 2197 2914 2295 providente
2940 2201 3159 2272 tocius
3188 2201 3449 2273 habun-

637 2324 867 2397 dantie
903 2325 1337 2419 possidemus
1370 2323 1894 2418 plenitudinem,
1921 2323 2136 2418 ipsius
2171 2325 2378 2395 etiam
2407 2323 2648 2395 amicis
2673 2323 2832 2414 jure
2872 2323 3172 2396 minimis
3207 2324 3451 2397 Christi

639 2446 1060 2542 pauperibus
1090 2469 1336 2519 manus
1365 2445 1836 2519 misericordie
1872 2446 2247 2540 aliquando
2273 2447 2732 2541 porrigamus.
2760 2446 3209 2520 Attendentes
3244 2448 3454 2541 igitur

641 2580 895 2664 quanta
948 2570 1317 2645 devotione
1352 2569 1499 2643 divi
1545 2571 2014 2666 progenitores
2063 2571 2277 2642 nostri
2325 2571 2600 2664 gloriosi
2647 2572 3087 2665 imperatores
3132 2572 3453 2646 dominus

638 2694 1023 2767 Fridericus
1051 2705 1119 2767 et
1156 2694 1483 2766 dominus
1513 2694 1872 2766 Heinricus
1914 2715 2091 2766 avus
2127 2703 2356 2765 noster
2391 2694 2677 2766 domum
2713 2694 3065 2788 hospitalis
3107 2696 3174 2764 in
3222 2697 3448 2789 Hage-

640 2839 845 2890 nowe
879 2818 1273 2891 elemosinis
1307 2825 1377 2889 et
1422 2817 1780 2889 structuris
1821 2816 2188 2888 salubriter
2229 2817 2300 2887 in
2341 2816 2559 2889 fundo
2595 2816 2873 2911 proprio
2908 2815 3294 2889 edificatam
3327 2841 3456 2891 or-

640 2951 979 3016 naverunt
1015 2952 1095 3014 ut
1129 2941 1391 3015 ibidem
1423 2942 1842 3038 pauperibus
1872 2941 2144 3014 Domini
2174 2951 2242 3015 et
2279 2943 2424 3013 suis
2447 2942 2568 3036 qui
2605 2950 2867 3013 tantum
2906 2941 3260 3015 hominum
3286 2965 3455 3040 pro-

635 3066 1000 3160 spicientes
1031 3067 1474 3138 elemosinam
1504 3068 1575 3137 in
1615 3066 1964 3138 laboribus
1998 3089 2122 3162 per
2147 3087 2327 3160 quos
2362 3066 2502 3138 vite
2534 3068 2916 3138 necessaria
2962 3069 3458 3162 conquirebant

636 3187 1063 3279 defecerunt,
1082 3189 1308 3260 victus
1329 3188 1695 3261 salubriter
1713 3189 2158 3278 ministretur,
2179 3189 2250 3259 in
2275 3187 2667 3261 subsidium
2687 3211 3064 3285 pauperum
3083 3199 3155 3262 et
3170 3193 3452 3264 fratrum

632 3311 900 3383 ordinis
920 3312 1571 3385 Premonstratensis
1598 3311 1859 3385 ibidem
1882 3313 2173 3385 Domino
2199 3313 2703 3404 famulantium,
2728 3315 3157 3409 parrochiam
3180 3316 3250 3386 in
3273 3339 3455 3390 nova

629 3437 918 3508 civitate
942 3447 1170 3508 nostra
1204 3438 1692 3531 Kunegesowe
1727 3438 1963 3530 quein
1995 3436 2212 3508 fundo
2243 3445 2476 3508 nostro
2504 3438 2783 3532 proprio
2809 3448 3197 3511 constructa
3229 3440 3458 3513 dinos-

627 3560 840 3649 citur,
858 3581 1018 3631 cum
1050 3561 1372 3633 omnibus
1400 3562 1672 3653 juribus
1704 3561 2065 3656 parrochie
2096 3561 2544 3633 attinentibus
2576 3583 2715 3655 que
2736 3584 2924 3633 nunc
2955 3563 3161 3634 habet
3187 3565 3299 3635 vel
3322 3587 3459 3659 que

630 3682 707 3752 in
739 3693 1090 3776 posterum
1122 3683 1426 3775 habebit,
1446 3684 1770 3779 hospitali
1805 3685 1875 3756 in
1905 3687 2304 3778 Hagenowe
2337 3685 2753 3757 contulimus
2785 3687 3268 3780 perpetualiter
3296 3708 3462 3782 pos-

630 3805 1031 3878 sidendam.
1059 3807 1383 3900 Vestigiis
1433 3809 1638 3879 etiam
1704 3810 2213 3903 progenitorum
2265 3819 2646 3880 nostrorum
2700 3808 3127 3897 inherentes,
3168 3832 3458 3903 augeam

637 3940 944 4001 nostram
993 3929 1064 4000 in
1103 3931 1554 4004 Buzeusheim
1588 3954 1726 4025 que
1763 3953 1977 4027 prope
2025 3954 2270 4005 novam
2317 3932 2661 4003 civitatem
2698 3931 2826 4002 sita
2858 3931 3157 4021 videtur,
3199 3933 3457 4006 eisdem

641 4053 968 4125 fratribus
1001 4055 1418 4126 contulimus
1455 4056 1657 4149 pleno
1683 4056 1841 4146 jure
1871 4064 1949 4125 ut
1991 4054 2121 4150 ipsi
2162 4076 2243 4126 ea
2291 4056 2361 4125 in
2397 4054 2530 4125 hiis
2566 4075 2702 4147 que
2737 4055 2921 4125 culta
2957 4062 3028 4125 et
3059 4055 3315 4129 inculta
3349 4060 3464 4129 vi-

649 4175 921 4268 dentur,
942 4177 1176 4270 quoad
1193 4178 1469 4249 utilitati
1495 4199 1731 4249 eorum
1757 4177 2106 4250 videbitur
2124 4176 2482 4272 expedire,
2503 4176 2715 4247 libere
2736 4184 3039 4249 utantur.
3055 4177 3463 4253 Mandamus

653 4296 879 4394 itaque
930 4309 999 4371 et
1046 4301 1177 4372 sub
1225 4311 1507 4395 optentu
1559 4301 1778 4394 gratie
1824 4309 2053 4372 nostre
2099 4298 2488 4371 firmissime
2537 4298 2947 4393 precipimus
2989 4299 3181 4393 quod
3229 4302 3463 4375 nullus

657 4425 1119 4510 scalmorum,
1170 4424 1662 4497 advocatorum
1703 4424 1853 4495 sive
1888 4422 2181 4494 aliorum
2220 4443 2819 4515 quorumcumque
2847 4422 3102 4515 quibus
3135 4445 3466 4518 procura-

662 4545 904 4620 tionem
939 4557 1008 4619 et
1040 4549 1427 4621 custodiam
1462 4550 1534 4619 in
1571 4548 1810 4620 castris
1833 4545 2079 4618 nostris
2108 4546 2453 4617 Malberch
2488 4557 2556 4617 et
2591 4545 3081 4619 Wikkirsheim
3118 4556 3187 4618 et
3218 4547 3287 4618 in
3317 4549 3465 4643 ipsa

666 4670 925 4742 civitate
966 4671 1456 4765 Kunegesowe
1488 4671 2015 4761 committimus,
2052 4669 2436 4764 predictum
2468 4671 2797 4766 hospitale
2828 4681 2896 4744 et
2932 4673 3171 4744 fratres
3208 4672 3280 4743 in
3318 4674 3465 4767 ipsa

846 4794 957 4856 IV.
999 4807 1107 4851 Pu·
1132 4810 1178 4852 a.
3080 4803 3148 4855 91
