4500 5956
593 637 831 696 lamet.
864 630 948 715 9.]
1524 628 1920 692 HISTORIA
1973 627 2482 691 DIPLOMATIC
2496 627 2559 688 A.
3337 622 3458 684 809

744 1193 1150 1304 HenricuS,
1193 1197 1514 1309 Angliae
1549 1225 1712 1306 rex,
1751 1199 2161 1303 FridericO,
2201 1200 2721 1282 Romanorum
2757 1195 3223 1306 imperatori,
3264 1221 3454 1306 gra-
3525 1198 3839 1302 w„3¹;3{¹,„‚

619 1325 785 1407 tias
820 1327 980 1437 agit
1014 1329 1224 1438 quod
1267 1329 1335 1413 ei
1388 1330 1757 1438 placuerit
1798 1356 2060 1413 casum
2109 1331 2540 1414 inauditum
2585 1330 2719 1439 qui
2763 1330 2842 1410 in
2880 1329 3223 1438 partibus
3263 1326 3454 1409 Ale-
3530 1309 3585 1352 ²⁴
3613 1306 3840 1350 “⁶¹⁰⁸“

631 1458 994 1541 manniae
1065 1460 1375 1567 accidit,
1434 1461 1579 1544 sibi
1650 1463 2249 1569 communicare3
2307 1464 2760 1571 magistrum
2821 1459 3263 1543 Gualterum
3326 1459 3453 1563 [de

642 1588 874 1695 Ocra]
927 1591 1403 1700 imperatoris
1455 1594 1853 1701 clericum,
1910 1621 2139 1706 quem
2197 1595 2449 1677 adhuc
2499 1617 2729 1702 penes
2785 1617 2866 1674 se
2912 1591 3258 1696 retinuit,
3307 1588 3452 1672 sub

646 1722 989 1828 proximo
1022 1726 1514 1809 remissurus.

807 1948 995 2030 (Edit.
1024 1966 1121 2027 ap.
1151 1950 1401 2022 Rmn,
1427 1949 1701 2025 Foedera,
1727 1953 2139 2027 conventiones,
2169 1958 2313 2029 etc„
2343 1958 2390 2012 t.
2422 1952 2473 2028 1,
2502 1968 2558 2028 p.
2593 1951 2759 2028 224.)

748 2146 1037 2220 Domino
1066 2169 1194 2220 suo
1228 2170 1309 2222 ac
1346 2147 1713 2244 magnifico
1740 2151 1851 2239 F.,
1880 2150 2005 2222 Dei
2038 2150 2256 2244 gratia
2277 2150 2735 2222 Romanorum
2769 2149 3160 2243 imperatori
3186 2168 3460 2242 semper

657 2282 966 2366 augustO,
1005 2283 1171 2362 etc.,
1200 2274 1385 2346 fratri
1422 2272 1890 2366 dilectissimo,
1925 2275 2261 2347 Henricus
2295 2272 2540 2347 eadem
2569 2275 2786 2368 gratia
2816 2295 2946 2346 rex
2977 2272 3245 2364 Anglie,
3287 2281 3453 2361 etc.,

655 2396 936 2469 salutem
961 2404 1029 2469 et
1060 2418 1333 2492 semper
1368 2398 1599 2470 felices
1633 2398 1722 2471 de
1756 2397 2067 2470 hostibus
2103 2398 2512 2495 triumphos
2547 2398 2947 2471 Venientem
2987 2397 3078 2469 ad
3115 2418 3241 2468 nos
3271 2397 3466 2466 Hen-

661 2520 859 2592 ricnm
900 2519 988 2593 de
1025 2519 1208 2615 Aeys
1241 2519 1565 2617 (Aquisv)
1606 2521 1975 2616 imperialis
2010 2522 2167 2595 aule
2206 2522 2715 2609 marescallum,
2756 2521 3090 2593 nuncium
3127 2529 3458 2607 vestrum,

658 2641 779 2714 lete
813 2644 990 2716 sicut
1042 2642 1272 2715 decuit
1316 2654 1385 2716 et
1435 2643 1803 2716 honorifice
1847 2645 2270 2740 recepimus;
2315 2644 2822 2739 magnificentie
2873 2654 3098 2716 vestre
3150 2642 3464 2737 copiosas

657 2766 1086 2838 exsolventes
1124 2767 1497 2860 gratiarum
1531 2769 1835 2840 actiones
1871 2769 2060 2862 quod
2095 2769 2355 2865 placuit
2391 2769 2590 2842 vobis
2644 2790 2880 2841 casum
2932 2789 2973 2839 a
3023 2766 3220 2838 nobis
3272 2764 3466 2860 prius

659 2886 1039 2961 inauditum
1074 2890 1197 2985 qui
1234 2912 1456 2988 nuper
1490 2891 1746 2964 accidit
1779 2892 1849 2962 in
1892 2891 2202 2988 partibus
2236 2892 2517 2983 vestris,
2554 2892 2754 2964 nobis
2791 2889 3296 2964 communicare
3331 2887 3458 2984 (⁴).

727 3196 799 3268 (⁴)
838 3196 960 3252 Non
988 3195 1335 3252 dubitandum
1361 3212 1642 3253 censemus
1665 3197 1796 3267 quin
1825 3197 1912 3251 hic
1934 3202 2119 3267 agatur
2146 3197 2214 3252 de
2242 3197 2482 3254 inaudito
2506 3197 2734 3268 quodam
2762 3196 2983 3254 crimine
3009 3204 3137 3252 tunc
3162 3196 3217 3252 in
3236 3196 3471 3253 ludaeos

660 3290 935 3349 intentato.
970 3294 1045 3349 De
1083 3308 1190 3365 quo
1220 3292 1295 3349 ita
1321 3292 1623 3350 chronicon
1644 3290 2043 3365 Erphordt‘cnsc
2073 3309 2087 3347 ε
2118 3312 2145 3346 α
2174 3292 2289 3348 Hoc
2316 3306 2455 3349 anno
2487 3293 2534 3351 V
2559 3292 2812 3349 kalendas
2833 3293 3067 3365 januarii
3091 3295 3185 3365 (28
3222 3293 3467 3350 decemb.

663 3388 808 3460 ⁴235)
828 3391 884 3446 in
902 3389 1070 3447 Fulda
1087 3389 1275 3445 ludaei
1296 3389 1573 3462 utriusque
1590 3404 1751 3446 sexus
1771 3388 1983 3462 triginta
2008 3395 2238 3461 quatuor
2260 3405 2291 3445 a
2315 3388 2694 3462 crucesignatis
2717 3389 3019 3447 christianis
3042 3397 3167 3446 sunt
3187 3390 3469 3464 perempti,

663 3488 905 3557 quoniam
925 3487 1031 3543 duo
1051 3502 1116 3542 ex
1139 3486 1324 3542 iisdem
1342 3486 1555 3543 ludaeis
1578 3485 1633 3541 in
1654 3492 1837 3542 sancto
1855 3486 1941 3542 die
1964 3484 2157 3542 Christi
2175 3486 2455 3559 cujusdam
2481 3486 2851 3544 molendinarii
2873 3528 2982 3544 .....
3009 3488 3248 3560 quinque
3273 3502 3471 3560 pueros

659 3583 1029 3641 miserabiliter
1070 3582 1445 3646 interemerant
1472 3597 1537 3640 ac
1562 3582 1802 3655 ipsorum
1830 3582 2144 3655 sanguinem
2183 3582 2237 3639 in
2275 3584 2449 3640 saccis
2483 3600 2608 3641 cera
2639 3583 2802 3641 linitis
2832 3590 3205 3657 susceperant,
3241 3585 3471 3657 igneque

658 3680 833 3737 domui
876 3681 1154 3756 supposito
1181 3680 1509 3738 recedentes.
1547 3679 1711 3753 Cujus
1748 3681 1829 3737 rei
1858 3685 2085 3738 veritate
2124 3687 2400 3754 comperta
2439 3686 2496 3737 et
2526 3680 2595 3737 ab
2636 3681 2768 3755 ipsis
2807 3680 2912 3737 reis
2946 3680 3161 3737 ludaeis
3193 3680 3464 3749 confessa,

659 3777 821 3850 puniti
850 3783 979 3834 sunt
1000 3783 1062 3833 ut
1092 3791 1259 3853 supra
1280 3777 1480 3834 dictum
1507 3782 1608 3835 est.
1640 3795 1667 3830 n
1691 3776 1793 3851 Ap.
1830 3778 2133 3848 Bonnusa,
2161 3778 2383 3846 Fontes,
2415 3782 2455 3833 t.
2484 3776 2564 3846 11,
2604 3793 2662 3851 p.
2703 3777 2829 3833 397.
2869 3777 3003 3833 Rem
3046 3791 3258 3849 quoque
3297 3775 3470 3832 fusius

659 3881 871 3932 narrant
900 3873 1133 3931 Annales
1165 3875 1591 3948 arqentinenses,
1624 3875 1691 3932 ad
1719 3891 1844 3932 ann.
1874 3876 2032 3945 ⁴236,
2061 3872 2288 3945 Ibidem,
2318 3879 2357 3930 t.
2387 3874 2478 3946 111,
2508 3892 2564 3948 p.
2600 3877 2701 3931 ⁴09
2735 3891 2748 3929 :
2776 3894 2802 3926 α
2826 3873 3025 3930 Eodem
3051 3879 3288 3945 tempore
3323 3873 3465 3945 apud

660 3968 915 4029 Fuldense
938 3970 1325 4028 monasterium
1351 3971 1505 4028 Judei
1530 3971 1792 4044 quosdam
1818 3986 2014 4042 pueros
2038 3970 2355 4027 christianos
2379 3969 2434 4026 in
2459 3970 2691 4043 quodam
2716 3967 3019 4027 molendino
3046 3976 3108 4025 ut
3138 3984 3204 4026 ex
3228 3970 3308 4026 eis
3341 3985 3468 4026 san·

659 4067 867 4138 guinem
906 4068 975 4123 ad
1020 4083 1177 4125 suum
1220 4068 1518 4125 remedium
1564 4067 1844 4139 elicerent,
1880 4073 2241 4141 peremerunt.
2277 4066 2431 4124 Unde
2476 4067 2622 4124 cives
2653 4067 2891 4140 ejusdem
2921 4066 3150 4123 civitatis
3178 4066 3372 4124 multos
3399 4083 3469 4124 ex

659 4161 832 4221 Iudeis
857 4164 1182 4222 occiderunt.
1218 4164 1324 4222 Sed
1350 4181 1474 4222 cum
1509 4180 1794 4239 puerorum
1820 4180 2046 4237 corpora
2078 4164 2132 4220 in
2166 4170 2403 4221 castrum
2435 4164 2741 4236 Hagenowe
2775 4162 2952 4221 delata
2984 4171 3040 4220 et
3073 4164 3272 4222 ibidem
3302 4180 3467 4222 vene-

660 4261 889 4318 rabiliter
922 4261 1183 4320 tumulata
1204 4262 1450 4335 fuissent,
1475 4263 1765 4337 imperator
1787 4261 2070 4319 tumultum
2092 4262 2185 4335 qui
2213 4268 2329 4319 tum
2355 4267 2540 4320 contra
2564 4262 2762 4319 Judeos
2802 4268 2951 4319 ortus
2971 4268 3073 4332 est,
3100 4261 3250 4319 aliter
3275 4263 3467 4319 sedare

662 4370 762 4413 non
784 4358 988 4427 valens,
1017 4358 1216 4417 multos
1237 4360 1383 4417 viros
1421 4365 1693 4433 potentes,
1724 4375 1945 4433 magnos
1970 4364 2027 4416 et
2058 4359 2316 4418 litteratos
2351 4376 2420 4417 ex
2454 4359 2674 4418 diversis
2705 4358 2949 4434 partibus
2978 4374 3312 4428 convocans,
3349 4359 3473 4417 dili·

662 4458 839 4523 genter
879 4469 913 4510 a
948 4455 1281 4528 sapientibus
1313 4456 1591 4530 inquisivit
1615 4463 1794 4513 utrum
1811 4499 1826 4528 ,
1865 4457 2004 4514 sicut
2035 4456 2504 4524 fama,communis
2535 4455 2727 4528 habet,
2765 4457 2916 4514 Judei
2952 4456 3300 4514 christianum
3337 4472 3467 4514 san-

663 4549 864 4618 guinem
892 4550 949 4607 in
978 4551 1274 4609 Parasceve
1300 4553 1662 4611 necessarium
1694 4554 1987 4625 haberent3
2028 4553 2255 4612 firmiter
2286 4569 2593 4629 proponens
2631 4554 2677 4612 si
2708 4554 2812 4611 hoc
2834 4554 2883 4611 ei
2916 4554 2984 4612 de
3009 4569 3140 4612 vero
3167 4559 3468 4622 constaret,

665 4645 936 4705 universos
965 4648 1176 4722 imperii
1201 4650 1287 4707 sui
1313 4650 1512 4709 Judeos
1538 4650 1650 4709 sore
1675 4650 2036 4725 perimendos,
2066 4652 2268 4710 Verum
2292 4651 2419 4724 quia
2441 4651 2600 4708 nichil
2629 4652 2760 4709 certi
2786 4667 2948 4726 super
2974 4650 3077 4708 hoc
3103 4651 3333 4725 experiri
3361 4667 3471 4724 po-

667 4744 822 4815 terat,
848 4745 1110 4803 severitas
1148 4746 1437 4821 imperialis
1471 4749 1750 4823 propositi,
1795 4755 2010 4823 accepta
2050 4755 2228 4806 tamen
2261 4765 2294 4807 a
2316 4749 2498 4808 Judeis
2530 4765 2726 4822 magna
2765 4749 3020 4823 pecunia,
3055 4750 3110 4805 in
3143 4747 3295 4806 brevi
3333 4764 3470 4806 con-

815 4842 917 4907 IV·
959 4859 1074 4905 Pars
1096 4864 1153 4907 2.-
3032 4856 3144 4908 102
