4500 5956
548 571 744 631 lnmcr.
779 571 864 653 7.]
1466 566 1858 629 HISTORIA
1908 564 2492 627 DlPLOMATICA.
3265 565 3381 627 661

552 725 949 799 possemus,
1001 711 1289 796 cogente
1322 703 1486 793 jure
1520 712 1589 775 et
1623 702 2054 797 querimonia
2089 699 2527 790 eorumdem,
2582 698 2748 792 quia
2783 720 3025 770 sumus
3059 700 3382 772 omnibus

544 826 807 918 justitie
859 824 1240 912 debitores,
1305 823 1378 895 in
1417 824 1688 915 judicio
1728 826 1786 895 si
1843 823 2121 897 tandem
2170 823 2264 896 ad
2312 824 2445 895 boc
2502 831 2908 918 perventum
2978 822 3214 910 suerit,
3274 822 3378 894 eis

551 958 888 1042 quantum
922 950 1115 1021 salva
1147 948 1505 1021 honestate
1540 958 1768 1021 nostra
1812 969 2205 1042 possumus,
2236 948 2422 1019 bona
2458 944 2597 1018 fide
2626 944 3034 1017 favorabiles
3059 965 3211 1017 esse
3237 967 3382 1018 vo-

552 1073 783 1143 lumus
814 1081 883 1142 et
910 1070 1195 1164 benigni
1214 1124 1235 1160 ,
1277 1080 1354 1141 ut
1383 1070 1748 1165 episcopus
1764 1080 1834 1143 et
1857 1071 2148 1144 ecclesia
2174 1077 2545 1143 memorata
2567 1069 2849 1162 plenum
2875 1068 3195 1141 affectum
3223 1090 3383 1141 nos-

555 1205 731 1265 trum
763 1194 1068 1290 experiri
1106 1195 1388 1266 valeant
1412 1216 1573 1266 cum
1605 1195 1873 1268 effectu.

647 1316 899 1389 Actum
940 1316 1132 1412 apud
1171 1318 1636 1411 Nuremberg‚
1688 1339 1873 1392 anno
1898 1318 2115 1411 gratie
2147 1318 2510 1390 millesimo
2535 1317 3004 1391 ducentesimo
3033 1317 3377 1390 tricesimo

556 1452 834 1535 quarto,
875 1451 1123 1535 quarto
1154 1441 1486 1515 kalendas
1509 1443 1701 1535 julii,
1743 1442 2119 1515 indictione
2152 1443 2468 1536 septima.

592 2136 601 2143 .
655 2051 1030 2137 Henricus
1047 2115 1072 2161 ,
1113 2053 1637 2137 Romanorum
1680 2078 1815 2136 rex
1838 2113 1863 2159 ,
1921 2052 2240 2136 sculteto
2293 2054 2391 2136 de
2441 2052 2869 2137 Northusen
2924 2056 3243 2138 mandat
3293 2068 3380 2140 ut

555 2211 747 2296 quos
818 2184 1181 2294 repererit
1232 2185 1525 2294 aliquid
1577 2186 1674 2267 de
1745 2185 1969 2268 bonis
2030 2185 2523 2267 ecclesiarum
2596 2186 2916 2269 Sanctae
2971 2187 3236 2270 Crucis
3304 2199 3380 2270 et

554 2317 815 2402 beatae
846 2316 1183 2426 Virginis
1218 2327 1432 2400 extra
1467 2342 1730 2400 muros
1756 2317 2076 2400 civitatis
2113 2316 2393 2426 injuste
2418 2318 2864 2423 detinenteS,
2898 2346 2989 2402 ea
3024 2321 3381 2404 universa

553 2460 772 2562 cogat
830 2450 1224 2533 restituere
1248 2513 1272 2558 ‚
1348 2451 1795 2560 civibusque
1857 2460 1943 2533 ut
2006 2452 2327 2535 sculteto
2383 2451 2865 2535 manifestent
2919 2457 2982 2534 si
3046 2479 3243 2563 quos
3291 2455 3372 2536 in

556 2584 848 2668 occulto
885 2584 1090 2666 bona
1125 2585 1390 2667 eadem
1429 2584 1763 2667 detinere
1802 2584 2182 2667 sciverint.

708 2794 944 2873 (Edidit
986 2795 1428 2869 Fousrmm«,
1480 2791 1797 2854 Gesclticltte
1839 2811 1950 2854 von
1991 2791 2350 2868 Nor-almus„
2399 2803 2458 2855 2·
2501 2812 2667 2871 pars,
2711 2812 2774 2872 p.
2825 2804 2882 2871 7,
2924 2812 3002 2856 ex
3042 2796 3361 2859 chartular.

788 2901 1033 2961 claustri
1067 2899 1276 2961 Mutae
1301 2900 1526 2961 Mariae
1562 2901 1705 2961 dicti
1743 2896 2059 2978 Neuwerk,
2088 2903 2151 2960 in
2178 2918 2299 2962 sec.
2328 2900 2442 2961 XV
2475 2907 2740 2980 exarato,
2779 2908 2838 2962 et
2880 2918 2958 2962 ex
2997 2905 3166 2980 copia
3205 2904 3373 2963 vidi-

789 3010 1000 3081 mata.)

645 3187 731 3256 H.
759 3239 779 3273 ,
834 3186 960 3257 Dei
1023 3185 1243 3279 gratia
1305 3186 1767 3256 Romanorum
1817 3206 1944 3257 rex
2006 3194 2075 3257 et
2119 3208 2387 3282 semper
2438 3195 2818 3280 augustus,
2868 3187 3190 3261 fidelibus
3234 3190 3381 3261 suis

561 3309 841 3380 sculteto
875 3309 999 3402 qui
1030 3330 1156 3403 pro
1183 3318 1491 3403 tempore
1519 3308 1721 3380 fuerit
1747 3317 1815 3379 et
1841 3308 2180 3380 universis
2223 3310 2492 3382 civibus
2535 3312 2625 3385 de
2658 3312 3045 3384 Nortbusen
3082 3313 3380 3405 graciam

562 3452 744 3504 suam
774 3442 843 3503 et
882 3453 1088 3504 omne
1123 3431 1409 3505 bonum.
1466 3432 1635 3503 Cum
1686 3433 1868 3504 bona
1916 3433 2361 3506 ecclesiarum
2404 3437 2648 3506 Sancte
2687 3433 2921 3507 Crucis
2950 3432 3055 3530 (l)
3088 3444 3155 3506 et
3183 3434 3384 3506 beate

561 3555 856 3650 Virginis
879 3566 1077 3629 extra
1108 3578 1343 3629 muros
1366 3556 1662 3629 civitatis
1693 3579 1831 3650 que
1856 3557 2128 3630 Novum
2160 3558 2352 3652 Opus
2377 3558 2656 3647 dicitur,
2689 3560 2827 3629 sint
2854 3557 3176 3631 distracta
3198 3570 3266 3630 et
3284 3579 3377 3630 ex

563 3679 1004 3752 diuturnitate
1032 3681 1357 3775 temporis
1389 3680 1830 3753 detineantur
1857 3691 2091 3754 contra
2114 3682 2465 3774 justiciam
2495 3705 2536 3754 a
2568 3681 3023 3776 quibusdam,
3069 3704 3203 3755 non
3228 3683 3380 3753 sine

561 3806 744 3896 gravi
790 3826 918 3877 sue
953 3806 1193 3876 salutis
1236 3803 1602 3899 dispendio
1655 3826 1737 3876 ac
1789 3807 1994 3878 etiam
2046 3807 2355 3901 periculo
2387 3806 2769 3876 animarum
2806 3827 3126 3894 suarum,
3171 3827 3382 3877 man-

564 3926 800 4001 damus
836 3928 1001 4019 tibi,
1050 3929 1369 4019 scultete,
1417 3929 1553 4000 sub
1580 3929 1866 4001 obtentu
1900 3931 2118 4024 gratie
2157 3938 2384 4002 nostre
2418 3928 2702 4000 firmiter
2733 3930 3170 4023 injungentes
3204 3953 3381 4025 qua-

568 4059 756 4125 tenus
784 4074 1026 4126 omnes
1057 4074 1178 4126 eos
1203 4075 1382 4146 quos
1403 4055 1743 4149 repereris
1773 4054 2038 4149 aliquid
2077 4053 2165 4126 de
2193 4054 2398 4126 bonis
2430 4050 2875 4125 ecclesiarum
2920 4055 3224 4150 ipsarum
3274 4055 3378 4125 in-

562 4176 735 4267 juste
767 4177 1006 4271 aliquo
1030 4176 1239 4250 modo
1282 4177 1630 4270 detinere,
1678 4200 1887 4271 cogas
1921 4178 2324 4250 auctoritate
2358 4184 2589 4250 nostra
2620 4176 2978 4251 restituere
3012 4179 3337 4251 universa
3358 4231 3378 4270 ,

1968 4377 2504 4384 ——m———e-——m—-ffl
2516 4377 2530 4383 -
2539 4378 2556 4383 ..-
2567 4377 2638 4384 -ψ,
2649 4376 2724 4383 ’Β

3067 4378 3369 4386 wm-n.

633 4481 697 4552 (⁴)
739 4501 767 4535 ι
793 4480 907 4539 Hoc
928 4497 1091 4553 anno,
1113 4485 1161 4541 11
1187 4499 1359 4541 nonas
1380 4483 1541 4555 junii,
1565 4483 1712 4556 regia
1737 4482 1867 4541 villa
1885 4484 2193 4541 Northusen
2218 4483 2274 4540 in
2296 4490 2448 4558 parte
2471 4485 2657 4557 majori
2692 4502 2817 4542 cum
2843 4487 3278 4546 conventualibus
3299 4503 3388 4544 ec-

565 4571 735 4633 clesiis
766 4577 996 4635 Sanctae
1027 4579 1213 4637 Crucis
1244 4584 1303 4636 et
1338 4579 1604 4637 Minorum
1640 4579 1868 4637 fratrum
1900 4580 2144 4638 incendio
2173 4588 2494 4655 consumpta
2526 4589 2629 4640 est.
2663 4601 2690 4635 υ
2715 4582 2969 4641 Chr-onio.
2991 4584 3263 4657 Erphord.
3292 4599 3382 4657 ap.

567 4669 849 4747 Bonum,
876 4676 1093 4747 Fontes,
1119 4684 1163 4734 t.
1188 4677 1256 4749 11,
1288 4693 1346 4750 p.
1380 4678 1505 4734 396.

3476 2062 3718 2169 sstegggrg
3727 2145 3741 2169 ,

3501 2171 3557 2212 ³0
3579 2170 3711 2223 lunii.
