4500 5956
985 597 1107 659 650
2031 595 2374 657 namnet
2423 592 2755 656 sura-mr
3433 595 3592 672 [Ans.
3631 596 3803 658 1234.

987 730 1428 803 absconditos
1486 742 1555 804 et
1610 733 1909 805 fautores
1962 753 2200 804 eorum
2255 729 2744 802 manifestaret.
2805 729 2948 800 Hoc
2998 727 3206 798 missa
3251 734 3356 798 est
3395 748 3438 799 a
3486 729 3812 820 magistro

990 852 1336 925 Conrardo
1398 854 1519 949 qui
1564 855 1770 927 nimis
1809 856 1874 927 ei
1926 853 2263 937 credidit,
2310 861 2378 924 et
2430 852 2577 947 ipsa
2624 852 2843 946 primo
2881 849 3072 945 apud
3127 850 3387 923 Clavelt
3435 851 3672 923 villam
3722 851 3812 924 de

990 998 1130 1068 qua
1193 975 1489 1049 oriunda
1552 979 1725 1069 fuit,
1797 988 2124 1072 cognatos
2192 985 2264 1049 et
2323 983 2521 1048 notos
2585 983 2655 1047 et
2705 975 2946 1047 affines
2998 975 3121 1069 qui
3180 997 3335 1049 eam
3389 974 3812 1049 exheredare

987 1097 1439 1191 videbantur,
1502 1101 1659 1172 fecit
1726 1102 2079 1193 comburi,
2145 1099 2519 1173 subornato
2585 1099 2789 1172 etiam
2847 1097 3151 1191 quodam
3209 1096 3548 1190 Amfrido,
3602 1121 3808 1192 quem

986 1221 1196 1293 modo
1243 1206 1528 1296 fecimus
1584 1223 1656 1296 in
1696 1225 1997 1298 vinculis
2043 1212 2378 1315 detineri,
2428 1222 2549 1316 qui
2612 1204 2966 1295 confessus
3012 1200 3349 1315 estquod
3394 1223 3644 1294 multos
3683 1223 3809 1311 ¹in-

992 1354 1353 1436 nocentes,
1415 1328 1586 1419 alios
1636 1348 1726 1421 ad
1785 1349 2057 1441 ignem,
2121 1349 2293 1420 alios
2340 1346 2430 1447 ad
2485 1355 2837 1418 tonsuram
2908 1367 3035 1441 per
3093 1345 3558 1445 testimonium
3603 1368 3806 1417 suum

986 1470 1300 1562 congerit
1350 1468 1537 1565 (sic),
1587 1472 1915 1562 magistro
1969 1471 2316 1544 Conrardo
2363 1467 2706 1563 judicium
2768 1470 3201 1541 fulminante.
3259 1467 3344 1539 Et
3393 1468 3642 1541 horum
3692 1491 3808 1541 ac·

986 1592 1249 1664 cusatio
1302 1593 1634 1686 paulatim
1685 1594 1872 1688 cepit
1931 1593 2303 1666 ascendere
2353 1614 2394 1664 a
2450 1593 2725 1664 rusticis
2773 1591 2865 1664 ad
2928 1592 3312 1686 burgenses
3373 1592 3809 1665 honorabiles

985 1723 1055 1785 et
1097 1736 1335 1786 eorum
1386 1737 1676 1807 uxores,
1730 1716 1895 1789 inde
1939 1716 2032 1789 ad
2081 1718 2485 1789 castellanos
2515 1715 2600 1808 [et
2636 1714 2942 1805 nobiles,
2990 1725 3062 1787 et
3099 1716 3169 1786 in
3218 1714 3355 1787 fine
3390 1715 3482 1787 ad
3529 1716 3809 1789 comites

985 1858 1198 1930 prope
1248 1846 1317 1909 et
1369 1840 1571 1932 longe
1629 1838 1909 1933 positos.
1971 1840 2056 1910 Et
2114 1840 2437 1932 magister
2507 1838 2723 1922 nulli,
2780 1838 3422 1932 quantumvis‘alte
3473 1860 3801 1931 persone,

981 1960 1213 2030 locum
1255 1959 1449 2030 dedit
1494 1961 1795 2053 legitime
1845 1960 2304 2051 defensioniS,
2346 1981 2474 2031 nec
2520 1960 2727 2032 etiam
2769 1959 3074 2032 confiteri
3116 1958 3394 2054 proprio
3438 1960 3801 2042 sacerdoti,

982 2081 1107 2152 sed
1141 2058 1538 2154 accusatum
1569 2084 1869 2178 oportuit
1901 2082 2208 2156 confiteri
2244 2105 2320 2155 se
2343 2083 2722 2155 hereticum
2751 2105 2927 2173 esse,
2977 2082 3329 2154 buffonem
3377 2091 3630 2153 tactum
3659 2081 3797 2178 (ἲ),

983 2204 1321 2297 pallidum
1372 2206 1602 2277 virum
1666 2218 1733 2278 et
1781 2207 2189 2299 hujusmodi
2240 2217 2541 2279 monstra
2592 2206 2997 2280 dissidentis
3047 2207 3236 2301 pacis
3282 2207 3353 2276 in
3398 2206 3636 2278 osculo
3681 2228 3806 2279 sa-

980 2328 1263 2399 lutasse.
1328 2328 1575 2405 Taliter
1622 2330 1910 2423 quidam
1963 2330 2282 2403 catholici
2332 2331 2706 2423 abjudicati
2752 2331 3140 2402 maluerunt
3200 2331 3597 2402 innocenter
3648 2351 3807 2402 cre-

979 2451 1150 2522 mari
1200 2460 1270 2523 et
1327 2452 1580 2523 salvari
1631 2476 1840 2546 quam
1902 2455 2178 2526 mentiri
2227 2454 2321 2528 de
2372 2455 2657 2528 crimine
2704 2454 3099 2548 turpissimo
3153 2454 3353 2545 cujus
3409 2475 3551 2525 non
3613 2464 3809 2527 erant

976 2573 1269 2664 conscii,
1323 2584 1394 2645 et
1433 2576 1851 2669 supplicium
1901 2578 2276 2671 promereri
2326 2578 2582 2672 quibus
2632 2578 2779 2671 ipse
2824 2576 3154 2670 magister
3197 2577 3600 2671 martyrium
3643 2597 3803 2672 pro·

977 2696 1324 2780 mittebat;
1381 2700 1497 2770 alii
1530 2697 1781 2769 infirmi
1815 2700 2045 2793 potius
2081 2702 2438 2793 elegerunt
2464 2700 2736 2773 mentiri
2773 2723 2986 2794 quam
3024 2700 3336 2772 comburi
3366 2698 3500 2795 (l).
3534 2699 3806 2784 Quibus

977 2831 1207 2894 tamen
1248 2822 1549 2916 oportuit
1610 2824 1832 2896 scolas
1890 2825 2280 2914 nominare,
2338 2832 2408 2896 et
2453 2823 3011 2918 respondebant:
3062 2848 3098 2893 (ι
3134 2822 3382 2895 Nescio
3424 2845 3636 2917 quem
3687 2846 3802 2897 ac·

977 2966 1212 3018 cusem
1258 2973 1275 3016 :
1326 2945 1535 3019 dicite
1576 2947 1747 3019 mihi
1814 2947 2094 3020 nomina
2139 2947 2231 3021 de
2273 2948 2532 3042 quibus
2573 2947 3038 3044 suspicionem
3076 2947 3367 3021 habetis.
3414 2972 3451 3017 n
3494 2947 3806 3042 Cumque

980 3078 1475 3161 proponeretur
1513 3069 1603 3142 de
1631 3070 1879 3143 comite
1917 3070 2266 3161 Seinensi,
2310 3069 2401 3143 de
2445 3072 2691 3143 comite
2728 3068 2893 3168 [de]
2927 3071 3253 3165 Aneberg
3288 3071 3417 3167 (a),
3458 3071 3549 3144 de
3581 3074 3805 3145 comi-

979 3190 1144 3261 tissa
1196 3190 1286 3263 de
1336 3192 1502 3283 Loz,
1545 3193 2008 3287 respondebat
2042 3193 2342 3266 evadere
2378 3195 2617 3267 volens
2651 3223 2668 3264 ε
2715 3220 2752 3264 «
2785 3196 2891 3267 Illi
2927 3196 3026 3268 ita
3067 3196 3167 3268 rei
3200 3208 3362 3268 sunt
3411 3204 3491 3266 ut
3537 3217 3694 3290 ego,
3736 3204 3804 3268 et

980 3310 1078 3383 illi
1112 3311 1184 3382 in
1217 3310 1422 3384 scolis
1458 3315 1783 3404 fuerunt,
1816 3324 1898 3385 ut
1932 3316 2028 3387 ibi
2064 3337 2193 3409 ego
2228 3315 2358 3387 fui.
2396 3340 2431 3384 »
2463 3316 2547 3387 Et
2581 3316 2679 3389 sic
2722 3319 2927 3391 frater
2960 3320 3275 3408 fratrem,
3317 3339 3497 3390 uxor
3541 3318 3798 3406 virum,

981 3435 1305 3509 dominus
1361 3458 1641 3508 servum
1698 3439 2069 3510 accusavit.
2132 3438 2270 3510 Alii
2330 3439 2594 3512 dabant
2648 3441 2870 3536 pretia
2920 3441 3286 3513 tonsoratis
3337 3449 3416 3512 ut
3478 3438 3807 3512 docerent

975 3558 1260 3632 modum
1299 3560 1682 3651 evadendi,
1725 3573 1791 3632 et
1832 3562 2011 3633 facta
2052 3572 2157 3635 est
2198 3565 2511 3636 confusio
2553 3586 2597 3636 a
2646 3564 2895 3636 seculis
2942 3562 3282 3636 inaudita.
3315 3562 3483 3655 ‘Ego
3528 3563 3803 3635 archie-

973 3684 1300 3780 piscopus
1352 3686 1753 3778 magistrum
1815 3686 2241 3762 Conrardum
2303 3688 2527 3782 primo
2586 3690 2803 3777 soluS,
2843 3697 3081 3782 postea
3133 3705 3291 3759 cum
3353 3685 3632 3758 duobus
3689 3709 3798 3760 ar·

969 3808 1425 3905 chiepiscopis
1472 3809 1857 3882 Coloniensi
1917 3820 1986 3883 et
2039 3812 2469 3900 Treverensi‚
2521 3812 2759 3883 monui
2811 3820 2891 3881 ut
2944 3809 3366 3882 moderatius
3421 3818 3490 3881 et
3543 3809 3798 3882 discre-

972 3933 1110 4004 tius
1152 3933 1225 4004 in
1263 3943 1455 4007 tanto
1492 3935 1769 4024 negotio
1818 3956 1895 4006 se
1922 3945 2231 4027 gereret;
2266 3936 2390 4029 qui
2432 3956 2571 4007 non
2619 3934 3003 4026 acquievit,
3043 3933 3173 4006 sed
3222 3933 3504 4006 tandem
3562 3942 3798 4005 contra

969 4065 1273 4128 nostram
1335 4058 1780 4132 monitionem
1853 4080 2135 4134 crucem.
2184 4060 2483 4152 ⁴publice
2551 4058 2960 4152 predicavit
2992 4057 3371 4148 Maguntie.
3437 4057 3591 4139 Quo
3645 4055 3798 4128 viso

966 4176 1254 4270 quidam
1321 4181 1806 4258 interfecerunt
1875 4203 2038 4253 eum
2101 4204 2317 4277 prope
2375 4183 2723 4275 Marburg.
2788 4181 3094 4254 Tandem
3150 4180 3546 4275 congregati
3605 4177 3796 4274 apud

1060 4352 1143 4432 (a)
1188 4354 1452 4414 Correxit
1474 4356 1742 4416 Leibnltz
1771 4355 2106 4438 Heumberq
2119 4377 2153 4433 ,·
2180 4361 2398 4419 rectius
2421 4365 2622 4419 tamen
2650 4358 2958 4436 legendum
2976 4353 3292 4437 Amberq.

3607 4510 3783 4521 .-—-——

1043 4587 1117 4662 (4)
1151 4589 1229 4646 De
1268 4588 1478 4648 insolito
1505 4590 1664 4646 modo
1692 4593 2015 4662 procedendi
2044 4593 2101 4649 in
2126 4594 2429 4653 haereticos
2460 4611 2570 4668 quo
2614 4595 2866 4668 magister
2897 4594 3173 4653 Conradus
3199 4593 3482 4663 utebatur,
3515 4592 3585 4649 cf.
3628 4591 3798 4649 Chro-

970 4687 1080 4743 m'c.
1103 4685 1371 4759 Erphord.
1400 4703 1488 4759 ap.
1517 4687 1803 4758 Βοειιιιιιιι,
1831 4691 2038 4756 Fontes,
2078 4696 2116 4744 t.
2150 4690 2216 4760 11,
2254 4709 2308 4764 p.
2345 4695 2467 4748 39⁴.
