4500 5956
604 645 828 704 Ixmcr.
861 632 949 716 8.]
1529 628 1921 690 HISTORIA
1979 627 2565 689 DIPLOMATICA.
3337 627 3456 688 759

606 773 875 844 bemus
930 787 1023 838 ex
1072 771 1304 836 nostre
1356 763 1574 855 gratia
1628 764 2025 855 majestatis.
2081 761 2191 834 Ad
2241 761 2452 853 hujus
2505 757 2609 856 (a)
2660 759 2895 853 itaque
2953 759 3451 834 ratihabitionis

608 892 1070 975 memoriam,
1124 895 1471 981 presentes
1505 886 1762 961 litteras
1798 886 1966 961 inde
2011 884 2159 959 fieri
2206 895 2275 960 et
2331 894 2561 959 nostre
2608 884 2982 976 majestatis
3033 885 3257 979 sigillo
3284 888 3450 977 J'us-

606 1038 848 1089 simus
874 1033 1313 1086 commumri.

726 1140 978 1211 Datum
1013 1132 1401 1227 Maguncie,
1435 1132 1770 1207 vicesimo
1801 1134 2011 1207 tercio
2046 1134 2364 1228 angusti,
2407 1133 2580 1205 VIII·
2612 1132 3008 1206 indictione.

1736 1465 3025 1477 *--ο------·---ο.ὀ--ο-ο----4ι---

740 1766 1166 1852 fridericus
1188 1830 1211 1875 ,
1253 1769 1771 1852 Romanorum
1816 1768 2262 1878 imperator,
2300 1794 2543 1878 papae
2579 1769 2878 1850 nuntiat
2913 1795 3006 1851 ex
3040 1769 3453 1856 deliberato
3535 1787 3840 1894 ‘fflfflssffif'

615 1926 810 1983 cum
862 1901 1332 2011 principibus
1386 1900 1682 2011 imperii
1737 1902 2052 1986 consilio
2107 1929 2189 1985 se
2240 1900 2780 1986 Lombardiam
2844 1903 3149 1985 ineunte
3200 1903 3459 1989 futuro
3583 1894 3804 1949 ''mm‘'

476 2106 483 2109 ,
618 2031 854 2140 aprili
892 2033 1263 2115 hostiliter
1297 2033 1864 2145 ingressurum,
1904 2033 2050 2116 nisi
2106 2034 2499 2142 negotium
2538 2033 3038 2118 Lombardiae
3075 2038 3282 2146 quod
3319 2037 3460 2146 ipsi

616 2165 876 2273 papae
893 2166 1309 2274 commisit,
1348 2166 1431 2247 in
1468 2166 1665 2250 festo
1688 2166 1978 2251 Natalis
2004 2166 2308 2249 Domini
2345 2167 2692 2277 proximo
2721 2169 3191 2252 terminetur.

788 2406 1139 2480 (Memorat.
1176 2409 1243 2468 in
1266 2407 1567 2470 Summar.
1589 2405 1943 2490 privileqior.
1975 2406 2110 2471 eccl.
2151 2409 2420 2481 Roman„
2452 2426 2527 2469 ex
2571 2410 2704 2472 cod.
2739 2411 2966 2471 cardin.
3000 2411 3304 2488 ottoboni,
3351 2430 3449 2489 ap.

874 2512 1178 2574 Murrm
1204 2521 1264 2575 et
1288 2513 1577 2589 Duum),
1604 2512 1881 2594 ampliss.
1902 2511 2142 2591 collect„
2170 2522 2217 2575 t.
2252 2517 2339 2589 11,
2367 2517 2475 2575 col.
2517 2515 2718 2595 1244.)

727 2726 980 2799 Littera
1023 2725 1347 2809 Friderici
1394 2727 1753 2822 ejusdem,
1796 2729 2264 2824 imperatoris,
2301 2730 2677 2802 Jerusalem
2724 2738 2792 2802 et
2825 2729 3052 2802 Sicilie
3087 2730 3296 2823 regis,
3329 2731 3457 2804 do·

600 2851 820 2924 mino
860 2851 1188 2945 Gregorio
1236 2873 1459 2947 papae
1503 2851 1763 2926 directa
1819 2875 1945 2949 per
2006 2875 2220 2949 quam
2268 2853 2331 2927 ei
2382 2851 2725 2947 significat
2776 2852 2967 2948 qnod
3017 2876 3227 2948 super
3278 2856 3457 2928 facto

603 2973 1179 3049 Lombardorum
1215 2998 1340 3071 pro
1365 2997 1509 3071 quo
1544 2975 1776 3049 dictus
1819 2975 2143 3050 dominns
2180 3000 2358 3073 papa
2403 2977 2806 3071 magistrum
2858 3031 2874 3048 .
2909 3031 2926 3049 .
2963 3033 2980 3050 .
3037 2978 3354 3051 nuntium
3392 2988 3458 3055 et

600 3099 1038 3194 scriptorem
1072 3122 1283 3173 sunm
1317 3100 1411 3174 ad
1452 3101 1684 3194 ipsum
1716 3101 2032 3191 miserat,
2078 3123 2238 3173 cum
2276 3101 2702 3197 principibus
2742 3101 3010 3197 imperii
3047 3103 3118 3173 in
3155 3104 3459 3197 generali

603 3223 828 3297 curia
863 3222 1260 3316 maguntiae
1310 3223 1689 3315 celebrata,
1745 3222 2246 3298 deliberaverat
2289 3224 2421 3320 (4),
2470 3226 2861 3317 juramento
2914 3248 3125 3323 snper
3170 3227 3308 3300 hoc
3338 3250 3464 3323 per

598 3345 924 3420 eosdem
970 3348 1320 3444 principes
1388 3347 1724 3446 corporali
1777 3351 2103 3443 praestito
2165 3349 2239 3420 in
2302 3349 2645 3445 principio
2695 3360 2862 3422 tnnc
2927 3352 3137 3423 futuri
3205 3350 3462 3426 mensis

600 3470 871 3568 aprilis
902 3471 1092 3566 ipsos
1122 3471 1545 3547 Lombardos
1577 3472 1892 3566 aggredi,
1938 3482 2009 3546 et
2052 3472 2244 3567 quod
2289 3493 2413 3567 per
2457 3473 2634 3546 duos
2681 3474 2954 3546 viarum
2999 3475 3266 3565 aditus,
3326 3477 3460 3547 sci-

602 3594 794 3668 licet
852 3617 971 3691 per
1030 3597 1372 3671 Basileam
1414 3607 1484 3670 et
1520 3595 1951 3692 Augustam,
2004 3597 2490 3671 Lombardiam
2550 3599 2950 3672 introibunt.
2999 3599 3460 3674 Nihilominus

606 3730 869 3794 tamen
911 3720 1058 3817 ipse
1105 3721 1474 3817 imperator
1515 3720 1877 3795 committit
1915 3730 2135 3794 totum
2171 3724 2476 3816 ipsorum
2523 3721 3060 3795 Lombardorum
3106 3725 3457 3818 negotium

606 3843 902 3918 domini
963 3867 1186 3941 papae
1237 3845 1520 3919 arbitrio
1576 3844 2087 3942 disponendum
2129 3867 2356 3941 usque
2414 3846 2506 3918 ad
2565 3848 2813 3918 festum
2871 3845 3126 3919 Natalis
3183 3847 3455 3919 Domini

608 3978 804 4043 tnnc
838 3969 1197 4067 proxime,
1230 3971 1437 4062 juxta
1469 3979 1774 4044 tenorem
1818 3971 2054 4066 scripti
2100 3992 2314 4044 aurea
2356 3971 2545 4044 bulla
2585 3967 2923 4064 imperiali
2970 3969 3220 4062 signati
3266 3968 3455 4063 quod

714 4141 807 4222 (a)
848 4144 922 4205 In
947 4146 1231 4222 impresso
1257 4141 1394 4222 ltus,
1424 4145 1600 4207 male.

704 4463 782 4538 (4)
825 4483 855 4518 ι
875 4464 940 4523 In
963 4463 1157 4523 eadem
1182 4465 1333 4523 curia
1364 4504 1578 4525 .....
1604 4463 1892 4540 postulavit
1917 4479 1950 4521 a
1977 4462 2311 4538 principibus
2337 4463 2594 4521 auxilium
2615 4467 2802 4521 contra
2823 4463 3170 4523 Lombardos.
3199 4483 3229 4519 ι
3257 4465 3458 4525 Amul.

629 4561 860 4634 Amant.
895 4577 984 4636 ap.
1022 4562 1328 4635 Βοκωιιιιι,
1352 4562 1574 4635 Fontes,
1603 4568 1645 4619 t.
1675 4562 1775 4634 111,
1800 4576 1860 4635 p.
1888 4564 2012 4618 409.
2041 4561 2124 4619 Cf.
2156 4561 2410 4636 epistolas
2433 4561 2674 4634 Gregorii
2701 4561 2808 4631 IX,
2843 4563 2914 4619 22
2942 4562 3205 4636 septemb.
3237 4568 3378 4624 4235
3405 4572 3461 4622 et

635 4656 702 4713 24
737 4657 918 4714 martii
947 4661 1111 4730 4236,
1141 4665 1199 4716 et
1221 4659 1515 4734 praecipue
1542 4658 1873 4735 encyclicam
1896 4657 2153 4718 Friderici
2178 4658 2368 4732 ipsius,
2402 4675 2563 4732 quam
2603 4659 2745 4716 circa
2763 4658 2975 4733 junium
3019 4664 3158 4719 4236
3198 4662 3267 4719 ad
3308 4677 3462 4735 reges

639 4750 814 4826 misit,
830 4758 889 4812 et
913 4753 1135 4830 incipit:
1163 4757 1340 4816 Inviti
1362 4755 1654 4831 loquimur.
