4500 5956
1091 580 1208 651 702
2124 578 2470 643 mmmm
2511 579 2847 645 SEPTun
3523 584 3683 664 [Anu.
3718 586 3896 648 1234.

1249 712 1438 786 (Edit.
1470 727 1567 788 ap.
1611 709 1869 775 Monam.
1901 712 2051 772 Boia.
2071 755 2091 792 ,
2111 718 2262 774 tom.
2291 714 2484 788 xxx,
2514 728 2654 791 pm
2683 721 2764 789 1⁸,
2798 728 2861 793 p.
2889 720 3032 788 απ,
3058 722 3296 791 ωηο,
3323 722 3401 783 cx
3426 718 3697 798 ortgtnalt
3724 723 3905 799 cujus

1324 818 1581 896 sigillum
1605 817 1822 896 perlit.)

1189 981 1265 1051 10
1314 977 1594 1049 nomine
1638 984 1872 1048 sancte
1926 984 1995 1046 et
2032 975 2394 1049 individue
2435 978 2808 1051 Trinitatis.
2855 978 2982 1070 11„
3024 978 3151 1051 Dei
3187 980 3406 1073 gratia
3434 981 3900 1058 Romanorum

1089 1125 1216 1177 rex
1244 1111 1313 1175 et
1337 1122 1607 1195 semper
1639 1108 2001 1192 augustuS,
2029 1099 2352 1171 omnibus
2384 1100 2456 1172 in
2485 1111 2917 1196 perpetuum.
2952 1101 3377 1177 Notumesse
3404 1105 3726 1180 volumus
3756 1117 3897 1182 tam

1091 1225 1524 1324 presentibus
1559 1244 1771 1317 quam
1810 1222 2054 1293 futuris
2081 1222 2276 1317 quod
2312 1244 2443 1295 nos
2477 1223 2917 1318 privilegium
2946 1233 3016 1295 et
3044 1223 3547 1300 ordinationem
3581 1228 3733 1304 sive
3759 1238 3898 1304 sta·

1095 1360 1165 1421 tu
1176 1359 1321 1421 tum
1355 1345 1836 1420 Embrichonis
1857 1345 2038 1417 bone
2073 1346 2403 1418 memorie
2431 1348 2785 1442 quondam
2805 1347 3316 1443 Herbipolensis
3348 1350 3681 1447 episcopi,
3709 1352 3902 1448 quod

1096 1474 1338 1547 datum
1377 1480 1526 1546 erat
1558 1469 1844 1542 ecclesie
1890 1469 2119 1540 Sancti
2169 1468 2501 1542 Iohannis
2534 1471 2606 1542 in
2644 1472 2890 1565 Houge
2936 1477 3007 1544 et
3054 1472 3403 1568 preposito
3447 1483 3520 1547 et
3553 1475 3903 1550 canonicis

1098 1594 1410 1689 ejusdem
1443 1593 1578 1665 loci
1596 1646 1614 1680 ,
1659 1593 1792 1685 legi
1827 1592 2116 1663 fecimus
2144 1613 2375 1665 coram
2407 1593 2656 1682 nobis;
2698 1595 2900 1687 cujus
2930 1602 3123 1668 tenor
3146 1595 3303 1667 talis
3324 1606 3428 1668 est
3468 1624 3488 1670 z

1196 1744 1234 1786 «
1276 1721 1352 1790 ln
1406 1713 1686 1788 nomine
1739 1724 1971 1787 sancte
2019 1724 2088 1787 61
2122 1714 2488 1788 individue
2518 1717 2886 1788 Trinitatis.
2925 1715 3297 1791 Embricho
3328 1719 3904 1814 wirziburgensis

1096 1844 1490 1938 episcopus,
1514 1840 1836 1911 omnibus
1857 1838 2098 1910 Christi
2122 1837 2444 1911 fidelibus
2465 1841 2780 1913 salutem.
2797 1840 3136 1913 Omnibus
3161 1851 3297 1914 tam
3326 1843 3665 1939 presentis
3693 1865 3903 1939 quam

1096 1970 1323 2039 future
1373 1964 1572 2037 etatis
1616 1963 2015 2035 hominibus
2073 1973 2313 2035 notum
2363 1984 2516 2035 esse
2567 1964 2897 2035 volumus
2949 1965 3244 2057 qualiter
3288 1966 3579 2061 quidam
3625 1967 3906 2058 Regen-

1098 2088 1355 2161 hardus
1386 2087 1477 2160 de
1497 2088 1716 2174 Ense,
1769 2084 2095 2158 videlicet
2132 2084 2517 2159 advocatus
2559 2087 2847 2157 fratrum
2876 2083 2966 2157 de
3000 2086 3251 2159 Sancto
3283 2088 3625 2176 Iohanne,
3663 2088 3735 2160 10
3761 2089 3907 2161 Ba-

1094 2215 1442 2305 dengowe
1469 2211 1648 2282 bona
1677 2230 1913 2281 eorum
1951 2208 2616 2302 Cvonengeshoven,
2656 2207 3286 2303 Wolfgiseshusen,
3323 2210 3900 2305 Harischesheim,

1089 2333 1764 2422 Rodericheshusen,
1804 2332 2228 2427 Hopferstat,
2269 2331 2659 2424 Gnozestat,
2699 2333 3066 2424 Hoenstat,
3103 2332 3499 2426 Osenwert,
3539 2335 3907 2408 Accolues-

1090 2459 1347 2545 husen,
1385 2454 1954 2542 Eschlihesheim‚
1985 2475 2111 2548 per
2143 2454 2485 2548 quasdam
2516 2454 2885 2528 insolentes
2913 2456 3324 2530 exacciones
3359 2466 3432 2527 et
3460 2457 3750 2529 subtiles
3781 2457 3912 2530 ad-

1091 2582 1524 2657 inventiones
1545 2600 1719 2672 quas
1739 2578 1889 2674 ipse
1910 2578 2202 2651 abusive
2219 2579 2531 2670 justicias
2554 2581 2952 2675 appellavit,
2975 2579 3155 2655 adeo
3180 2579 3618 2655 destruxerat
3643 2591 3710 2654 et
3744 2582 3911 2654 fun-

1094 2708 1280 2783 ditus
1315 2703 1861 2779 adnichilaverat
1904 2711 1984 2772 ut
2025 2703 2367 2797 prefatum
2416 2704 2780 2797 collegium
2822 2704 3195 2779 cottidiano
3238 2704 3581 2799 stipendio
3611 2726 3740 2778 suo
3773 2727 3910 2801 pe-

1095 2833 1284 2904 nitus
1319 2836 1618 2915 careret;
1652 2827 1858 2899 etiam
1897 2824 1991 2897 ita
2026 2812 2482 2899 exterioribus
2509 2825 2877 2900 destructis
2913 2835 2985 2900 et
3017 2825 3476 2900 adnichillatis
3511 2828 3584 2898 in
3624 2828 3911 2901 ecclesia

1094 2955 1279 3029 beati
1310 2950 1638 3027 Iohannis
1662 2947 1977 3022 divinum
2009 2949 2367 3020 servitium
2389 2968 2478 3021 ex
2499 2950 2729 3045 inopia
2762 2971 2991 3022 rerum
3030 2958 3098 3023 61
3131 2970 3574 3044 personarum
3615 2951 3758 3025 fere
3791 2971 3914 3045 per

1100 3078 1331 3151 omnia
1358 3095 1625 3150 cessare
1655 3081 1949 3168 ceperat.
1975 3073 2282 3145 Tandem
2317 3093 2486 3145 vero
2519 3073 2806 3166 predicti
2833 3076 3074 3146 fratres
3090 3095 3337 3167 graves
3350 3082 3419 3146 et
3443 3072 3915 3147 indeficientes

1099 3199 1573 3297 querimonias
1609 3194 1700 3268 de
1731 3196 2066 3268 advocato
2093 3216 2244 3284 suo,
2271 3195 2726 3288 Regenhardo
2749 3196 3100 3288 videlicet,
3130 3207 3200 3269 et
3224 3217 3453 3269 coram
3489 3197 3688 3270 nobis
3720 3207 3789 3270 et
3822 3196 3915 3270 ad

1103 3325 1417 3398 ultimum
1453 3340 1683 3393 coram
1721 3339 1887 3412 rege
1920 3318 2290 3390 Luothario
2319 3340 2598 3393 movere
2625 3329 2952 3415 ceperunt
2974 3330 3042 3392 et
3069 3342 3228 3395 eum
3256 3320 3675 3393 incessanter
3705 3320 3779 3391 in
3801 3323 3918 3415 jus

1105 3456 1174 3520 et
1206 3446 1276 3517 in
1314 3464 1591 3517 causam
1611 3462 1773 3513 suas
1793 3440 2079 3532 injurias
2111 3441 2619 3536 expostulando
2646 3452 3026 3517 traxerunt.
3058 3444 3210 3516 Rex
3242 3452 3472 3516 autem
3506 3443 3917 3518 Luotharius

1104 3574 1326 3643 Deum
1364 3577 1430 3640 et
1451 3565 1801 3659 Justiciam
1835 3564 1906 3635 in
1940 3585 2147 3637 causa
2179 3566 2459 3637 fratrum
2497 3567 3229 3660 supranominatorum
3257 3567 3815 3640 animadvertens
3848 3577 3919 3641 et

1104 3693 1549 3790 amplectens,
1592 3689 1793 3762 nobis
1825 3688 1959 3760 sub
1996 3689 2279 3761 obtentu
2326 3688 2543 3781 gratie
2585 3709 2714 3760 sue
2764 3691 3067 3786 precepit
3101 3688 3296 3785 quod
3329 3691 3534 3763 bona.
3556 3701 3629 3763 et
3678 3691 3920 3766 fratres

1106 3818 1334 3891 Sancti
1387 3814 1716 3887 Iohannis
1745 3835 1789 3885 a
1818 3812 2126 3909 predicto
2156 3811 2527 3894 advocato,
2573 3813 2784 3886 immo
2815 3812 3237 3888 destructore
3277 3814 3557 3910 penitus
3596 3815 3918 3888 absolve·

1106 3962 1362 4014 remus.
1402 3937 1603 4011 Unde
1637 3938 1976 4034 prefatum
2009 3935 2541 4030 Regenhardum
2565 3944 2822 4009 statuto
2857 3937 3007 4010 loco
3034 3948 3103 4010 et
3139 3937 3257 4026 die
3286 3948 3356 4010 et
3392 3937 3574 4010 datis
3595 3937 3920 4030 legitimis

1107 4062 1392 4135 indutiis
1418 4062 1548 4133 sub
1579 4061 1786 4134 tercio
1820 4060 2050 4135 edicto
2093 4061 2525 4134 vocavimus.
2567 4059 2706 4146 Qui
2751 4059 2920 4133 dum
2957 4061 3090 4133 sibi
3137 4060 3521 4160 periculum
3564 4060 3922 4134 imminere

1109 4186 1462 4280 cognovit,
1507 4184 1600 4257 ad
1624 4184 1901 4256 terciam
1933 4183 2370 4256 vocationem
2404 4184 2597 4255 senio
2629 4191 2698 4257 et
2732 4183 3126 4257 infirmitate
3151 4186 3507 4257 confectus
3531 4185 3755 4276 venit,
3796 4182 3921 4257 sed

1110 4310 1201 4383 de
1235 4307 1556 4380 omnibus
1591 4307 1723 4378 sibi
1752 4306 2037 4399 objectis
2070 4327 2148 4378 se
2187 4308 2579 4379 nullatenus
2612 4306 2982 4380 defendere
3020 4308 3273 4401 potuit,
3314 4309 3384 4380 in
3421 4318 3688 4406 tantum
3730 4306 3922 4402 quod

1109 4428 1468 4503 advocatia
1491 4449 1612 4522 per
1635 4436 1895 4500 ceteros
1920 4427 2435 4500 inbeneficiatos
2458 4437 2723 4501 nostros
2752 4430 2817 4502 ei
2846 4431 2917 4502 10
2942 4430 3219 4502 instanti
3241 4430 3622 4523 abjudicari
3647 4429 3919 4503 debuit.

1109 4552 1277 4623 Cum
1317 4568 1485 4620 vero
1521 4549 1877 4622 convictus
1923 4569 2001 4621 se
2057 4548 2523 4622 defensionem
2570 4552 2751 4642 juris
2799 4561 2868 4623 et
2914 4550 3419 4626 firmamentum
3457 4574 3667 4626 cause
3689 4553 3922 4649 perdi-

1110 4675 1298 4748 disse
1334 4671 1716 4767 conspexit,
1747 4670 1839 4743 ad
1870 4692 2105 4766 preces
2127 4682 2196 4744 et
2223 4673 2756 4768 supplicationes
2785 4694 2864 4748 se
2889 4675 3255 4768 convertit,
3290 4675 3640 4751 humiliter
3671 4697 3925 4770 rogans
