4500 5956
1043 650 1158 708 750
2032 649 2458 711 amomum
2507 650 2859 711 sncumm
3476 652 3636 731 [An.
3674 654 3849 717 1285.

1041 782 1212 855 illud
1251 783 1578 857 innovare
1605 794 1674 858 et
1710 807 1789 857 ea
1819 806 1959 880 que
1996 786 2427 858 continentur
2471 785 2546 857 in
2589 785 2751 881 ipso
2786 784 3191 859 confirmare
3237 786 3327 859 de
3365 797 3598 862 nostra
3636 790 3855 883 gratia

1044 905 1511 1003 dignaremur.
1550 907 1760 1000 Cujus
1785 907 2127 1004 privilegii
2166 918 2359 981 tenor
2400 910 2554 982 talis
2583 918 2737 981 est:

1140 1035 1215 1105 In
1255 1034 1534 1105 nomine
1562 1043 1798 1106 sancte
1831 1042 1901 1106 et
1932 1032 2303 1106 individue
2336 1033 2702 1105 Trinitatis.
2737 1032 3099 1106 Heinricus
3133 1032 3250 1124 Vl,
3306 1030 3548 1109 divina
3581 1035 3852 1108 favente

1045 1157 1402 1230 clementia
1434 1159 1894 1230 Romanorum
1926 1157 2293 1252 imperator
2325 1166 2394 1228 et
2427 1176 2702 1250 semper
2736 1166 3096 1250 augustus.
3139 1156 3327 1229 Licet
3360 1153 3455 1229 ad
3497 1157 3855 1231 universas

1046 1283 1371 1355 ecclesias
1394 1283 1518 1354 Dei
1540 1292 1609 1353 et
1622 1303 1948 1377 personas
1969 1281 2462 1353 ecclesiasticas
2485 1279 2913 1353 celsitudinis
2933 1290 3162 1352 nostre
3181 1279 3636 1376 patrocinium
3655 1301 3853 1373 gene·

1045 1408 1272 1480 raliter
1310 1407 1560 1478 debeat
1586 1404 1910 1497 extendi,
1960 1426 2080 1477 eas
2118 1415 2350 1478 tamen
2385 1403 2735 1497 amplioris
2768 1403 3095 1475 nimirum
3142 1405 3381 1477 favore
3419 1400 3857 1498 benignitatis

1045 1544 1113 1606 et
1138 1532 1355 1626 gratie
1398 1530 1714 1623 amplecti
1760 1537 1829 1600 et
1877 1529 2241 1600 confovere
2275 1527 2709 1601 decrevimus
2745 1548 2925 1622 quas
2970 1525 3397 1620 specialioris
3430 1525 3744 1600 debitum
3767 1525 3858 1598 fi·-

1048 1656 1345 1730 delitatis
1377 1653 1796 1726 familiariori
1834 1653 2033 1724 nobis
2068 1651 2437 1726 devotione
2480 1649 3018 1724 commendavit.
3062 1651 3254 1722 Hanc
3281 1670 3451 1723 sane
3489 1650 3672 1723 circa
3705 1669 3854 1722 mo-

1051 1780 1424 1852 nasterium
1448 1777 1678 1850 Sancti
1702 1776 1953 1849 Gisleni
1990 1774 2611 1849 considerationem
2642 1774 2976 1848 habentes
3012 1772 3207 1869 quod
3239 1795 3284 1845 a
3313 1772 3563 1846 nostris
3604 1770 3857 1867 prede-

1056 1903 1463 1991 cessoribus,
1486 1900 1811 1973 videlicet
1834 1900 2257 1993 Dagoberto,
2288 1900 2535 1972 Ottone
2555 1898 2779 1990 tertio,
2808 1899 3103 1971 Henrico
3127 1897 3460 1987 secundo,
3498 1894 3858 1969 Cuonrado

1056 2030 1360 2120 itemque
1379 2024 1742 2097 Cuonrado
1757 2024 2061 2117 itemque
2082 2022 2376 2096 Henrico
2393 2023 2618 2117 tertio,
2645 2024 2928 2117 regibus
2948 2032 3018 2096 et
3033 2021 3586 2119 imperatoribus,
3611 2021 3859 2114 legitur

1049 2174 1201 2225 esse
1252 2158 1714 2223 constructum
1734 2207 1750 2235 ,
1780 2149 2120 2221 universis
2158 2148 2427 2243 imperii
2464 2149 2676 2221 nostri
2715 2157 2853 2221 tam
2896 2148 3326 2243 presentibus
3366 2169 3578 2242 quam
3613 2148 3858 2219 futuris

1048 2275 1372 2348 fidelibus
1408 2283 1646 2345 notum
1671 2270 1815 2345 fieri
1846 2272 2168 2344 volumus
2190 2270 2384 2366 quod
2411 2293 2536 2344 nos
2561 2270 2654 2345 ob
2689 2271 2959 2344 firmam
2987 2270 3258 2365 imperii
3280 2271 3614 2367 regnique
3650 2270 3854 2343 nostri

1042 2398 1480 2472 stabilitatem
1517 2404 1586 2467 et
1614 2395 1840 2467 anime
1862 2405 2091 2467 nostre
2115 2404 2645 2488 nostrorumque
2681 2403 3042 2489 parentum
3079 2399 3479 2489 perpetuam
3522 2394 3810 2466 salutem
3831 2447 3850 2480 ,

1045 2524 1434 2593 interventu
1473 2539 1754 2612 qnoque
1791 2528 1860 2590 et
1891 2519 2219 2613 petitione
2252 2517 2585 2592 carissimi
2618 2517 2843 2590 fidelis
2897 2516 3108 2591 nostri
3143 2516 3556 2590 venerabilis
3602 2516 3858 2589 scilicet

1045 2642 1429 2729 Gotwuini,
1468 2639 1778 2734 ejusdem
1811 2643 2204 2713 monasterii
2225 2640 2528 2732 abbatis,
2571 2640 2902 2714 laudabili
2936 2658 3218 2736 quoque
3242 2639 3712 2733 gloriosissimi
3739 2640 3858 2713 do·

1044 2767 1213 2839 mini
1240 2789 1323 2839 ac
1354 2766 1569 2862 patris
1596 2765 1811 2838 nostri
1848 2764 2218 2838 benedicte
2252 2764 2581 2838 memorie
2603 2764 2951 2839 Frederici
2992 2763 3534 2836 christianissimi
3567 2765 3861 2859 impera-

1045 2892 1211 2963 toris
1261 2890 1582 2987 exemplo
1624 2887 1929 2982 inducti,
1973 2889 2192 2985 ipsam
2233 2889 2465 2962 Sancti
2505 2888 2757 2961 Gisleni
2792 2888 3037 2961 cellam
3068 2888 3164 2960 ita
3209 2909 3491 2985 prorsus
3535 2887 3629 2959 ab
3670 2888 3858 2961 omni

1038 3020 1193 3111 jure
1216 3015 1605 3089 mortalium
1631 3014 1915 3086 liberam
1934 3012 2125 3109 quod
2162 3014 2331 3086 nulli
2355 3035 2451 3087 ex
2483 3012 2973 3107 temporalibus
2999 3019 3225 3106 preter
3257 3020 3629 3085 creatorem
3653 3033 3856 3084 suum

1045 3141 1265 3210 Deum
1301 3139 1561 3210 servire
1587 3136 1903 3227 deberet,
1947 3146 2241 3230 excepto
2278 3137 2498 3208 solnm
2535 3135 2811 3209 honoris
2846 3134 3207 3229 largitione
3233 3133 3324 3208 de
3343 3156 3556 3209 manu
3585 3136 3770 3232 regis
3791 3147 3859 3210 et

1048 3261 1475 3355 imperatoris
1503 3259 1679 3330 sicut
1707 3259 1795 3332 de
1822 3279 2034 3331 manu
2070 3259 2267 3331 liberi
2304 3258 2623 3333 advocati
2652 3257 3044 3355 recipienda
3061 3313 3081 3352 ,
3123 3258 3258 3331 sub
3291 3267 3527 3333 nostre
3556 3260 3861 3333 tuitionis

1051 3382 1511 3482 patrocinium
1549 3383 2005 3477 suscepimus,
2046 3394 2116 3454 et
2151 3403 2389 3455 omnes
2427 3406 2539 3457 res
2565 3383 2656 3459 ad
2689 3406 2842 3458 eam
2871 3384 3291 3481 pertinentes
3313 3385 3520 3477 juxta
3552 3395 3858 3460 tenorem

1046 3505 1559 3603 privilegiorum
1599 3506 2016 3600 prefatorum
2053 3527 2294 3599 regum
2329 3517 2398 3579 et
2427 3507 2913 3603 imperatorum
2942 3510 3096 3603 lege
3139 3509 3214 3579 in
3243 3518 3653 3603 perpetuum
3681 3508 3861 3585 vali-

1049 3640 1202 3702 tura
1229 3628 1460 3702 eidem
1475 3629 1889 3702 monasterio
1914 3649 2358 3723 renovamus,
2396 3640 2463 3704 et
2499 3631 2834 3727 imperiali
2861 3632 3263 3704 auctoritate
3288 3629 3771 3705 confirmamus
3786 3632 3857 3703 in

1043 3756 1228 3828 omni
1257 3755 1691 3851 possessione
1707 3757 1856 3848 jam
1884 3755 2064 3830 dicte
2079 3758 2393 3847 ecclesie,
2426 3756 2750 3831 videlicet
2777 3758 2851 3829 in
2887 3757 3114 3845 terris,
3155 3757 3225 3828 in
3262 3758 3498 3852 pratis,
3542 3756 3616 3827 in
3633 3756 3851 3848 silvis,

1041 3882 1112 3952 in
1146 3881 1380 3974 aquiS,
1436 3880 1509 3951 in
1542 3880 1725 3952 villis
1761 3889 1831 3953 et
1865 3881 1938 3952 in
1965 3881 2186 3954 servis
2217 3881 2485 3954 nullum
2518 3879 2933 3954 advocatum
2960 3889 3189 3976 preter
3220 3879 3543 3954 abbatem
3572 3879 3848 3954 habere.

1037 4006 1220 4077 Sane
1255 4026 1492 4079 servos
1519 4006 2022 4102 cujuscumque
2047 4005 2382 4098 civitatis,
2444 4006 2651 4079 castri
2684 4027 2811 4079 seu
2835 4005 3115 4079 alterius
3151 4004 3283 4078 loci
3311 4006 3532 4079 incole
3559 4004 3814 4081 fuerint
3831 4060 3850 4093 ,

1040 4130 1192 4219 lege
1230 4131 1421 4202 nulla
1450 4130 1869 4227 impediente
1890 4152 2019 4203 sue
2051 4131 2338 4204 ecclesie
2362 4132 2517 4224 lege
2551 4128 2911 4203 adstrictos
2934 4130 3306 4223 abbatique
3347 4151 3433 4201 ac
3478 4129 3539 4202 si
3580 4130 3858 4203 domino

1039 4259 1107 4322 et
1138 4249 1478 4324 advocato
1512 4274 1639 4325 suo
1674 4274 1798 4347 per
1836 4254 2071 4326 omnia
2119 4254 2499 4326 servituros
2531 4253 2824 4347 provida
2857 4251 3102 4344 judicii
3149 4253 3411 4325 ratione
3458 4254 3848 4327 asserimus.

1039 4374 1414 4446 Statuimus
1446 4374 1653 4446 etiam
1688 4383 1763 4446 ut
1787 4375 2113 4449 defuncto
2143 4377 2396 4449 abbate
2431 4377 2672 4449 fratres
2712 4375 3023 4470 ejusdem
3062 4377 3494 4467 monasterii,
3540 4377 3858 4451 invocata

1038 4498 1270 4569 Sancti
1306 4497 1601 4593 Spiritus
1653 4500 1906 4592 gratia,
1969 4501 2303 4576 idoneum
2354 4510 2423 4572 et
2455 4501 2691 4573 utilem
2743 4509 3074 4572 rectorem
3123 4501 3256 4573 sibi
3306 4501 3523 4576 libere
3562 4501 3853 4594 eligant,

1034 4621 1159 4715 qui
1197 4630 1500 4716 tempore
1533 4631 1871 4716 oportuno
1904 4625 2246 4718 presentie
2275 4625 2488 4717 regali
2530 4624 2680 4696 sive
2711 4622 3058 4719 imperiali
3087 4645 3164 4696 se
3191 4624 3558 4715 exhibeat,
3590 4634 3661 4697 et
3683 4626 3861 4696 facto

1035 4746 1225 4841 regie
1267 4746 1418 4819 sive
1461 4747 1902 4842 imperatorie
1928 4750 2264 4839 majestati
2306 4749 2645 4841 hominio,
2688 4749 3168 4823 investituram
3200 4748 3477 4824 abbatie
3519 4748 3612 4823 de
3640 4770 3851 4822 manu
