4500 5956
634 575 825 635 Innrcr.
858 572 949 656 9.]
1539 575 1930 638 HISTORIA
1981 574 2572 638 DIPLOMATmA.
3331 583 3452 644 853

634 731 787 780 rum
820 707 1143 780 noticiam
1172 709 1560 804 principum
1594 712 1933 785 adversus
1987 765 2002 781 .
2062 763 2080 780 .
2142 763 2161 780 .
2216 707 2316 805 (a)
2345 710 2595 782 ducem
2626 709 2900 783 Austrie
2937 714 3291 787 materiam
3316 740 3449 812 pu-

632 831 813 903 blice
866 831 1246 924 questionis
1294 831 1574 926 afferre,
1632 835 1833 926 cujus
1873 834 2119 906 levitas
2191 831 2401 903 ducta
2457 832 2765 904 motibus
2819 833 3222 907 inconsultis
3274 839 3450 912 adeo

633 955 967 1049 prooessit
1002 956 1073 1026 in
1107 955 1489 1049 publicum,
1522 959 1779 1051 et‘ejus
1816 956 2186 1045 temeritaS,
2223 969 2458 1028 eontra
2494 954 2823 1027 honorem
2864 967 3172 1030 nostrum
3206 972 3277 1033 et
3310 964 3448 1034 im-

634 1079 800 1173 perii
831 1078 1237 1171 dignitatem
1276 1082 1485 1154 verbo
1526 1092 1597 1154 et
1641 1103 1851 1178 opere
1889 1090 2255 1171 attentata,
2311 1101 2438 1151 nos
2482 1088 2620 1152 tam
2657 1081 2956 1171 graviter
3000 1087 3442 1178 provocavit,

556 1189 565 1200 ⁸
635 1200 822 1293 quod
860 1204 1148 1275 transire
1192 1223 1329 1276 non
1381 1226 1751 1299 possumus
1785 1204 2073 1277 ulterius
2114 1204 2527 1275 incorrectos
2574 1225 2701 1274 sue
2744 1205 3042 1276 levitatis
3089 1229 3442 1282 excessus.

634 1324 892 1398 Revera
916 1327 1084 1420 quia
1123 1328 1499 1401 dileximus
1534 1341 1797 1425 patrem
1831 1311 2072 1416 susum,
2114 1329 2359 1400 merito
2391 1328 2656 1421 paterni
2699 1328 2963 1401 servitii
3001 1329 3194 1402 cordi
3247 1333 3447 1405 nobis

634 1458 737 1519 est
770 1458 838 1519 et
874 1470 1038 1520 cure
1082 1451 1154 1522 in
1192 1452 1492 1526 eundem
1547 1454 1796 1527 ducem
1831 1464 1899 1525 et
1948 1450 2167 1523 filium
2207 1453 2358 1544 ejus
2401 1451 2702 1522 favorem
2740 1460 3021 1545 paterne
3061 1452 3448 1527 dilectionis

633 1572 1019 1663 effundere,
1060 1584 1129 1647 et
1158 1576 1590 1650 affectionem
1631 1587 1933 1650 nostram
1967 1596 2134 1669 erga
2164 1597 2370 1646 suum
2398 1572 2835 1646 commodum
2876 1584 2944 1645 et
2970 1573 3301 1647 bonorem
3335 1599 3447 1649 os·

634 1695 913 1768 tendere
948 1718 1107 1770 cum
1156 1698 1431 1772 effectu.
1474 1701 1713 1796 Itaque
1761 1722 1922 1773 cum
1972 1697 2161 1796 apud
2214 1699 2616 1771 Ravennam
2672 1697 2936 1770 curiam
2985 1697 3443 1774 indixerimus

631 1819 1112 1893 celebrandam
1131 1875 1151 1910 ,
1217 1824 1627 1896 vocavimus
1678 1826 1942 1919 ipsum,
2013 1823 2192 1894 sicut
2248 1831 2509 1893 ceteros
2562 1820 2940 1916 principes,
3008 1832 3087 1893 ut
3136 1825 3436 1919 veniret,

629 1955 1086 2039 proponentes
1144 1967 1307 2019 eum
1363 1968 1593 2021 amore
1649 1959 1933 2043 paterno
1980 1946 2286 2040 recipere
2336 1965 2418 2016 ac
2463 1945 2721 2017 fovere.
2786 1944 2923 2018 Sed
2969 1947 3212 2039 majori
3247 1959 3442 2043 parte

629 2068 1018 2162 principum
1053 2069 1127 2141 in
1178 2071 1415 2144 multis
1464 2071 1814 2144 laboribus
1855 2082 1925 2143 et
1968 2069 2296 2163 expensis
2341 2067 2784 2140 venientibus
2814 2089 2857 2140 a
2883 2069 3194 2158 remotis,
3248 2070 3436 2164 ipse,

627 2192 743 2283 qui
779 2201 1210 2286 opportunus
1239 2195 1476 2267 venire
1511 2206 1808 2290 poterat,
1847 2215 2054 2267 suum
2096 2192 2470 2285 denegavit
2507 2213 2885 2264 accessum.
2926 2191 3190 2265 Deinde
3243 2194 3441 2266 nobis

629 2315 1139 2387 transeuntibus
1174 2316 1647 2411 Aquilegiam,
1710 2339 1867 2389 cum
1920 2338 2081 2389 eum
2131 2314 2391 2387 ibidem
2452 2313 2689 2386 videre
2724 2315 3090 2402 vellemus,
3155 2328 3442 2390 vocatus

627 2439 861 2511 venire
895 2439 1248 2533 pueriliter
1284 2442 1652 2513 recusavit.
1693 2439 1899 2526 Quod
1935 2450 2004 2514 et
2044 2460 2208 2526 noS,
2267 2438 2599 2511 habentes
2631 2448 3018 2533 respectum
3044 2439 3136 2512 ad
3163 2453 3442 2533 paterna

626 2563 940 2651 servitia,
998 2562 1436 2637 dissimulare
1481 2565 1864 2656 voluimuS,
1919 2564 2117 2636 etatis
2167 2584 2296 2635 sue
2348 2563 2648 2634 motibus
2690 2561 3201 2651 adscribentes;
3267 2565 3440 2656 quin

624 2687 850 2782 potius
904 2696 979 2757 ut
1021 2708 1105 2758 eo
1157 2709 1297 2759 non
1349 2688 1825 2761 recederemus
1877 2688 2141 2774 inviso,
2202 2686 2621 2759 contulimus
2674 2707 2800 2757 nos
2849 2687 3292 2780 personaliter
3344 2687 3439 2758 ad

622 2819 868 2882 terram
909 2832 1104 2883 suam
1135 2811 1376 2883 Portus
1410 2813 1666 2884 Naonis
1692 2812 1804 2905 (b),
1840 2833 2052 2904 quam
2082 2811 2379 2882 babebat
2401 2811 2472 2880 in
2500 2810 2674 2882 Foro
2701 2809 2895 2896 Julii;
2939 2819 3010 2881 et
3043 2810 3139 2881 ibi
3173 2832 3434 2882 moram

622 2934 985 3026 trahentes,
1009 2935 1323 3008 misimus
1349 2957 1474 3031 pro
1504 2934 1777 3023 eodem,
1800 2946 1874 3008 ut
1897 2936 1956 3009 si
1982 2936 2344 3008 molestum
2371 2934 2503 3006 sibi
2524 2934 2745 3006 fuerat
2767 2933 2838 3003 in
2863 2934 3260 3007 civitatibus
3285 2954 3436 3007 nos-

622 3060 703 3129 tri
739 3059 1011 3153 imperii
1055 3082 1183 3132 nos
1218 3059 1518 3151 vidisse,
1561 3060 1654 3132 ad
1690 3072 1936 3133 terram
1974 3081 2171 3132 suam
2213 3080 2338 3153 pro
2371 3057 2570 3129 nobis
2614 3057 2942 3130 accedere
2980 3079 3121 3131 non
3157 3060 3429 3132 vitaret.

619 3183 838 3267 Quem
880 3184 1274 3256 venientem
1313 3185 1688 3256 venerabili
1738 3183 2098 3257 affectione
2136 3183 2550 3277 recepimus,
2596 3190 2984 3275 satagentes
3019 3183 3083 3255 ei
3123 3184 3337 3255 verbo
3369 3195 3438 3255 et

616 3325 825 3399 opere
847 3307 1273 3400 complacere
1291 3332 1309 3392 ;
1336 3317 1594 3378 tantam
1619 3309 1773 3379 insu
1780 3330 1902 3402 per
1922 3308 2055 3381 sibi
2081 3307 2373 3400 gratiam
2404 3306 2732 3379 facientes
2750 3306 2938 3400 quod
2957 3328 3084 3402 pro
3102 3306 3437 3401 sopienda

615 3429 764 3520 lite,
800 3451 1012 3524 quam
1046 3433 1117 3502 in
1151 3432 1516 3504 exactione
1552 3430 1733 3504 dotis
1760 3428 2065 3531 [sororis]
2097 3452 2225 3505 sue
2258 3431 2442 3503 filius
2474 3439 2705 3502 noster
2728 3483 2747 3501 .
2786 3484 2805 3502 .
2843 3484 2859 3502 .
2897 3428 2985 3527 (c)
3008 3441 3242 3504 contra
3276 3453 3435 3503 eum

606 3554 761 3645 jure
783 3563 852 3626 et
871 3554 1143 3626 viribus
1165 3557 1568 3647 attentabat,
1587 3566 1741 3630 octo
1760 3555 1864 3652 (d)
1878 3558 2067 3630 milia
2093 3556 2528 3630 marcharum
2546 3555 2986 3650 promisimus
3000 3553 3428 3646 exhibenda;

612 3696 747 3747 non
777 3677 1170 3751 omittentes
1203 3678 1267 3750 ei
1297 3680 1691 3753 satisfacere
1722 3679 1813 3752 de
1838 3680 2146 3775 pulchris
2171 3681 2373 3774 equis
2408 3690 2480 3752 et
2511 3679 2665 3751 aliis
2699 3678 3069 3767 donativis,
3110 3678 3432 3751 acliben-

611 3798 873 3872 tissime
914 3819 1287 3896 procurare
1332 3804 1553 3897 parati
1596 3825 1737 3899 que
1769 3805 1918 3878 suis
1950 3814 2146 3898 grata
2199 3811 2429 3878 essent
2478 3801 2837 3875 affectibus
2875 3809 2943 3873 et
2991 3809 3268 3895 accepta
3287 3854 3308 3890 ,
3362 3813 3434 3871 ut

611 3941 773 3995 eum
820 3923 1271 3998 redderemus
1304 3927 1554 3999 nostris
1594 3928 1985 4022 aspectibus
2020 3928 2416 4020 gratiorem.
2452 3925 2687 4020 Nuper
2720 3933 2948 3997 autem
2984 3925 3055 3995 in
3097 3924 3434 3998 Alaman-

694 4147 778 4225 (ο)
819 4149 892 4209 In
912 4152 1213 4226 impressis
1242 4151 1581 4227 Hem-icum,
1603 4154 1780 4231 male,
1799 4154 1942 4215 dum
1963 4153 2040 4214 de
2063 4151 2361 4212 Friderico
2382 4154 2614 4227 agatur.
2639 4147 2711 4206 In
2736 4145 3037 4207 codicibus
3054 4162 3196 4206 vero
3216 4161 3430 4206 nomen

609 4258 843 4327 punctis
869 4257 1187 4332 suppletur.

691 4356 774 4438 (b)
815 4362 932 4438 Ap.
962 4362 1128 4423 Petr.
1157 4363 1232 4423 de
1257 4363 1400 4425 Vin.
1431 4362 1616 4425 Porto
1640 4364 1816 4438 Nove,
1847 4365 2017 4425 male.
2053 4363 2148 4425 cf.
2185 4378 2364 4440 supra
2394 4379 2454 4438 p.
2491 4370 2634 4435 368,
2657 4366 2784 4421 not.
2821 4370 2878 4421 1.

689 4465 764 4543 (c)
808 4467 918 4543 Ap.
965 4469 1125 4530 Petr.
1161 4470 1235 4530 de
1270 4469 1409 4530 Vin.
1454 4468 1754 4531 Gonu-udus
1764 4513 1785 4546 ‚
1811 4471 1997 4546 male,
2028 4470 2174 4531 dum
2200 4469 2277 4530 de
2309 4469 2566 4530 Hem-ico
2603 4473 2868 4544 patenter
2898 4473 3130 4547 agatur.
3161 4466 3233 4528 In
3258 4465 3436 4528 codi-

610 4568 777 4631 cibus
805 4588 1024 4634 nomen
1053 4578 1292 4652 punctis
1325 4576 1651 4652 suppletur.

693 4673 782 4756 (d)
823 4680 898 4739 ln
923 4680 1054 4742 cod.
1091 4680 1279 4742 Paris.
1313 4690 1453 4756 455,
1480 4688 1714 4762 septem.
