4500 5956
646 562 848 622 Iunior.
883 560 980 636 5.]
1562 555 1958 620 uls-'roma
2007 553 2605 616 nu’LOMA'rch.
3363 559 3486 622 583

1082 834 1609 847 ——-·—-—--——

756 1086 1130 1170 Henricus
1144 1148 1170 1195 ‚
1209 1082 1735 1170 Romanorum
1768 1109 1903 1167 rex
1918 1146 1941 1191 ‚
1982 1084 2079 1166 de
2121 1081 2489 1166 mandato
2541 1082 3019 1193 imperatoris
3070 1083 3309 1192 patris
3361 1084 3481 1167 sui
3539 1094 3872 1203 Wssffi‚

654 1216 1253 1329 promissionem
1273 1215 1625 1299 abbatiae
1657 1216 1758 1299 de
1791 1214 2218 1301 odenheim
2262 1214 2544 1297 factam
2598 1223 2911 1299 renovat
2954 1241 3181 1324 super
3226 1218 3482 1299 advo·
3555 1204 3584 1246 ⁹
3601 1202 3880 1257 '‘ffl·

659 1349 854 1432 catia
888 1348 1234 1458 ejusdem
1270 1346 1627 1432 ecclesiae
1670 1355 1747 1430 et
1796 1346 2187 1430 curiarum
2239 1344 2407 1455 ejus
2467 1345 2682 1429 nullo
2736 1345 2958 1429 titulo
3010 1347 3110 1429 ab
3164 1347 3484 1456 imperio

662 1478 854 1562 alien
864 1479 1095 1563 anda.

819 1692 1064 1772 (laedit.
1095 1707 1174 1754 ex
1207 1691 1462 1755 chartul.
1505 1688 2000 1765 Odeubelmeusi,
2033 1686 2140 1751 fol.
2170 1696 2247 1749 28
2266 1734 2285 1769 ,
2312 1690 2378 1750 ln
2401 1688 2643 1751 archivo
2668 1689 3122 1770 carlsrubensl.)

754 1876 1090 1949 Henricus
1117 1875 1478 1970 septimus,
1513 1873 1757 1949 divina
1788 1876 2066 1948 favente
2084 1873 2445 1947 clementia
2470 1873 2931 1945 Romanorum
2963 1893 3091 1946 rex
3113 1882 3184 1945 et
3216 1893 3488 1970 semper

667 2006 1023 2092 augustus.
1048 1996 1218 2068 Cum
1240 2006 1521 2094 propter
1540 1996 1965 2071 defensionis
1988 2004 2059 2069 et
2083 1996 2280 2091 pacis
2307 1996 2863 2089 tranquillitatem
2891 1994 2985 2068 ad
3016 2017 3144 2069 nos
3164 2005 3234 2069 et
3260 1996 3482 2094 impe-

664 2120 836 2192 rium
870 2120 1353 2214 subterfugere
1384 2119 1871 2194 consueverint
1892 2120 2030 2192 viri
2073 2118 2414 2213 religiosi,
2461 2126 2773 2192 tenemur
2815 2139 3057 2192 eorum
3097 2118 3492 2216 indempni-

664 2244 913 2317 tatibus
953 2243 1330 2339 providere
1345 2296 1366 2334 ,
1409 2264 1493 2318 ac
1524 2263 1764 2318 eorum
1796 2241 1980 2316 bona
2012 2250 2084 2315 et
2127 2241 2564 2316 defensiones
2590 2241 2989 2316 eorumdem
3035 2244 3283 2317 nostris
3329 2246 3492 2319 reti-

664 2376 901 2440 nentes
934 2366 1178 2440 usibus
1202 2367 1395 2462 regio
1425 2366 1561 2440 sub
1586 2366 1971 2462 patrocinio
1994 2366 2388 2439 confovere.
2420 2366 2752 2438 Noverint
2784 2366 2994 2460 igitur
3032 2376 3171 2438 tam
3205 2389 3490 2462 presens

662 2499 806 2564 etas
825 2511 1039 2585 quam
1074 2511 1481 2565 successura
1502 2491 1864 2586 posteritas
1885 2489 2078 2585 quod
2109 2511 2268 2562 cum
2300 2491 2672 2563 claustrum
2699 2490 2788 2564 de
2817 2490 3179 2563 Otenbeim
3205 2492 3490 2579 serenis-

651 2612 907 2685 simum
932 2611 1292 2686 dominum
1321 2613 1803 2708 imperatorem
1839 2623 2097 2708 patrem
2131 2621 2439 2684 nostrum
2466 2622 2537 2685 et
2567 2634 2693 2685 nos
2727 2612 2801 2683 in
2841 2613 3188 2707 speciales
3206 2613 3488 2705 elegerit

642 2734 1037 2809 advocatos
1089 2745 1162 2809 et
1210 2718 1602 2809 defensores
1621 2793 1638 2823 ,
1697 2735 1881 2809 idem
1946 2734 2268 2809 dominus
2321 2736 2691 2829 imperator
2736 2745 2806 2807 et
2865 2755 2992 2806 nos
3048 2735 3488 2829 promisimus

644 2856 925 2931 eisdem
979 2858 1263 2954 prestita
1317 2856 1458 2931 fide
1502 2867 1574 2931 et
1628 2858 1843 2951 regali
1879 2858 2234 2931 sanctione
2286 2856 2845 2931 confirmavimus
2883 2857 3081 2952 quod
3125 2876 3485 2951 nunquam

632 2983 1022 3058 advocatia
1065 2982 1377 3080 predicte
1415 2983 1703 3057 ecclesie
1747 3004 1873 3056 seu
1919 2983 2308 3078 aliquorum
2352 2982 2688 3055 bonorum
2737 2983 2889 3073 ejus
2923 3003 2966 3054 a
2997 2992 3223 3055 nostra
3255 2992 3326 3055 et
3355 2983 3486 3055 im-

628 3105 834 3198 perii
871 3113 1209 3201 potestate
1247 3115 1317 3180 et
1342 3105 1670 3190 ‚dominio
1718 3106 2081 3179 alienetur.
2122 3106 2340 3180 Nunc:
2365 3125 2532 3178 vero
2564 3104 2656 3179 de
2694 3103 3024 3179 mandato
3066 3114 3136 3179 et
3161 3105 3488 3202 petitione

630 3229 1083 3302 serenissimi
1105 3228 1369 3303 domini
1389 3230 1842 3324 imperatoriS,
1873 3229 2188 3303 eamdem
2214 3231 2317 3303 eis
2340 3229 2859 3324 promissionem
2886 3237 2957 3301 et
2972 3229 3489 3303 laudamentum

629 3351 920 3424 factum
948 3352 1182 3426 denuo
1217 3351 1556 3426 duximus
1582 3352 2099 3441 innovandum3
2138 3353 2608 3448 promittentes
2633 3352 2860 3425 eidem
2891 3353 3221 3445 claustro,
3258 3352 3490 3426 abbati

628 3493 942 3569 quoque
963 3483 1035 3547 et
1049 3475 1427 3548 conventui
1453 3474 1767 3566 ejusdem
1795 3483 1911 3565 ut,
1947 3475 2535 3569 quemadmodum
2561 3484 2665 3548 est
2690 3475 3107 3570 predictum,
3133 3496 3488 3570 nunquam

636 3593 889 3692 ipsam
932 3596 1365 3671 advocatiam
1398 3599 1688 3672 ecclesie
1734 3608 2106 3671 memorate
2148 3598 2303 3671 sive
2351 3599 2689 3672 bonorum
2725 3600 2943 3694 ipsius
2975 3608 3047 3671 et
3079 3599 3489 3672 nominatim

1248 3779 2650 3792 *Qum-m

643 3876 853 3950 ripam.
882 3876 965 3934 De
993 3876 1099 3933 ista
1121 3876 1280 3934 simul
1313 3876 1597 3934 donatione
1622 3881 1681 3934 et
1704 3875 2040 3950 expeditione
2070 3876 2205 3933 baec
2238 3882 2504 3934 memorat
2523 3876 2795 3934 Conradus
2820 3877 2888 3933 de
2910 3875 3137 3933 Fabaria
3165 3887 3253 3950 ap.
3284 3875 3486 3946 Psarz,

652 3970 902 4028 Bonum.
936 3970 1116 4028 Germ.
1155 3971 1340 4039 Hist„
1378 3976 1419 4028 t.
1449 3973 1528 4029 11.
1559 3988 1616 4046 p.
1648 3974 1753 4030 480
1796 3988 1812 4027 =
1844 3992 1871 4025 α
1905 3971 2143 4045 Rogatus
2178 3972 2519 4029 venerandus
2560 3971 2730 4028 abbas
2775 3987 2808 4027 a
2850 3986 2978 4043 rege
3020 3977 3083 4027 ut
3121 3972 3332 4027 veniret
3364 3986 3490 4028 cum

660 4065 924 4123 militibus
955 4067 1023 4123 ad
1046 4067 1301 4124 Noricum
1315 4109 1329 4138 ‚
1355 4083 1479 4125 cum
1510 4082 1761 4141 magnam
1788 4082 1972 4126 secum
1996 4068 2307 4124 adduxisset
2322 4068 2546 4123 militum
2569 4067 2799 4141 copiam,
2816 4067 2930 4139 regi
2950 4072 3135 4139 gratus
3161 4075 3216 4124 et
3241 4074 3494 4142 acceptus

669 4167 871 4219 curtem
896 4161 952 4219 in
979 4163 1272 4221 Cressarim
1299 4164 1372 4221 ab
1398 4164 1516 4239 ipso
1559 4164 1763 4239 recepit
1786 4165 1842 4221 in
1868 4164 2248 4238 proprietatem
2289 4163 2546 4221 ecclesiae
2589 4164 2769 4222 Sancti
2797 4163 2934 4220 Galli
2971 4164 3320 4237 servituram,
3368 4182 3494 4224 cum

676 4254 866 4316 familia
904 4260 1123 4334 copiosa
1142 4302 1158 4333 ,
1189 4276 1312 4318 cum
1347 4262 1592 4335 pascuis,
1621 4261 1764 4334 agris
1779 4303 1793 4331 ,
1831 4260 2101 4318 montibus
2136 4266 2194 4317 et
2235 4259 2413 4334 planis
2443 4276 2511 4317 ac
2548 4261 2799 4319 omnibus
2830 4261 2944 4318 suis
2980 4262 3326 4334 appendiciis.
3356 4281 3384 4315 n
3412 4264 3493 4322 Cf.

680 4351 888 4424 itiam,
914 4372 975 4429 p.
1007 4359 1143 4426 ⁴823
1179 4356 1274 4414 ubi
1304 4357 1415 4418 sub
1443 4363 1571 4416 nota
1598 4361 1665 4416 43
1690 4357 1885 4414 dicitur
1910 4356 2144 4430 diploma
2171 4360 2242 4414 45
2270 4373 2395 4430 aug.
2421 4360 2559 4415 4229
2587 4357 2838 4432 Thengae
2857 4357 2913 4414 in
2937 4358 3147 4429 castris.
3171 4373 3205 4416 a
3227 4357 3495 4417 Friderico

683 4445 880 4522 datum3
923 4467 1147 4510 erronee
1174 4457 1358 4511 tamen
1372 4497 1388 4525 ‚
1417 4453 1546 4511 dum
1576 4453 1876 4511 Fridericus
1905 4453 2196 4527 imperator
2231 4469 2372 4511 anno
2408 4457 2547 4511 4229
2584 4453 2638 4509 in
2674 4454 2984 4512 Alemannia
3027 4455 3224 4512 morari
3260 4470 3368 4512 non
3394 4469 3497 4527 po-

687 4546 845 4604 tuerit.
879 4547 1003 4618 Qua
1029 4564 1162 4607 vero
1195 4564 1362 4608 causa
1396 4565 1494 4608 rex
1535 4551 1798 4610 Hem-icus
1833 4550 1979 4611 circa
2001 4550 2175 4610 Rheni
2212 4550 2503 4626 superioris
2540 4557 2722 4625 partes
2753 4568 2893 4610 anno
2930 4554 3071 4612 4232
3104 4567 3228 4610 cum
3263 4551 3498 4610 exercitu

690 4653 886 4703 versare
895 4649 1003 4717 tur,
1032 4662 1141 4705 non
1165 4645 1306 4705 bene
1338 4653 1568 4706 constat.
