4500 5956
1196 597 1313 657 762
2185 594 2625 653 Futnssntct
2673 593 3023 654 SECUNDI
3632 592 3794 670 [Anu.
3835 592 4011 655 1235.

1292 731 1462 802 Acta
1531 738 1692 799 sunt
1744 728 1871 799 bec
1927 750 2109 802 anno
2163 728 2510 802 dominice
2572 728 3064 801 incarnationis
3121 727 3483 800 millesimo
3540 727 4015 801 ducentesimo

1194 854 1532 926 tricesimo
1565 854 1834 946 quinto,
1865 875 2102 926 mense
2131 854 2442 947 augusti,
2483 862 2727 925 octave
2757 851 3178 926 indictionis.

1289 978 1456 1049 Data
1490 975 1682 1072 apud
1711 977 2136 1069 Hagenowe,
2170 998 2381 1067 ann0‚
2422 997 2659 1049 mense
2688 986 2757 1048 et
2786 975 3165 1050 indictione
3193 975 3617 1073 prescriptis.

1649 1287 1681 1299 -
1694 1284 2819 1298 ‘'a-—n—-n—--n--a-oe—-M--o-——ae-—n——ss

891 1597 1015 1651 Apud
1291 1569 1756 1671 Fridericus‚
1799 1570 2321 1653 Romanorum
2374 1570 2816 1680 imperator,
2857 1581 3128 1655 notum
3170 1570 3353 1655 facit
3394 1572 3607 1681 quod
3639 1571 3721 1653 in
3757 1596 4006 1680 gene-

812 1648 1064 1702 lingenowe
1079 1686 1088 1703 ,

849 1712 907 1744 au

909 1709 1053 1755 ΜΟ·
1186 1702 1330 1784 rali
1384 1703 1596 1785 curia
1651 1728 1790 1785 sua
1841 1702 2287 1788 Ludewicus
2340 1703 2436 1785 de
2490 1705 2758 1814 Schipf
2794 1704 3214 1788 Gottifredo
3249 1704 3347 1787 de
3380 1702 3824 1788 Hohenlohe
3855 1728 4003 1787 co-

1187 1834 1352 1915 miti
1407 1834 1898 1918 Romaniolae
1950 1860 2091 1943 pro
2153 1837 2700 1920 restauratione
2743 1838 3203 1921 damnorum
3256 1864 3393 1946 per
3428 1863 3510 1920 se
3544 1836 3690 1945 ipsi
3728 1837 4003 1920 Gotte-

1182 1966 1382 2050 frido
1417 1966 1804 2049 illatorum
1820 2029 1844 2075 ‚
1886 1966 2096 2049 mille
2132 1992 2433 2050 marcas
2475 1968 2771 2079 argenti
2806 1969 3209 2054 solvendas
3239 1968 3624 2078 promisit,
3666 1976 3742 2050 et
3778 1993 4007 2077 super

1183 2099 1558 2184 solutione
1593 2106 1927 2184 castrum
1967 2127 2195 2184 suum
2241 2101 2512 2211 Schipf
2564 2112 2640 2186 et
2701 2104 2853 2186 alia
2914 2103 3120 2188 bona
3183 2112 3344 2185 tam
3403 2103 3487 2186 in
3550 2101 4005 2213 proprietate

1179 2260 1417 2343 quam
1451 2234 1530 2315 in
1567 2233 1810 2316 feodis
1845 2232 2237 2343 obligavit.

1340 2456 1365 2537 (
1377 2457 1615 2519 Edider.
1639 2458 2113 2531 mustum,
2137 2454 2565 2537 Diplomatixlt.
2595 2459 2839 2520 Βαναία
2862 2458 2961 2520 des
2984 2457 3191 2522 hanua
3213 2455 3571 2530 Ηαήωἱοήο.
3598 2464 3646 2517 t.
3677 2456 3741 2534 1,
3763 2473 3821 2533 p.
3856 2463 3997 2529 899,

1415 2572 1483 2623 n·
1528 2562 1772 2641 xxm,
1800 2579 1878 2623 ex
1926 2563 2218 2642 originali.
2248 2595 2330 2609 —
2356 2564 2688 2638 Lunma,
2732 2562 3065 2646 Reliquiae,
3115 2571 3166 2627 t.
3193 2566 3290 2638 11,
3343 2582 3404 2641 p.
3442 2571 3583 2626 218.
3613 2593 3695 2608 -
3720 2563 3996 2633 Omna,

1427 2666 1823 2750 Wappenbd„
1852 2675 1896 2730 t.
1928 2669 2021 2745 11,
2047 2686 2108 2748 p.
2148 2672 2313 2750 101.)

1269 2868 1686 2960 Fridericus,
1721 2869 1843 2941 Dei
1882 2868 2105 2964 gratia
2139 2870 2602 2942 Romanorum
2641 2870 3008 2965 imperator
3041 2881 3109 2943 et
3142 2891 3410 2966 semper
3461 2877 3828 2962 augustus,
3864 2870 3989 2942 Je-

1172 2994 1468 3067 rusalem
1516 3005 1583 3067 et
1630 2994 1857 3068 Sicilie
1890 3018 2040 3068 rex.
2089 2996 2218 3068 Per
2262 3018 2543 3093 presens
2587 2996 2918 3092 scriptum
2975 3006 3215 3069 notum
3261 2994 3410 3068 fieri
3469 2996 3795 3067 volumus
3839 2994 3995 3065 uni-

1172 3138 1391 3188 versis
1451 3118 1719 3212 imperii
1792 3117 2115 3191 fidelibus
2162 3128 2300 3192 tam
2358 3119 2792 3214 presentibus
2844 3142 3056 3213 quam
3108 3118 3355 3191 futuris
3403 3118 3594 3213 quod
3641 3117 3837 3189 nobis
3879 3137 3993 3188 re-

1170 3240 1560 3313 sidentibus
1632 3242 1704 3311 in
1764 3243 2018 3335 palatio
2074 3254 2305 3315 nostro
2354 3243 2755 3338 Hagenowe
2808 3244 2880 3314 in
2936 3243 3238 3338 generali
3293 3241 3483 3314 curia
3536 3262 3661 3336 pro
3710 3239 3993 3331 judiciis

1169 3364 1565 3455 audiendiS,
1600 3365 2073 3438 assistentibus
2098 3368 2297 3440 nobis
2323 3369 2666 3463 plerisque
2681 3367 3071 3463 principum
3098 3376 3168 3439 et
3196 3387 3555 3462 procerum
3577 3374 3987 3452 nostrorum,

1171 3490 1337 3562 dum
1378 3486 1793 3561 Godefridus
1831 3490 1920 3563 de
1958 3491 2356 3565 Hohenlohe
2404 3513 2634 3565 comes
2661 3492 2991 3565 Romanis
3041 3488 3264 3563 fidelis
3312 3499 3543 3561 noster
3593 3487 3996 3560 conveniret

1172 3615 1243 3685 in
1272 3613 1618 3709 presentia
1657 3622 1894 3687 nostra
1926 3615 2381 3690 Ludewicum
2415 3616 2505 3690 de
2535 3615 2836 3712 Schiphe
2878 3636 3090 3710 super
3122 3613 3474 3686 immensis
3504 3611 3826 3706 dampnis
3859 3609 3992 3683 sibi

1170 3739 1374 3811 illatis
1406 3759 1529 3834 per
1559 3760 1747 3829 eum,
1787 3736 2015 3810 dictus
2045 3737 2467 3812 Ludewicus
2503 3763 2662 3812 cum
2699 3738 2946 3814 eodem
2988 3738 3358 3812 Godefrido
3404 3735 3495 3809 ad
3533 3736 3989 3829 subscriptam

1170 3864 1690 3936 conventionem
1722 3873 1789 3936 et
1821 3862 2354 3936 satisfactionem
2395 3863 2766 3956 gratuitam
2797 3864 3076 3936 obtenta
3119 3862 3392 3934 licentia
3443 3868 3512 3932 et
3543 3859 3990 3955 permissione

1171 3997 1394 4060 nostra
1447 3985 1729 4060 devenit
1770 4011 1787 4055 ε
1837 3985 2159 4058 videlicet
2205 3984 2398 4081 quod
2449 4007 2572 4080 pro
2626 3987 3122 4060 restauratione
3170 3984 3629 4079 dampnorum
3681 3980 3990 4077 promisit

1166 4111 1393 4183 eidem
1417 4109 1789 4206 Godefrido
1818 4109 2007 4182 mille
2043 4132 2310 4182 marcas
2343 4112 2603 4205 argenti
2638 4111 2793 4207 puri
2834 4122 2904 4183 et
2937 4109 3099 4182 boni
3134 4107 3541 4198 solvendas,
3573 4127 3700 4201 pro
3735 4104 3990 4199 quibus

1162 4417 1339 4468 castro
1361 4409 1777 4483 pertinentibus.
1803 4411 1887 4466 lta
1907 4410 1963 4465 in
1993 4411 2096 4467 alio
2123 4411 2441 4470 documento
2467 4411 2628 4487 hujus
2650 4414 2906 4488 temporis
2933 4394 3103 4488 (apud
3123 4413 3559 4480 Hmssssumtu,
3589 4408 3753 4477 Ibid„
3784 4420 3846 4464 η’
3868 4407 3987 4479 Lu)

1162 4506 1444 4565 Heinricus
1466 4505 1620 4562 miles
1640 4505 1706 4562 do
1721 4505 2028 4562 Hohmloch
2049 4509 2400 4580 permissione
2420 4509 2622 4566 domini
2642 4510 2725 4568 sui
2748 4510 2954 4568 Alberti
2974 4510 3043 4567 de
3059 4509 3372 4568 Hohenloch
3388 4507 3579 4565 decem
3600 4504 3809 4562 maldra
3825 4502 3990 4559 tritici

1160 4607 1315 4663 offert
1340 4603 1594 4660 ecclesiae
1636 4603 1693 4657 in
1719 4602 2153 4661 Scheftersheim.
2175 4605 2301 4663 Istis
2325 4606 2490 4662 etiam
2513 4606 2576 4664 de
2603 4607 2908 4666 Hohmtoch
2949 4622 3246 4683 cognomen
3289 4611 3407 4666 erat
3447 4601 3834 4673 tantummodo,
3864 4614 3989 4657 cum

1159 4702 1293 4759 alias
1320 4716 1388 4758 ex
1416 4699 1753 4774 propriorum
1780 4700 2046 4759 bonorum
2072 4702 2224 4760 titulo
2253 4709 2532 4762 vocentur.
