4500 5956
548 593 747 654 Ιιωιοτ.
785 594 871 670 7.]
1454 586 1846 648 HISTORIA
1895 585 2480 648 DIPLOMATICA.
3254 585 3377 648 649

1029 881 2027 897 —v-m‘m

660 1170 991 1253 Sifridus
1071 1166 1562 1278 Maguntinus
1652 1165 2257 1273 archiepiscopus
2330 1176 2405 1248 et
2473 1165 2705 1247 frater
2774 1167 3208 1249 Bernardus
3279 1170 3376 1250 de
3425 1182 3788 1292 tciggrffiflum

550 1304 815 1387 ordine
875 1300 1490 1386 Praedicatorum
1551 1325 1794 1408 papae
1845 1299 2274 1382 rescribunt
2324 1300 2709 1410 quomodo
2763 1326 2810 1381 a
2856 1300 3206 1383 Conrado
3277 1302 3374 1385 de

549 1436 917 1545 Marhurg
968 1433 1196 1518 fuerit
1242 1433 1323 1513 in
1380 1431 1684 1543 negotio
1736 1432 2289 1514 haereticorum
2343 1457 2823 1538 processum3
2875 1433 3232 1515 nuntiant
3293 1460 3375 1515 se

551 1567 800 1676 primo
838 1567 1041 1675 apud
1086 1563 1670 1648 Francofurtum
1686 1624 1710 1663 ,
1749 1564 2023 1646 deinde
2085 1564 2292 1672 apud
2342 1563 2813 1672 Moguntiam
2866 1565 3219 1647 comitem
3278 1566 3374 1648 de

555 1697 775 1780 Seine
807 1706 883 1779 et
919 1696 1109 1779 alios
1144 1694 1557 1777 infamatos
1598 1695 1677 1775 in
1721 1694 2129 1803 pristinum
2176 1704 2461 1777 statum
2505 1695 2958 1803 restituisse,
2999 1696 3375 1806 quidquid

556 1829 635 1910 in
672 1830 823 1914 hoc
857 1828 1147 1940 egerint
1181 1828 1518 1910 seriatim
1555 1838 2038 1936 exponentes.

716 2044 962 2120 (Insert.
1000 2044 1062 2101 in
1091 2038 1346 2101 Alberici
1389 2038 1873 2120 Trium-sontium
1898 2039 2148 2102 chronic.
2186 2058 2285 2120 ap.
2331 2042 2615 2103 mez
2624 2086 2646 2118 ,
2689 2040 2902 2103 Aecus.
2934 2039 3132 2104 histor.
3154 2084 3172 2117 ,
3212 2048 3260 2103 t.
3292 2043 3376 2117 11,

792 2165 857 2224 p.
891 2156 1033 2222 544,
1066 2147 1228 2223 545.)

802 2336 1124 2430 Diligenti
1198 2336 1375 2408 facta
1447 2334 1897 2428 inquisitione
1956 2355 2165 2428 super
2211 2335 2343 2405 ista
2398 2335 2716 2429 pestifera
2772 2346 2959 2407 secta
3001 2335 3382 2410 Luciferia-

566 2481 804 2532 norum
840 2468 910 2531 et
941 2480 1146 2554 super
1173 2458 1540 2553 praedictis
1556 2511 1576 2549 ,
1612 2458 2166 2552 archiepiscopus
2192 2458 2635 2551 Maguntinus
2666 2467 2735 2531 et
2769 2460 2972 2532 frater
2996 2460 3384 2533 Bernardus

569 2583 649 2656 de
682 2582 930 2656 ordine
978 2582 1571 2670 praedicatorum,
1615 2582 1973 2677 quondam
2020 2581 2585 2675 poenitentiarius
2618 2582 2881 2655 domini
2927 2604 3181 2677 papae,
3222 2604 3382 2655 res-

571 2707 948 2802 cripserunt
978 2705 1259 2778 domino
1297 2727 1520 2801 papae
1558 2705 1628 2776 in
1658 2705 1830 2778 haec
1863 2704 2073 2777 verba
2111 2731 2128 2775 :

669 2854 705 2899 (t
745 2830 950 2915 Quod
1003 2829 1328 2923 magister
1372 2828 1728 2902 Conradus
1773 2836 2006 2901 contra
2054 2829 2445 2922 Pauper-um
2490 2827 3055 2923 Lugdunensium
3101 2831 3386 2903 astutias

575 2953 711 3026 zelo
746 2951 913 3026 fidei
950 2962 1288 3045 armatus,
1324 2951 1695 3026 nefandam
1718 2951 2014 3024 heresim
2036 3008 2052 3038 ,
2089 2951 2603 3025 Manicheorum
2648 2950 2861 3025 filiam
2900 2952 3061 3025 olim
3094 2953 3389 3027 abscon-

575 3077 815 3170 ditam,
867 3079 963 3150 ita
1008 3079 1284 3173 putavit
1334 3099 1427 3150 ex
1477 3086 1623 3149 toto
1670 3074 2190 3171 deprehendere
2232 3076 2292 3148 si
2344 3085 2551 3148 testes
2595 3077 2718 3171 qui
2766 3099 2840 3150 se
2889 3077 3392 3152 confitebantur

578 3200 1072 3295 aliquantulum
1121 3200 1427 3273 criminis
1473 3221 1715 3273 eorum
1753 3199 2068 3272 conscios
2108 3207 2178 3271 et
2212 3200 2615 3294 participes,
2660 3201 2733 3272 in
2769 3200 3040 3274 illorum
3085 3203 3395 3275 absentia

578 3323 1070 3419 reciperentur,
1120 3335 1190 3398 et
1237 3323 1443 3398 dictis
1480 3344 1720 3397 eorum
1760 3322 2160 3418 simpliciter
2205 3323 2632 3414 crederetur;
2679 3324 2774 3397 ita
2822 3332 2900 3396 ut
2934 3327 3150 3399 semel
3188 3348 3402 3399 accu-

581 3456 721 3520 sato
763 3448 915 3520 talis
961 3447 1241 3520 daretur
1284 3448 1475 3542 optio
1517 3456 1639 3519 aut
1690 3456 1934 3542 sponte
1966 3443 2280 3520 'confiteri
2327 3456 2396 3520 et
2440 3447 2717 3541 vivere,
2768 3457 2890 3520 aut
2941 3450 3399 3523 innocentiam

575 3570 799 3662 jurare
835 3579 904 3643 et
936 3572 1164 3644 statim
1203 3570 1538 3644 comburi.
1583 3571 1670 3642 Et
1720 3591 1882 3643 ecce
1913 3571 2121 3643 falsos
2150 3580 2360 3645 testes
2393 3572 2482 3644 ab
2518 3571 2871 3663 hereticis,
2914 3583 2993 3643 ut
3027 3574 3393 3665 credimus,

583 3695 983 3768 subornatos
1051 3694 1353 3768 adduxit
1407 3694 1756 3766 inimicus.
1814 3693 2129 3779 Quedam
2192 3695 2450 3769 femina
2508 3718 2688 3789 vaga
2744 3695 3011 3769 Alaidis
3065 3718 3400 3769 annorum

581 3816 847 3908 viginti,
887 3839 1054 3890 casu
1099 3817 1390 3890 veniens
1425 3817 1742 3911 Pigniam
1773 3817 1908 3910 (a),
1943 3816 2146 3889 finxit
2182 3839 2259 3891 se
2291 3819 2668 3892 hereticam
2705 3819 2890 3889 illius
2928 3829 3143 3908 secte,
3187 3818 3402 3891 fuisse

585 3962 783 4012 suum
812 3942 1043 4013 virum
1072 3942 1264 4038 apud
1296 3941 1735 4015 Cruneborch
1774 3950 2281 4014 concrematum
2321 3952 2390 4014 et
2425 3964 2500 4013 se
2533 3943 2712 4016 velle
2745 3943 3062 4035 cremari;
3107 3943 3402 4016 innuens

588 4084 626 4134 a
661 4064 866 4137 latere
905 4065 1097 4158 quod
1138 4065 1197 4136 si
1247 4065 1559 4138 Ecclesia
1614 4064 1853 4137 verbis
1908 4065 2054 4136 suis
2099 4062 2522 4136 credendum
2579 4064 3007 4158 decerneret,
3065 4066 3404 4144 hereticos

666 4212 747 4291 (a)
791 4214 866 4274 In
892 4220 1067 4276 textu
1086 4215 1490 4296 pereqrinam,
1521 4214 1681 4294 quod
1715 4217 1801 4276 lta
1827 4215 2086 4275 correxit
2111 4213 2400 4275 Leibnitz.
2434 4215 2705 4276 Fortasse
2744 4215 3054 4294 legendum
3082 4215 3406 4300 Pinyuiam

598 4316 901 4402 (Bimqen).

594 4608 838 4680 potuerit,
858 4609 1121 4681 majorem
1147 4609 1511 4669 adhibendam
1535 4610 1695 4668 fldem
1720 4626 2031 4683 censemus;
2062 4627 2318 4686 annoque
2346 4613 2485 4671 ⁴234
2511 4612 2864 4673 adhaeremus
2892 4630 2997 4690 quo
3024 4631 3203 4689 regem
3222 4631 3409 4674 mense

596 4705 733 4778 aprili
754 4705 900 4779 apud
926 4705 1143 4778 Spiram
1168 4724 1385 4782 quoque
1409 4709 1623 4766 stetisse
1648 4708 1782 4766 nihil
1805 4708 2002 4767 obstat.
2409 4797 2420 4806 .

743 4807 850 4868 IV·
892 4823 1006 4868 Pars
1031 4825 1076 4868 2.
1532 4842 1549 4856 ι
2409 4823 2416 4834 ’
3016 4816 3089 4867 82
