4500 5956
716 584 925 646 rm.
954 573 1043 658 a]
1624 568 2018 633 msa-ortu
2073 567 2662 638 mstouartcA.
3425 579 3555 642 sto

968 708 1393 780 Samari-m,
1418 697 1614 768 abac.
1644 698 1974 780 &planam
2003 707 2051 766 t.
2082 702 2133 777 1,
2162 719 2224 779 p.
2261 712 2399 766 400.
2431 706 2629 784 Hujus
2653 707 2945 786 privilegii
2979 709 3263 787 original·
3293 710 3566 789 integer..

969 817 1191 878 timum
1213 815 1549 874 asservam-
1572 811 1637 876 in
1661 809 1902 873 archivo
1928 810 2185 872 civitatis
2209 809 2592 888 Argenuuae.
2615 813 2894 898 Sigillum
2917 831 3086 882 cerae
3112 816 3324 884 rubras
3349 819 3567 899 pendet

967 918 1086 979 filis
1111 918 1309 982 sericis
1331 916 1539 978 viridis
1564 921 1624 975 et
1649 914 2047 980 amar-anthim
2071 917 2335 1002 coloris.)

824 1108 904 1179 {n
936 1104 1219 1177 nomine
1265 1110 1503 1175 sancte
1548 1110 1623 1173 et
1653 1100 2024 1174 individue
2048 1101 2423 1176 Trinitatis.
2463 1102 2856 1176 Fridericus
2885 1105 3276 1198 secundus,
3313 1108 3564 1182 divina

734 1233 1008 1304 favente
1034 1225 1397 1300 clementia
1430 1225 1895 1296 Romanorum
1933 1223 2304 1317 imperator
2339 1246 2618 1320 semper
2653 1236 3025 1319 augustus,
3083 1229 3459 1301 Jerusalem
3497 1240 3567 1303 et

726 1352 962 1425 Sicilie
985 1370 1140 1422 rex.
1194 1346 1599 1440 Augustalis
1648 1345 1921 1441 pietatis
1980 1348 2321 1418 immensa
2369 1349 2730 1420 clementia
2778 1371 3017 1422 eorum
3071 1351 3457 1424 commodis
3493 1363 3565 1425 et

738 1473 1114 1547 honoribus
1146 1471 1476 1567 hylariori
1516 1471 1718 1544 vultu
1762 1470 2126 1542 consuevit
2177 1470 2536 1543 intendere
2571 1493 2748 1565 quos
2776 1472 2846 1544 in
2885 1472 3033 1544 suis
3064 1472 3415 1566 obsequiis
3449 1474 3569 1568 pia

739 1608 804 1670 et
833 1605 1146 1692 prompta
1172 1595 1522 1668 voluntate
1555 1591 1902 1666 desudare
1928 1593 2248 1686 cognovit
2273 1594 2704 1688 experientia
2723 1595 3019 1667 certiori.
3045 1595 3216 1667 Inde
3242 1597 3564 1690 estquod

742 1742 863 1793 nos
888 1717 1328 1791 advertentes
1353 1737 1566 1810 quam
1603 1716 1872 1786 sincero
1898 1714 2146 1786 affectu
2183 1716 2433 1788 civitas
2464 1715 2986 1811 Argentinensis
2997 1718 3299 1789 servitiis
3316 1720 3568 1791 nostris

745 1864 815 1916 se
851 1841 1179 1937 exposuit
1225 1850 1300 1912 et
1353 1839 1650 1934 qualiter
1702 1860 1825 1934 per
1874 1838 2396 1913 evidentissima
2441 1841 2933 1936 obsequiorum
2987 1862 3270 1912 suorum
3326 1843 3568 1915 merita

746 1965 1115 2062 imperialis
1143 1963 1516 2056 maJoetatis
1550 1961 1682 2034 sibi
1718 1961 2083 2056 specialem
2123 1961 2407 2034 induxit
2439 1964 2727 2058 gratiam
2762 1974 2831 2036 et
2869 1962 3329 2054 savorem‚'ad
3367 1986 3570 2036 com-

746 2111 1022 2162 munem
1064 2088 1433 2160 utilitatem
1482 2086 1784 2158 civitatis
1837 2083 2355 2179 Argentinensis
2402 2088 2797 2182 pariterque
2841 2088 3176 2159 honorem
3231 2087 3306 2157 in
3361 2108 3573 2159 evum

742 2209 1328 2307 promovendum,
1382 2208 1758 2302 gratiosum
1811 2208 2118 2280 favorem
2177 2218 2485 2280 nostrum
2537 2209 2874 2283 duximus
2919 2208 3442 2282 concedendum
3497 2222 3579 2280 ut

742 2334 1064 2429 exemplo
1087 2331 1557 2407 retributionis
1584 2333 1734 2423 eius
1772 2351 1986 2423 quam
2022 2351 2148 2424 pro
2178 2331 2483 2403 servitiis
2515 2332 2661 2403 suis
2703 2340 3075 2404 memorate
3104 2332 3363 2403 civitati
3404 2353 3573 2404 con-

747 2459 1113 2547 cessimus,
1155 2456 1290 2529 alie
1322 2477 1605 2550 quoque
1633 2454 1950 2527 civitates
1990 2453 2262 2548 imperii
2307 2454 2605 2548 proniori
2646 2456 3006 2527 voluntate
3038 2453 3129 2526 ad
3162 2464 3393 2526 nostra
3417 2476 3581 2527 ser-

750 2581 917 2655 vitia
970 2580 1348 2654 ferventius
1400 2579 1812 2651 animentur.
1876 2578 2128 2651 Notum
2175 2577 2266 2649 sit
2320 2578 2533 2671 igitur
2576 2578 2904 2650 omnibns
2955 2586 3093 2648 tam
3141 2577 3576 2672 presentibus

744 2727 952 2799 quam
978 2704 1229 2775 futuris
1257 2702 1449 2796 qnod
1482 2724 1611 2774 nos
1641 2700 2069 2796 sepedictam
2103 2700 2454 2773 civitatem
2477 2701 3048 2795 Argentinensem
3069 2722 3228 2771 cum
3252 2700 3578 2771 omnibus

749 2829 895 2919 ejus
924 2827 1167 2898 incolis
1194 2827 1332 2899 sub
1358 2825 1639 2920 speciali
1668 2823 2091 2897 defensionis
2127 2833 2360 2895 nostre
2394 2825 2613 2915 gratia
2644 2824 3091 2918 recipientes,
3135 2821 3223 2894 de
3259 2822 3578 2893 liberali-

750 2958 882 3024 tate
904 2950 1122 3024 nostri
1157 2948 1481 3022 culminis
1514 2950 1649 3045 ipsi
1682 2947 1951 3020 civitati
1989 2945 2438 3041 indulgemus
2471 2957 2542 3020 et
2588 2948 2661 3021 in
2711 2967 2920 3019 evum
2970 2943 3458 3018 confirmamus
3500 2956 3578 3017 ut

749 3074 1171 3168 ubicumque
1204 3072 1432 3168 ipsius
1474 3072 1779 3144 civitatis
1824 3070 2211 3163 burgenses
2244 3092 2370 3165 per
2406 3080 2615 3143 totam
2649 3070 3078 3167 provinciam
3120 3068 3379 3141 Alsatie
3414 3091 3580 3164 pro·-

755 3198 1070 3290 prietates
1094 3197 1362 3290 aliquas
1388 3196 1541 3268 sive
1560 3215 2035 3288 quascumque
2061 3195 2530 3289 possessiones
2555 3195 2960 3282 habuerint,
2999 3193 3176 3264 nulli
3202 3194 3466 3265 licitum
3491 3194 3583 3265 sit

753 3319 841 3393 de
870 3320 1012 3390 hiis
1042 3318 1579 3413 proprietatibus
1605 3319 1757 3389 sive
1785 3318 2338 3412 possessionibus
2370 3319 2481 3390 vel
2538 3327 2607 3391 et
2640 3318 3038 3390 hominibus
3073 3339 3312 3390 sorum
3343 3318 3579 3390 servi-

754 3443 923 3515 tium
978 3442 1261 3535 aliquod
1316 3441 1626 3536 accipere
1678 3449 1799 3513 aut
1851 3441 2136 3532 exigere
2170 3442 2291 3513 vel
2343 3441 2552 3513 etiam
2603 3443 3020 3535 cujusquam
3066 3442 3373 3535 precaris
3429 3443 3584 3515 sive

752 3566 1133 3639 exactionis
1175 3586 1351 3637 onus
1392 3565 1494 3636 eis
1528 3565 1926 3659 imponere,
1981 3564 2314 3658 quoniam
2343 3585 2473 3635 nos
2507 3564 2766 3637 dictam
2793 3565 3144 3638 civitatem
3171 3587 3329 3637 cum
3358 3566 3584 3638 omni-

756 3688 883 3761 bus
904 3691 1057 3782 eius
1088 3688 1519 3784 pertinentiis
1551 3696 1693 3761 tam
1718 3688 1908 3759 intus
1932 3709 2144 3781 quam
2173 3699 2371 3760 extra
2400 3687 2491 3759 ad
2525 3688 2821 3783 speciale
2859 3688 3269 3781 obsequium
3312 3688 3581 3782 imperii

759 3809 1189 3885 decrevimus
1240 3831 1621 3883 reservare.
1678 3811 1993 3882 Preterea
2029 3810 2548 3898 constituimus,
2605 3808 3021 3881 tradidimus
3072 3819 3143 3880 et
3181 3810 3588 3881 auctoritate

757 3932 1085 4028 imperiali
1117 3955 1599 4029 consensuque
1627 3934 2018 4029 principum
2046 3942 2443 4006 nostrorum
2485 3930 3044 4003 confirmavimus
3095 3932 3483 4003 institutum
3513 3942 3586 4004 et

752 4057 861 4147 jus
881 4057 1239 4151 quoddam
1275 4057 1468 4151 quod
1503 4059 1695 4131 cives
1726 4057 1938 4130 iidem
1970 4057 2365 4128 habuerunt
2397 4077 2440 4127 a
2474 4053 2658 4127 divis
2688 4054 3004 4148 augustis
3025 4054 3586 4149 progenitoribus

762 4181 1003 4252 nostris
1055 4180 1373 4253 Lothario
1407 4189 1476 4253 et
1508 4181 1828 4276 Philippo
1866 4181 2330 4252 Romanorum
2368 4178 2650 4273 regibus
2686 4177 3013 4249 memorie
3049 4176 3410 4250 recolende
3445 4202 3464 4245 τ
3509 4189 3589 4251 ut

761 4323 1112 4398 nunquam
1154 4305 1230 4375 in
1262 4306 1418 4376 loco
1463 4305 1697 4399 aliquo
1731 4326 1856 4400 per
1892 4324 2256 4399 personam
2285 4303 2593 4396 aliquam
2635 4300 3169 4374 ecclesiasticam
3211 4303 3327 4373 vel
3379 4324 3585 4375 secu·

763 4425 965 4499 larem
1011 4449 1253 4500 eorum
1303 4426 1559 4522 aliquis
1597 4425 2019 4523 impediatur
2047 4433 2171 4497 aut
2225 4427 2631 4497 molestetur
2673 4423 2787 4496 vel
2830 4424 2904 4495 in
2947 4422 3230 4517 judiciis
3277 4423 3591 4496 trabatur

762 4559 955 4624 extra
1017 4550 1363 4623 civitatem
1419 4552 1535 4625 vel
1578 4570 1862 4646 prorsus
1904 4557 2197 4643 cogatur
2237 4548 2329 4619 ab
2377 4548 2609 4642 aliquo
2645 4568 2773 4642 pro
2821 4569 2947 4619 sua
2993 4546 3410 4647 proprietate
3459 4567 3587 4618 seu

765 4674 1185 4767 possessione
1210 4674 1313 4746 ibi
1351 4675 1676 4769 cuiquam
1711 4671 2157 4770 respondere.
2193 4671 2338 4745 Sed
2383 4672 2441 4744 si
2476 4671 2726 4767 aliquis
2761 4670 3098 4746 adversus
3133 4671 3435 4764 aliquem
3467 4689 3591 4741 eo-
