4500 5956
1051 595 1172 658 924
2045 596 2481 659 rmnssmcl
2528 594 2877 658 saeuum
3484 600 3644 677 [An.
3682 600 3851 664 1236.

647 1148 1010 1257 23³2003321323]
1164 1137 1356 1218 Cum
1392 1138 1732 1221 marchio
1767 1137 2160 1244 [Estensis]
2200 1149 2277 1220 et
2309 1138 2650 1221 Paduani
2693 1137 3196 1219 communiter
3240 1137 3615 1221 Rivaltam
3662 1165 3855 1250 quae

1054 1278 1167 1348 est
1203 1294 1429 1376 super
1465 1269 1809 1351 Athesim
1851 1269 2321 1373 obsiderent,
2344 1267 2693 1350 Ecelinus
2721 1281 2795 1350 et
2822 1266 3286 1352 Veronenses
3314 1271 3686 1351 miserunt
3716 1296 3853 1378 pro

1053 1399 1404 1481 Federico
1474 1401 1950 1508 imperatore.
2038 1461 2056 1480 .
2089 1462 2108 1481 .
2141 1462 2159 1481 .
2234 1401 2383 1498 Qui
2445 1399 2697 1482 subito
2767 1399 3072 1481 veniens
3136 1399 3260 1509 (1)
3331 1425 3508 1482 cum
3588 1401 3857 1482 militia

1053 1529 1685 1613 Theutonicorum
1722 1541 1798 1613 et
1838 1530 2191 1613 Ecelinus
2235 1558 2411 1613 cum
2464 1530 2748 1640 populo
2810 1530 3220 1612 Veronensi
3258 1532 3675 1639 impetuose
3717 1532 3856 1613 Vi-

1052 1662 1376 1742 centiam
1411 1660 1918 1769 intraverunt,
1959 1688 2282 1770 eamque
2345 1662 2721 1770 capientes
2774 1661 2853 1742 in
2909 1660 3100 1743 festo
3166 1662 3534 1746 Omnium
3601 1663 3852 1744 Sanc-

1050 1801 1306 1874 torum
1367 1792 1767 1874 crudeliter
1820 1794 2401 1875 combusserunt
2453 1792 2606 1902 (2).
2647 1794 2984 1876 Monach.
3034 1800 3294 1874 Patav.
3359 1794 3664 1902 chron„
3721 1820 3842 1901 ap.

1051 1923 1465 2029 Munuom,
1522 1923 1841 2032 script,
1890 1935 1947 2006 t.
1991 1923 2193 2031 Vm,
2232 1951 2312 2032 p.
2355 1928 2544 2008 675.
2575 1971 2685 1986 —
2718 1923 2786 2005 A
2834 1924 3207 2006 Cremona
3252 1926 3489 2007 movit
3540 1926 3663 2007 die
3704 1952 3853 2008 ve-

1056 2054 1258 2135 neris
1297 2053 1429 2162 (51
1470 2054 1804 2164 octobr.)
1842 2064 1917 2138 et
1949 2056 2153 2137 venit
2196 2081 2440 2163 usque
2479 2056 2577 2136 ad
2613 2054 2978 2136 Sanctum
3015 2054 3526 2164 Bonifacium,
3567 2058 3663 2139 de
3696 2083 3850 2165 quo

1049 2196 1262 2293 parte
1296 2184 1724 2291 combusta,
1763 2185 1868 2268 ibi
1913 2211 2146 2293 prope
2188 2186 2614 2293 hospitatus
2657 2195 2798 2267 est.
2849 2247 2867 2266 .
2902 2247 2920 2266 .
2954 2247 2972 2267 .
3025 2185 3442 2294 Imperator
3492 2188 3615 2268 die
3667 2187 3854 2268 sab-

1050 2314 1204 2396 bati
1245 2314 1364 2424 (1⁰
1400 2315 1794 2425 novemb.)
1834 2318 2217 2424 praevenit
2269 2316 2613 2422 eosdem,
2665 2318 2875 2424 quod
2919 2328 3091 2399 ante
3135 2316 3277 2399 fuit
3326 2320 3425 2400 ad
3478 2317 3850 2400 civitatem

1048 2445 1512 2550 [Vicentiam]
1549 2473 1725 2528 cum
1761 2447 1987 2555 pleno
2022 2448 2352 2529 exercitu
2397 2474 2635 2556 quam
2684 2448 3025 2530 marchio
3060 2448 3289 2529 etiam
3337 2450 3712 2531 currendo
3747 2448 3851 2531 ibi

1048 2577 1415 2686 potuisset
1467 2578 1754 2662 adesse.
1817 2584 2132 2662 Gerard.
2186 2579 2500 2662 Mauris.
2562 2578 2734 2661 hist.
2796 2605 2921 2686 ap.
2973 2579 3376 2686 Munssom,
3438 2579 3846 2688 Serimon,

1047 2721 1104 2792 t.
1149 2710 1350 2817 VIII,
1389 2737 1467 2818 p.
1510 2714 1643 2793 44.

659 3279 712 3322 1⁶
712 3277 979 3373 fffflssm
1154 3255 1569 3362 Imperator
1618 3254 1935 3336 dimisso
1986 3254 2363 3338 Gulielmo
2415 3256 2512 3336 de
2548 3254 3052 3337 Vicedominis
3100 3279 3239 3363 pro
3286 3264 3650 3363 potestate
3702 3252 3850 3335 Vi—

729 3383 908 3427 ¹¹²⁸¹¹⁸¹⁸·
1049 3385 1337 3467 centiae
1388 3384 1555 3466 loco
1589 3384 1707 3464 sui
1723 3444 1746 3489 ‚
1805 3410 1983 3464 cum
2026 3385 2354 3467 exercitu
2414 3385 2619 3466 venit
2679 3384 2759 3466 in
2822 3386 3339 3494 episcopatum
3375 3384 3679 3467 Paduae
3730 3384 3853 3466 die

1047 3518 1179 3601 XV
1233 3515 1664 3598 novembris
1689 3574 1712 3621 ‚
1769 3525 1846 3598 et
1912 3516 2328 3600 devastavit
2381 3517 2860 3624 Carturium3
2917 3518 3189 3599 deinde
3252 3518 3350 3598 ad
3407 3516 3852 3599 Citadellam

1047 3659 1122 3733 et
1155 3657 1417 3758 postea
1462 3649 1557 3728 ad
1598 3648 1948 3730 Castrum
1985 3647 2415 3729 Franchum
2432 3709 2455 3752 ‚
2496 3659 2571 3730 et
2604 3648 2711 3730 ibi
2749 3649 2952 3730 stetit
3003 3675 3138 3757 per
3171 3648 3375 3730 diem
3411 3657 3486 3729 et
3519 3655 3842 3730 noctem.

1047 3781 1333 3864 Deinde
1376 3778 1509 3863 ivit
1552 3777 1970 3861 Tervisium
2015 3788 2090 3860 et
2140 3777 2246 3861 ibi
2311 3780 2513 3861 stetit
2567 3806 2703 3890 per
2755 3778 3011 3889 plures
3073 3778 3236 3860 dies
3283 3776 3504 3886 juxta
3564 3777 3854 3861 Fonta-

1123 4095 1194 4169 (⁴)
1236 4115 1262 4150 α
1290 4094 1467 4154 Veluti
1494 4092 1718 4152 hirundo
1744 4109 1845 4169 per
1871 4094 2088 4151 aethera
2109 4093 2376 4152 volitando
2404 4111 2432 4148 »
2450 4135 2465 4164 ‚
2490 4098 2552 4150 ut
2571 4092 2699 4151 dicit
2722 4093 2984 4152 Antonius
3013 4091 3196 4151 Godus
3209 4135 3225 4165 ,
3244 4091 3536 4168 Imperator
3563 4094 3723 4151 unius
3746 4093 3850 4151 diei

1051 4197 1108 4250 et
1132 4192 1302 4248 noctis
1322 4192 1518 4265 spatio,
1543 4191 1757 4263 triginta
1788 4190 1898 4248 fere
1924 4190 2103 4248 leucas
2124 4206 2249 4247 cum
2284 4207 2384 4249 sua
2415 4190 2602 4249 militia
2632 4191 2906 4264 equitavit.
2936 4191 3005 4249 Bt
3025 4191 3154 4248 dum
3175 4192 3329 4264 juxta
3358 4193 3613 4248 Sanctum
3635 4190 3852 4248 Bonisa-

1049 4291 1191 4347 cium
1208 4290 1263 4345 in
1286 4294 1441 4362 prato
1467 4289 1701 4363 Aycardi
1726 4287 1963 4359 sisteret,
1996 4307 2025 4342 α
2052 4293 2261 4345 tantum
2294 4288 2402 4346 illic
2427 4304 2578 4346 mora
2612 4288 2750 4346 facta
2771 4294 2855 4346 est
2888 4292 3149 4361 quantum
3173 4287 3299 4361 quis
3320 4287 3503 4346 cibare
3528 4301 3722 4361 panem
3756 4302 3848 4360 po-

1052 4387 1153 4442 tuit
1174 4384 1503 4440 festinanter.
1525 4403 1551 4437 »
1578 4383 1657 4440 Cf.
1687 4384 1996 4441 Romnum.
2025 4399 2112 4458 ap.
2142 4385 2435 4442 Mum-ron.
2463 4384 2753 4458 scriptor„
2779 4390 2822 4440 t.
2845 4384 2988 4454 VIII,
3012 4400 3066 4457 p.
3089 4384 3215 4442 207.

1124 4482 1193 4554 (2)
1234 4482 1311 4536 De
1336 4481 1578 4553 captione
1595 4486 1651 4537 et
1683 4480 2089 4553 depraedatione
2110 4481 2408 4552 vicentiae,
2434 4480 2502 4537 ct.
2532 4480 2830 4538 Get-ardum
2851 4479 3185 4550 Maur-isium,
3211 4478 3483 4538 oculatum
3516 4482 3726 4544 testem,
3758 4491 3845 4549 ap.

1049 4581 1366 4641 nunnoni.
1384 4578 1674 4650 scriptor„
1694 4584 1734 4634 t.
1765 4577 1912 4649 vm,
1936 4594 1994 4651 p.
2023 4578 2207 4647 1145,
2222 4585 2281 4635 et
2299 4576 2642 4635 GodeIridum
2675 4576 3043 4636 coloniensem
3068 4590 3160 4650 ap.
3187 4576 3472 4644 Romu,
3494 4573 3702 4643 eoum,
3726 4577 3765 4629 t.
3781 4572 3848 4642 11,

1046 4691 1103 4749 p.
1137 4674 1258 4730 370.
2152 4703 2165 4720 .
