4500 5956
1018 554 1140 615 560
2063 555 2406 615 nssmtlcl
2450 555 2788 615 SEPTun
3474 558 3635 636 [Am
3676 560 3846 622 1231.

1018 689 1214 781 quod
1249 690 1707 762 inhabitantes
1745 689 2055 783 ejusdem
2094 689 2226 764 loci
2267 690 2466 762 nobis
2503 690 2898 764 fidelitatem
2926 695 3167 783 jurent
3201 693 3457 787 pariter
3486 703 3554 766 et
3588 694 3846 785 abbati,

1014 812 1243 903 judex
1297 814 1503 886 etiam
1555 813 1868 886 eamdem
1923 837 2135 908 quam
2190 814 2390 886 nobis
2449 813 2842 887 fidelitatem
2899 814 3136 887 abbati
3194 815 3394 888 faciet
3448 827 3845 890 memorato.

1019 935 1440 1028 Adjicientes
1464 961 1743 1032 quoque
1768 948 1837 1012 et
1868 961 1992 1033 per
2027 960 2311 1035 presens
2341 938 2684 1034 scriptum·
2707 937 2991 1010 firmiter
3014 938 3482 1031 promittentes
3514 947 3593 1009 ut
3622 940 3849 1034 ipsum

1019 1060 1354 1155 oppidum
1393 1084 1743 1156 nunquam
1780 1086 1822 1136 a
1856 1063 2058 1135 nobis
2094 1064 2205 1136 vel
2239 1063 2615 1136 heredibus
2644 1061 2891 1135 nostris
2931 1061 3312 1134 debeamus
3346 1071 3469 1135 aut
3506 1064 3852 1157 possimus

1022 1184 1507 1257 infeudationis
1532 1240 1552 1274 ,
1613 1187 2040 1278 collationis,
2099 1186 2518 1259 venditionis
2579 1207 2701 1259 seu
2762 1185 3200 1278 obligationis
3260 1187 3458 1259 titulo
3520 1188 3843 1259 alienare.

1018 1308 1395 1380 Statuimus
1440 1330 1722 1403 quoque
1781 1319 1852 1382 et
1901 1309 2033 1381 sub
2087 1309 2644 1382 interminatione
2698 1309 2918 1403 gratie
2970 1318 3202 1381 nostre
3264 1308 3574 1381 districte
3621 1311 3851 1405 preci-

1016 1430 1247 1525 pimus
1284 1441 1361 1502 ut
1399 1433 1590 1505 nulla
1631 1454 1939 1527 unquam
1977 1453 2267 1527 persona
2306 1431 2588 1504 humilis
2617 1432 2731 1503 vel
2767 1433 2940 1524 alta,
2988 1432 3448 1504 ecclesiastica
3485 1433 3598 1506 vel
3645 1455 3848 1505 secu·

1019 1553 1215 1641 laris,
1258 1576 1434 1626 ausu
1468 1555 1676 1628 ducta
1717 1556 2076 1629 temerario
2113 1565 2350 1628 contra
2384 1565 2688 1628 tenorem
2742 1555 2949 1646 hujus
2996 1555 3344 1650 privilegii
3375 1565 3443 1628 et
3467 1556 3845 1629 libertatem

1020 1679 1268 1749 tactam
1316 1679 1603 1751 ecclesie
1654 1679 2084 1752 Morbacensi
2121 1680 2232 1751 vel
2272 1686 2351 1749 ut
2397 1700 2610 1774 supra
2648 1678 2911 1751 dictum
2961 1688 3067 1751 est
3099 1679 3341 1752 venire
3391 1678 3686 1766 audeat,
3734 1679 3849 1750 vel

1019 1803 1396 1895 dampnum
1451 1804 1515 1874 ei
1554 1804 1625 1875 in
1689 1803 1824 1874 hiis
1880 1813 2001 1874 aut
2042 1824 2420 1897 gravamen
2468 1800 2750 1895 aliquod
2803 1802 3129 1895 irrogare.
3182 1799 3383 1885 Quod
3442 1802 3562 1895 qui
3628 1804 3849 1874 facere

1019 1926 1541 2020 presumpserit,
1591 1926 2130 2019 indignationem
2183 1926 2670 2021 omnipotentis
2714 1926 2837 1998 Dei
2868 1935 3235 2019 nostreque
3271 1923 3697 1997 celsitudinis
3728 1925 3849 1996 of-

1020 2050 1280 2121 fensam
1313 2071 1388 2121 se
1416 2050 1686 2121 noverit
1721 2051 2189 2122 incursurum.

1113 2175 1362 2245 Actum
1400 2174 1591 2271 apud
1626 2175 2049 2266 Hagenowe,
2085 2196 2269 2246 anno
2293 2173 2635 2246 dominice
2667 2173 3153 2247 incarnationis
3175 2172 3270 2244 M.
3291 2171 3414 2243 CC.
3435 2172 3687 2243 XXXII
3714 2169 3839 2266 (a),

1022 2297 1244 2390 pridie
1281 2296 1611 2371 kalendas
1633 2298 1967 2392 januarii,
2005 2297 2378 2370 indictione
2413 2298 2681 2392 quinta.

1117 2421 1350 2492 Testes
1395 2420 1495 2492 hii
1544 2432 1707 2492 sunt
1757 2447 1773 2490 z
1821 2423 1899 2492 B.
1953 2422 2371 2495 venerabilis
2423 2422 2942 2514 Argentinensi's
2989 2422 3398 2516 episcopus,
3450 2421 3577 2492 Th.
3629 2420 3846 2492 abbas

1015 2545 1403 2632 Lutrensis,
1454 2545 1536 2615 E.
1575 2545 1792 2617 abbas
1831 2546 2370 2635 HornbacensiS,
2413 2547 2486 2617 C.
2535 2545 2686 2618 dux
2717 2544 2807 2617 de
2833 2546 3075 2635 Tecke,
3109 2546 3195 2616 H.
3242 2543 3547 2616 marchio
3583 2543 3672 2616 de
3707 2544 3847 2614 Ba-

1019 2669 1200 2759 den,
1263 2670 1343 2742 R.
1405 2670 1744 2764 palatinus
1800 2691 2029 2742 comes
2079 2669 2172 2743 de
2215 2672 2588 2764 Twingen‚
2653 2690 2882 2741 comes
2935 2668 3320 2742 Willelmus
3372 2670 3577 2740 frater
3624 2688 3838 2753 suus,

1018 2814 1248 2865 comes
1280 2794 1366 2865 A.
1408 2795 1500 2867 de
1530 2796 1890 2892 Hausperg
1922 2795 2050 2893 (b),
2094 2815 2325 2867 comes
2352 2794 2439 2865 A.
2480 2794 2570 2867 de
2608 2793 3018 2885 Rotenberg,
3058 2814 3289 2866 comes
3324 2791 3397 2864 C.
3437 2791 3529 2864 de
3562 2790 3846 2863 Eichel-

1020 2917 1219 3010 berg,
1252 2918 1612 2991 Heinricus
1647 2918 1737 2992 de
1771 2918 2030 3007 Niffen,
2068 2919 2140 2990 C.
2187 2918 2516 3013 pincerna
2550 2916 2640 2990 de
2678 2915 3169 3011 Clingenberc,
3212 2914 3573 2988 Heinricus
3606 2934 3843 2987 came-

1020 3040 1244 3113 rarius
1272 3040 1361 3114 de
1398 3045 1863 3137 Ravensperg‚
1907 3042 2289 3138 Liupoldus
2320 3041 2409 3114 de
2436 3040 2875 3128 Grindelacb,
2915 3049 2986 3112 et
3018 3039 3134 3112 alii
3173 3039 3643 3136 quamplures.

1817 3526 2046 3588 ANNo
2101 3524 2299 3588 1232.
2330 3558 2415 3573 —
2453 3521 2936 3584 INDICTIONE
2986 3522 3049 3585 5.

709 4006 840 4062 Apud

633 4059 889 4112 nagenowe
899 4092 912 4114 ,

640 4114 686 4155 1·
698 4116 912 4168 januarii.

1117 4004 1485 4086 Henricus
1500 4062 1523 4108 ,
1562 4001 2085 4086 Romanorum
2146 4024 2278 4080 rex
2297 4060 2321 4106 ,
2362 3996 2844 4079 donationem
2918 4017 3155 4104 quam
3225 4000 3439 4099 pater
3510 4015 3696 4071 suus
3767 3998 3841 4071 et

1010 4134 1173 4245 ipse
1216 4135 1559 4218 fecerunt
1599 4132 1958 4243 hospitali
2015 4133 2336 4214 Sanctae
2377 4130 2659 4214 Mariae
2711 4126 3352 4209 Theutonicorum
3397 4123 3493 4205 de
3528 4121 3841 4205 ecclesia

1010 4267 1312 4376 Kunitz‚
1353 4267 1607 4348 denuo
1642 4265 2071 4366 confirmat,
2106 4288 2263 4346 non
2284 4261 2766 4344 obstantibus
2800 4258 3070 4340 litteris
3089 4281 3226 4365 per
3260 4255 3607 4365 iniquam
3634 4280 3837 4364 sug-

1007 4401 1426 4513 gestionem
1464 4425 1510 4481 a
1548 4424 1629 4481 se
1663 4397 1993 4481 obtentis
2036 4397 2155 4478 vel
2202 4420 2398 4505 quae
2434 4393 2514 4473 in
2549 4400 2939 4502 posterum
2974 4387 3260 4472 fuerint
3293 4386 3671 4471 obtentae.

1089 4589 1175 4671 (a)
1215 4589 1387 4651 Unde
1417 4589 1601 4665 liquet
1626 4586 1924 4645 notarium
1945 4599 2104 4644 anno
2128 4582 2461 4644 nativitatis
2484 4596 2663 4643 usum
2685 4580 2888 4643 fuisse.

1086 4694 1166 4775 (b)
1211 4694 1349 4756 Stne
1375 4690 1557 4753 dubio
1581 4686 1859 4750 Alba-tus
1883 4685 1954 4748 de
1984 4684 2311 4768 Habsburq.
