<?xml version="1.0" encoding="UTF-8"?>
<!DOCTYPE html PUBLIC "-//W3C//DTD XHTML 1.0 Transitional//EN"
    "http://www.w3.org/TR/xhtml1/DTD/xhtml1-transitional.dtd">
<html xmlns="http://www.w3.org/1999/xhtml" xml:lang="en" lang="en">
 <head>
  <title>
</title>
<meta http-equiv="Content-Type" content="text/html;charset=utf-8" />
  <meta name='ocr-system' content='tesseract 3.04.00' />
  <meta name='ocr-capabilities' content='ocr_page ocr_carea ocr_par ocr_line ocrx_word'/>
</head>
<body>
  <div class='ocr_page' id='page_1' title='image "./historiadiploma00empegoog_0109.png"; bbox 0 0 4500 5956; ppageno 0'>
   <div class='ocr_carea' id='block_1_1' title="bbox 625 536 3440 613">
    <p class='ocr_par' dir='ltr' id='par_1_1' title="bbox 625 536 3440 613">
     <span class='ocr_line' id='line_1_1' title="bbox 625 536 3440 613; baseline 0.003 -16"><span class='ocrx_word' id='word_1_1' title='bbox 625 536 820 597; x_wconf 70' lang='lat' dir='ltr'><strong>lxmcr.</strong></span> <span class='ocrx_word' id='word_1_2' title='bbox 856 536 941 613; x_wconf 81' lang='grc'><strong>7.]</strong></span> <span class='ocrx_word' id='word_1_3' title='bbox 1518 537 1912 601; x_wconf 77' lang='lat' dir='ltr'>HISTORIA</span> <span class='ocrx_word' id='word_1_4' title='bbox 1960 537 2545 599; x_wconf 71' lang='lat' dir='ltr'><strong>DIPLouATch.</strong></span> <span class='ocrx_word' id='word_1_5' title='bbox 3322 544 3440 605; x_wconf 76' lang='lat'><strong>651</strong></span> 
     </span>
    </p>
   </div>
   <div class='ocr_carea' id='block_1_2' title="bbox 614 669 3444 2364">
    <p class='ocr_par' dir='ltr' id='par_1_2' title="bbox 617 669 3444 1755">
     <span class='ocr_line' id='line_1_2' title="bbox 623 669 3442 769; baseline 0.004 -29"><span class='ocrx_word' id='word_1_6' title='bbox 623 669 1090 742; x_wconf 80' lang='lat' dir='ltr'><strong>Frankenvort</strong></span> <span class='ocrx_word' id='word_1_7' title='bbox 1137 671 1881 769; x_wconf 71' lang='lat' dir='ltr'><strong>cuman-ehiepiscopis</strong></span> <span class='ocrx_word' id='word_1_8' title='bbox 1923 681 1993 746; x_wconf 90' lang='lat' dir='ltr'><strong>et</strong></span> <span class='ocrx_word' id='word_1_9' title='bbox 2042 673 2388 768; x_wconf 86' lang='lat' dir='ltr'><strong>episcopis</strong></span> <span class='ocrx_word' id='word_1_10' title='bbox 2436 695 2660 768; x_wconf 85' lang='lat' dir='ltr'><strong>usque</strong></span> <span class='ocrx_word' id='word_1_11' title='bbox 2711 675 2805 749; x_wconf 93' lang='lat' dir='ltr'><strong>ad</strong></span> <span class='ocrx_word' id='word_1_12' title='bbox 2831 690 2839 729; x_wconf 89' lang='grc'><strong>-·</strong></span> <span class='ocrx_word' id='word_1_13' title='bbox 2858 677 3058 749; x_wconf 73' lang='lat' dir='ltr'><strong>XXV</strong></span> <span class='ocrx_word' id='word_1_14' title='bbox 3097 685 3169 748; x_wconf 91' lang='lat' dir='ltr'><strong>et</strong></span> <span class='ocrx_word' id='word_1_15' title='bbox 3205 679 3442 751; x_wconf 89' lang='lat' dir='ltr'><strong>multis</strong></span> 
     </span>
     <span class='ocr_line' id='line_1_3' title="bbox 619 792 3443 895; baseline 0.003 -31"><span class='ocrx_word' id='word_1_16' title='bbox 619 792 896 887; x_wconf 83' lang='lat' dir='ltr'><strong>imperii</strong></span> <span class='ocrx_word' id='word_1_17' title='bbox 960 792 1395 888; x_wconf 86' lang='lat' dir='ltr'><strong>principibus</strong></span> <span class='ocrx_word' id='word_1_18' title='bbox 1455 792 1595 890; x_wconf 69' lang='lat'><strong>(⁴),</strong></span> <span class='ocrx_word' id='word_1_19' title='bbox 1668 794 1924 869; x_wconf 82' lang='lat' dir='ltr'><strong>deinde</strong></span> <span class='ocrx_word' id='word_1_20' title='bbox 1991 796 2338 870; x_wconf 82' lang='lat' dir='ltr'><strong>dominica</strong></span> <span class='ocrx_word' id='word_1_21' title='bbox 2379 797 2616 868; x_wconf 78' lang='lat' dir='ltr'><strong>Letare</strong></span> <span class='ocrx_word' id='word_1_22' title='bbox 2671 799 3040 871; x_wconf 67' lang='lat' dir='ltr'><strong>Jerusalem</strong></span> <span class='ocrx_word' id='word_1_23' title='bbox 3095 797 3203 895; x_wconf 80' lang='lat'><strong>(2)</strong></span> <span class='ocrx_word' id='word_1_24' title='bbox 3250 800 3443 895; x_wconf 84' lang='lat' dir='ltr'><strong>apud</strong></span> 
     </span>
     <span class='ocr_line' id='line_1_4' title="bbox 619 915 3444 1016; baseline 0.003 -28"><span class='ocrx_word' id='word_1_25' title='bbox 619 915 1050 1009; x_wconf 78' lang='lat' dir='ltr'><strong>Moguntiam</strong></span> <span class='ocrx_word' id='word_1_26' title='bbox 1088 916 1652 991; x_wconf 78' lang='lat' dir='ltr'>examinavimus</span> <span class='ocrx_word' id='word_1_27' title='bbox 1690 920 2021 993; x_wconf 85' lang='lat' dir='ltr'><strong>eomitem&#39;</strong></span> <span class='ocrx_word' id='word_1_28' title='bbox 2045 919 2442 993; x_wconf 83' lang='lat' dir='ltr'><strong>Seinensem</strong></span> <span class='ocrx_word' id='word_1_29' title='bbox 2476 930 2548 993; x_wconf 85' lang='lat' dir='ltr'><strong>et</strong></span> <span class='ocrx_word' id='word_1_30' title='bbox 2585 921 2755 994; x_wconf 88' lang='lat' dir='ltr'><strong>alios</strong></span> <span class='ocrx_word' id='word_1_31' title='bbox 2789 922 2880 995; x_wconf 92' lang='lat' dir='ltr'><strong>de</strong></span> <span class='ocrx_word' id='word_1_32' title='bbox 2916 923 3175 1016; x_wconf 86' lang='lat' dir='ltr'><strong>quibus</strong></span> <span class='ocrx_word' id='word_1_33' title='bbox 3207 923 3444 997; x_wconf 83' lang='lat' dir='ltr'><strong>habita</strong></span> 
     </span>
     <span class='ocr_line' id='line_1_5' title="bbox 623 1038 3443 1142; baseline 0.003 -31"><span class='ocrx_word' id='word_1_34' title='bbox 623 1046 725 1112; x_wconf 86' lang='lat' dir='ltr'><strong>est</strong></span> <span class='ocrx_word' id='word_1_35' title='bbox 757 1038 1067 1131; x_wconf 62' lang='lat' dir='ltr'><strong>questio,</strong></span> <span class='ocrx_word' id='word_1_36' title='bbox 1093 1049 1164 1113; x_wconf 87' lang='lat' dir='ltr'><strong>et</strong></span> <span class='ocrx_word' id='word_1_37' title='bbox 1207 1041 1636 1114; x_wconf 72' lang='lat' dir='ltr'><strong>restituimus</strong></span> <span class='ocrx_word' id='word_1_38' title='bbox 1678 1064 1807 1116; x_wconf 86' lang='lat' dir='ltr'><strong>eos</strong></span> <span class='ocrx_word' id='word_1_39' title='bbox 1846 1044 2029 1116; x_wconf 79' lang='lat' dir='ltr'><strong>same</strong></span> <span class='ocrx_word' id='word_1_40' title='bbox 2075 1051 2146 1115; x_wconf 82' lang='lat' dir='ltr'><strong>et</strong></span> <span class='ocrx_word' id='word_1_41' title='bbox 2193 1044 2763 1139; x_wconf 76' lang='lat' dir='ltr'><strong>poesessionibus.</strong></span> <span class='ocrx_word' id='word_1_42' title='bbox 2816 1045 3266 1121; x_wconf 82' lang='lat' dir='ltr'><strong>Mendacibus</strong></span> <span class='ocrx_word' id='word_1_43' title='bbox 3318 1069 3443 1142; x_wconf 90' lang='lat' dir='ltr'><strong>pro</strong></span> 
     </span>
     <span class='ocr_line' id='line_1_6' title="bbox 623 1162 3441 1263; baseline 0.004 -30"><span class='ocrx_word' id='word_1_44' title='bbox 623 1162 923 1257; x_wconf 86' lang='lat' dir='ltr'><strong>perjurio</strong></span> <span class='ocrx_word' id='word_1_45' title='bbox 974 1163 1283 1255; x_wconf 79' lang='lat' dir='ltr'><strong>inJ‘unc&#39;ta</strong></span> <span class='ocrx_word' id='word_1_46' title='bbox 1323 1173 1429 1236; x_wconf 90' lang='lat' dir='ltr'><strong>est</strong></span> <span class='ocrx_word' id='word_1_47' title='bbox 1459 1166 1837 1260; x_wconf 81' lang='lat' dir='ltr'><strong>penitentia</strong></span> <span class='ocrx_word' id='word_1_48' title='bbox 1873 1166 2321 1262; x_wconf 79' lang='lat' dir='ltr'><strong>septennalis3</strong></span> <span class='ocrx_word' id='word_1_49' title='bbox 2360 1188 2483 1240; x_wconf 84' lang='lat' dir='ltr'><strong>eos</strong></span> <span class='ocrx_word' id='word_1_50' title='bbox 2523 1168 2645 1263; x_wconf 90' lang='lat' dir='ltr'><strong>qui</strong></span> <span class='ocrx_word' id='word_1_51' title='bbox 2696 1169 3097 1243; x_wconf 80' lang='lat' dir='ltr'><strong>innocentes</strong></span> <span class='ocrx_word' id='word_1_52' title='bbox 3144 1190 3441 1244; x_wconf 88' lang='lat' dir='ltr'><strong>accusa-</strong></span> 
     </span>
     <span class='ocr_line' id='line_1_7' title="bbox 624 1284 3436 1386; baseline 0.004 -30"><span class='ocrx_word' id='word_1_53' title='bbox 624 1293 895 1373; x_wconf 88' lang='lat' dir='ltr'><strong>verant,</strong></span> <span class='ocrx_word' id='word_1_54' title='bbox 937 1284 1031 1358; x_wconf 89' lang='lat' dir='ltr'><strong>ad</strong></span> <span class='ocrx_word' id='word_1_55' title='bbox 1074 1285 1289 1383; x_wconf 88' lang='lat' dir='ltr'><strong>pedes</strong></span> <span class='ocrx_word' id='word_1_56' title='bbox 1325 1288 1590 1361; x_wconf 90' lang='lat' dir='ltr'><strong>domini</strong></span> <span class='ocrx_word' id='word_1_57' title='bbox 1624 1312 1804 1386; x_wconf 89' lang='lat' dir='ltr'><strong>pape</strong></span> <span class='ocrx_word' id='word_1_58' title='bbox 1846 1290 2388 1381; x_wconf 85' lang='lat' dir='ltr'><strong>transmisimus;</strong></span> <span class='ocrx_word' id='word_1_59' title='bbox 2435 1292 2558 1386; x_wconf 90' lang='lat' dir='ltr'><strong>qui</strong></span> <span class='ocrx_word' id='word_1_60' title='bbox 2587 1294 2988 1386; x_wconf 78' lang='lat' dir='ltr'><strong>magistrum</strong></span> <span class='ocrx_word' id='word_1_61' title='bbox 3014 1293 3436 1368; x_wconf 79' lang='lat' dir='ltr'><strong>conrardum</strong></span> 
     </span>
     <span class='ocr_line' id='line_1_8' title="bbox 620 1408 3438 1509; baseline 0.003 -27"><span class='ocrx_word' id='word_1_62' title='bbox 620 1408 1017 1482; x_wconf 90' lang='lat' dir='ltr'><strong>occiderant</strong></span> <span class='ocrx_word' id='word_1_63' title='bbox 1048 1413 1632 1485; x_wconf 82' lang='lat' dir='ltr'><strong>excommunicati</strong></span> <span class='ocrx_word' id='word_1_64' title='bbox 1667 1423 1862 1504; x_wconf 87' lang='lat' dir='ltr'><strong>sunt;</strong></span> <span class='ocrx_word' id='word_1_65' title='bbox 1905 1412 1998 1486; x_wconf 90' lang='lat' dir='ltr'><strong>de</strong></span> <span class='ocrx_word' id='word_1_66' title='bbox 2029 1413 2266 1509; x_wconf 88' lang='lat' dir='ltr'><strong>pueris</strong></span> <span class='ocrx_word' id='word_1_67' title='bbox 2309 1414 2735 1486; x_wconf 83' lang='lat' dir='ltr'>scholaribus</span> <span class='ocrx_word' id='word_1_68' title='bbox 2780 1416 2905 1509; x_wconf 91' lang='lat' dir='ltr'><strong>qui</strong></span> <span class='ocrx_word' id='word_1_69' title='bbox 2949 1437 3108 1488; x_wconf 91' lang='lat' dir='ltr'><strong>cum</strong></span> <span class='ocrx_word' id='word_1_70' title='bbox 3151 1417 3302 1490; x_wconf 91' lang='lat' dir='ltr'><strong>aliis</strong></span> <span class='ocrx_word' id='word_1_71' title='bbox 3346 1417 3438 1491; x_wconf 98' lang='lat' dir='ltr'><strong>ad</strong></span> 
     </span>
     <span class='ocr_line' id='line_1_9' title="bbox 617 1532 3438 1631; baseline 0.003 -27"><span class='ocrx_word' id='word_1_72' title='bbox 617 1532 847 1625; x_wconf 86' lang='lat' dir='ltr'><strong>ignem</strong></span> <span class='ocrx_word' id='word_1_73' title='bbox 884 1545 1400 1627; x_wconf 84' lang='lat' dir='ltr'><strong>concurrerunt,</strong></span> <span class='ocrx_word' id='word_1_74' title='bbox 1447 1535 1801 1629; x_wconf 81' lang='lat' dir='ltr'><strong>inquisitio</strong></span> <span class='ocrx_word' id='word_1_75' title='bbox 1834 1536 1895 1608; x_wconf 90' lang='lat' dir='ltr'><strong>si</strong></span> <span class='ocrx_word' id='word_1_76' title='bbox 1931 1537 2069 1607; x_wconf 89' lang='lat' dir='ltr'><strong>sint</strong></span> <span class='ocrx_word' id='word_1_77' title='bbox 2097 1536 2542 1631; x_wconf 81' lang='lat' dir='ltr'><strong>irregulares3</strong></span> <span class='ocrx_word' id='word_1_78' title='bbox 2593 1537 2683 1611; x_wconf 92' lang='lat' dir='ltr'><strong>de</strong></span> <span class='ocrx_word' id='word_1_79' title='bbox 2714 1539 3120 1612; x_wconf 85' lang='lat' dir='ltr'><strong>innocenter</strong></span> <span class='ocrx_word' id='word_1_80' title='bbox 3150 1543 3438 1614; x_wconf 87' lang='lat' dir='ltr'><strong>mortuis</strong></span> 
     </span>
     <span class='ocr_line' id='line_1_10' title="bbox 617 1659 2686 1755; baseline 0 -26"><span class='ocrx_word' id='word_1_81' title='bbox 617 1659 925 1751; x_wconf 91' lang='lat' dir='ltr'><strong>queritur</strong></span> <span class='ocrx_word' id='word_1_82' title='bbox 967 1660 1328 1731; x_wconf 90' lang='lat' dir='ltr'><strong>consilium</strong></span> <span class='ocrx_word' id='word_1_83' title='bbox 1364 1680 1567 1755; x_wconf 88' lang='lat' dir='ltr'><strong>pape.</strong></span> <span class='ocrx_word' id='word_1_84' title='bbox 1600 1684 1639 1729; x_wconf 68' lang='lat' dir='ltr'>n</span> <span class='ocrx_word' id='word_1_85' title='bbox 1764 1706 1767 1711; x_wconf 87' lang='lat'>-</span> <span class='ocrx_word' id='word_1_86' title='bbox 2681 1666 2686 1675; x_wconf 88' lang='lat'>&#39;</span> 
     </span>
    </p>

    <p class='ocr_par' dir='ltr' id='par_1_3' title="bbox 614 1779 3440 2364">
     <span class='ocr_line' id='line_1_11' title="bbox 710 1779 3438 1880; baseline 0.003 -29"><span class='ocrx_word' id='word_1_87' title='bbox 710 1779 899 1865; x_wconf 89' lang='lat' dir='ltr'><strong>Quid</strong></span> <span class='ocrx_word' id='word_1_88' title='bbox 951 1780 1043 1853; x_wconf 91' lang='lat' dir='ltr'><strong>ad</strong></span> <span class='ocrx_word' id='word_1_89' title='bbox 1079 1782 1212 1853; x_wconf 91' lang='lat' dir='ltr'><strong>hoc</strong></span> <span class='ocrx_word' id='word_1_90' title='bbox 1267 1781 1593 1854; x_wconf 90' lang='lat' dir='ltr'><strong>dominus</strong></span> <span class='ocrx_word' id='word_1_91' title='bbox 1642 1800 1823 1877; x_wconf 89' lang='lat' dir='ltr'><strong>papa</strong></span> <span class='ocrx_word' id='word_1_92' title='bbox 1884 1782 2309 1877; x_wconf 73' lang='lat' dir='ltr'><strong>rescripoerit</strong></span> <span class='ocrx_word' id='word_1_93' title='bbox 2365 1783 2675 1855; x_wconf 89' lang='lat' dir='ltr'><strong>nondum</strong></span> <span class='ocrx_word' id='word_1_94' title='bbox 2728 1786 3018 1877; x_wconf 90' lang='lat' dir='ltr'><strong>scimus,</strong></span> <span class='ocrx_word' id='word_1_95' title='bbox 3066 1787 3202 1858; x_wconf 89' lang='lat' dir='ltr'><strong>nisi</strong></span> <span class='ocrx_word' id='word_1_96' title='bbox 3246 1788 3438 1880; x_wconf 89' lang='lat' dir='ltr'><strong>quod</strong></span> 
     </span>
     <span class='ocr_line' id='line_1_12' title="bbox 620 1903 3440 2006; baseline 0.003 -32"><span class='ocrx_word' id='word_1_97' title='bbox 620 1903 918 2000; x_wconf 87' lang='lat' dir='ltr'><strong>poenitet</strong></span> <span class='ocrx_word' id='word_1_98' title='bbox 954 1925 1116 1976; x_wconf 88' lang='lat' dir='ltr'><strong>eum</strong></span> <span class='ocrx_word' id='word_1_99' title='bbox 1149 1905 1314 1977; x_wconf 76' lang='lat' dir='ltr'><strong>sat-is</strong></span> <span class='ocrx_word' id='word_1_100' title='bbox 1343 1905 1537 2000; x_wconf 93' lang='lat' dir='ltr'><strong>quod</strong></span> <span class='ocrx_word' id='word_1_101' title='bbox 1573 1914 1832 1979; x_wconf 86' lang='lat' dir='ltr'><strong>tantam</strong></span> <span class='ocrx_word' id='word_1_102' title='bbox 1860 1905 2049 1980; x_wconf 89' lang='lat' dir='ltr'><strong>dicto</strong></span> <span class='ocrx_word' id='word_1_103' title='bbox 2086 1905 2417 1999; x_wconf 80' lang='lat' dir='ltr'><strong>magistro</strong></span> <span class='ocrx_word' id='word_1_104' title='bbox 2459 1905 2806 1980; x_wconf 88' lang='lat' dir='ltr'><strong>Conrardo</strong></span> <span class='ocrx_word' id='word_1_105' title='bbox 2841 1918 3242 2002; x_wconf 85' lang='lat' dir='ltr'><strong>potestatem</strong></span> <span class='ocrx_word' id='word_1_106' title='bbox 3271 1933 3440 2006; x_wconf 90' lang='lat' dir='ltr'><strong>per-</strong></span> 
     </span>
     <span class='ocr_line' id='line_1_13' title="bbox 614 2028 3427 2126; baseline 0.002 -25"><span class='ocrx_word' id='word_1_107' title='bbox 614 2029 903 2119; x_wconf 84' lang='lat' dir='ltr'><strong>miserit,</strong></span> <span class='ocrx_word' id='word_1_108' title='bbox 949 2028 1138 2101; x_wconf 92' lang='lat' dir='ltr'><strong>unde</strong></span> <span class='ocrx_word' id='word_1_109' title='bbox 1186 2028 1341 2101; x_wconf 89' lang='lat' dir='ltr'><strong>talis</strong></span> <span class='ocrx_word' id='word_1_110' title='bbox 1380 2030 1693 2102; x_wconf 85' lang='lat' dir='ltr'><strong>confusio</strong></span> <span class='ocrx_word' id='word_1_111' title='bbox 1748 2028 2100 2102; x_wconf 82' lang='lat' dir='ltr'><strong>emerserit</strong></span> <span class='ocrx_word' id='word_1_112' title='bbox 2144 2031 2277 2123; x_wconf 87' lang='lat'><strong>(3).</strong></span> <span class='ocrx_word' id='word_1_113' title='bbox 2325 2031 2616 2126; x_wconf 83' lang='lat' dir='ltr'><strong>Insuper</strong></span> <span class='ocrx_word' id='word_1_114' title='bbox 2663 2032 2841 2104; x_wconf 84' lang='lat' dir='ltr'><strong>visio</strong></span> <span class='ocrx_word' id='word_1_115' title='bbox 2881 2032 3230 2125; x_wconf 89' lang='lat' dir='ltr'><strong>quaedam</strong></span> <span class='ocrx_word' id='word_1_116' title='bbox 3273 2036 3427 2107; x_wconf 87' lang='lat' dir='ltr'><strong>visa</strong></span> 
     </span>
     <span class='ocr_line' id='line_1_14' title="bbox 617 2151 3432 2247; baseline 0.002 -23"><span class='ocrx_word' id='word_1_117' title='bbox 617 2153 819 2225; x_wconf 87' lang='lat' dir='ltr'><strong>estin</strong></span> <span class='ocrx_word' id='word_1_118' title='bbox 850 2151 1260 2225; x_wconf 77' lang='lat' dir='ltr'><strong>Alamannia</strong></span> <span class='ocrx_word' id='word_1_119' title='bbox 1301 2151 1392 2226; x_wconf 92' lang='lat' dir='ltr'><strong>de</strong></span> <span class='ocrx_word' id='word_1_120' title='bbox 1436 2173 1642 2244; x_wconf 88' lang='lat' dir='ltr'><strong>novo,</strong></span> <span class='ocrx_word' id='word_1_121' title='bbox 1677 2173 1801 2247; x_wconf 89' lang='lat' dir='ltr'><strong>per</strong></span> <span class='ocrx_word' id='word_1_122' title='bbox 1834 2174 2047 2247; x_wconf 91' lang='lat' dir='ltr'><strong>quam</strong></span> <span class='ocrx_word' id='word_1_123' title='bbox 2078 2152 2442 2244; x_wconf 85' lang='lat' dir='ltr'><strong>conjicitur</strong></span> <span class='ocrx_word' id='word_1_124' title='bbox 2474 2154 2666 2246; x_wconf 93' lang='lat' dir='ltr'><strong>quod</strong></span> <span class='ocrx_word' id='word_1_125' title='bbox 2702 2155 2885 2227; x_wconf 86' lang='lat' dir='ltr'><strong>idem</strong></span> <span class='ocrx_word' id='word_1_126' title='bbox 2923 2154 3313 2228; x_wconf 85' lang='lat' dir='ltr'><strong>Conrardus&#39;</strong></span> <span class='ocrx_word' id='word_1_127' title='bbox 3344 2158 3432 2229; x_wconf 90' lang='lat' dir='ltr'><strong>sit</strong></span> 
     </span>
     <span class='ocr_line' id='line_1_15' title="bbox 614 2274 1183 2364; baseline 0.002 -16"><span class='ocrx_word' id='word_1_128' title='bbox 614 2274 975 2349; x_wconf 88' lang='lat' dir='ltr'><strong>damnatus</strong></span> <span class='ocrx_word' id='word_1_129' title='bbox 996 2334 1012 2364; x_wconf 91' lang='lat'><strong>,</strong></span> <span class='ocrx_word' id='word_1_130' title='bbox 1049 2285 1183 2350; x_wconf 88' lang='lat' dir='ltr'><strong>etc.</strong></span> 
     </span>
    </p>
   </div>
   <div class='ocr_carea' id='block_1_3' title="bbox 1989 2547 2318 2555">
    <p class='ocr_par' dir='ltr' id='par_1_4' title="bbox 1989 2547 2318 2555">
     <span class='ocr_line' id='line_1_16' title="bbox 1989 2547 2318 2555; baseline 0 -1"><span class='ocrx_word' id='word_1_131' title='bbox 1989 2547 2318 2555; x_wconf 44' lang='lat' dir='ltr'><strong>‘mn—0„</strong></span> 
     </span>
    </p>
   </div>
   <div class='ocr_carea' id='block_1_4' title="bbox 610 2764 3431 3168">
    <p class='ocr_par' dir='ltr' id='par_1_5' title="bbox 610 2764 3431 3168">
     <span class='ocr_line' id='line_1_17' title="bbox 714 2764 3431 2905; baseline 0.003 -31"><span class='ocrx_word' id='word_1_132' title='bbox 714 2791 1125 2900; x_wconf 85' lang='lat' dir='ltr'><strong>Henricus,</strong></span> <span class='ocrx_word' id='word_1_133' title='bbox 1202 2764 1726 2876; x_wconf 82' lang='lat' dir='ltr'><strong>Romanorum</strong></span> <span class='ocrx_word' id='word_1_134' title='bbox 1764 2819 1923 2905; x_wconf 51' lang='lat' dir='ltr'><strong>¹reu</strong></span> <span class='ocrx_word' id='word_1_135' title='bbox 1945 2855 1968 2899; x_wconf 83' lang='lat'><strong>,</strong></span> <span class='ocrx_word' id='word_1_136' title='bbox 2026 2772 2378 2874; x_wconf 81' lang='lat' dir='ltr'><strong>ministro</strong></span> <span class='ocrx_word' id='word_1_137' title='bbox 2450 2803 2526 2875; x_wconf 88' lang='lat' dir='ltr'><strong>et</strong></span> <span class='ocrx_word' id='word_1_138' title='bbox 2600 2766 3040 2876; x_wconf 86' lang='lat' dir='ltr'><strong>hominihus</strong></span> <span class='ocrx_word' id='word_1_139' title='bbox 3112 2778 3431 2891; x_wconf 78' lang='lat' dir='ltr'><strong>Uraniae</strong></span> 
     </span>
     <span class='ocr_line' id='line_1_18' title="bbox 615 2910 3430 3036; baseline 0.004 -32"><span class='ocrx_word' id='word_1_140' title='bbox 615 2924 929 3006; x_wconf 90' lang='lat' dir='ltr'><strong>mandat</strong></span> <span class='ocrx_word' id='word_1_141' title='bbox 983 2932 1069 3008; x_wconf 87' lang='lat' dir='ltr'><strong>ut</strong></span> <span class='ocrx_word' id='word_1_142' title='bbox 1122 2922 1220 3006; x_wconf 89' lang='lat' dir='ltr'><strong>ab</strong></span> <span class='ocrx_word' id='word_1_143' title='bbox 1272 2910 1711 3009; x_wconf 85' lang='lat' dir='ltr'><strong>hominihus</strong></span> <span class='ocrx_word' id='word_1_144' title='bbox 1765 2924 2078 3007; x_wconf 83' lang='lat' dir='ltr'><strong>claustri</strong></span> <span class='ocrx_word' id='word_1_145' title='bbox 2129 2925 2227 3010; x_wconf 89' lang='lat' dir='ltr'><strong>de</strong></span> <span class='ocrx_word' id='word_1_146' title='bbox 2278 2924 2713 3034; x_wconf 87' lang='lat' dir='ltr'><strong>Wettingen</strong></span> <span class='ocrx_word' id='word_1_147' title='bbox 2768 2925 3060 3009; x_wconf 89' lang='lat' dir='ltr'><strong>nullam</strong></span> <span class='ocrx_word' id='word_1_148' title='bbox 3116 2952 3430 3036; x_wconf 84' lang='lat' dir='ltr'><strong>prorsus</strong></span> 
     </span>
     <span class='ocr_line' id='line_1_19' title="bbox 610 3035 3376 3168; baseline 0 -30"><span class='ocrx_word' id='word_1_149' title='bbox 610 3059 1070 3142; x_wconf 83' lang='lat' dir='ltr'><strong>exactionem</strong></span> <span class='ocrx_word' id='word_1_150' title='bbox 1105 3059 1223 3142; x_wconf 86' lang='lat' dir='ltr'><strong>vel</strong></span> <span class='ocrx_word' id='word_1_151' title='bbox 1261 3060 1680 3167; x_wconf 85' lang='lat' dir='ltr'><strong>precariam</strong></span> <span class='ocrx_word' id='word_1_152' title='bbox 1717 3059 2135 3168; x_wconf 89' lang='lat' dir='ltr'><strong>requirant.</strong></span> <span class='ocrx_word' id='word_1_153' title='bbox 3171 3037 3176 3042; x_wconf 38' lang='lat'><em>⁰</em></span> <span class='ocrx_word' id='word_1_154' title='bbox 3371 3035 3376 3042; x_wconf 38' lang='lat'><strong><em>¹</em></strong></span> 
     </span>
    </p>
   </div>
   <div class='ocr_carea' id='block_1_5' title="bbox 766 3296 2470 3380">
    <p class='ocr_par' dir='ltr' id='par_1_6' title="bbox 766 3296 2470 3380">
     <span class='ocr_line' id='line_1_20' title="bbox 766 3296 2470 3380; baseline -0.001 -19"><span class='ocrx_word' id='word_1_155' title='bbox 766 3300 961 3377; x_wconf 89' lang='lat' dir='ltr'><strong>(Edit.</strong></span> <span class='ocrx_word' id='word_1_156' title='bbox 992 3315 1090 3377; x_wconf 85' lang='lat' dir='ltr'><strong>ap.</strong></span> <span class='ocrx_word' id='word_1_157' title='bbox 1117 3301 1415 3380; x_wconf 78' lang='lat' dir='ltr'><strong>Tscnum,</strong></span> <span class='ocrx_word' id='word_1_158' title='bbox 1449 3298 1713 3360; x_wconf 69' lang='lat' dir='ltr'><strong>Chr-onie.</strong></span> <span class='ocrx_word' id='word_1_159' title='bbox 1739 3296 1997 3373; x_wconf 67' lang='lat' dir='ltr'><strong>Helva„</strong></span> <span class='ocrx_word' id='word_1_160' title='bbox 2029 3306 2075 3361; x_wconf 87' lang='lat' dir='ltr'><strong>t.</strong></span> <span class='ocrx_word' id='word_1_161' title='bbox 2106 3301 2173 3378; x_wconf 92' lang='lat' dir='ltr'><strong>I,</strong></span> <span class='ocrx_word' id='word_1_162' title='bbox 2200 3317 2266 3376; x_wconf 83' lang='lat' dir='ltr'><strong>p.</strong></span> <span class='ocrx_word' id='word_1_163' title='bbox 2303 3298 2470 3379; x_wconf 81' lang='lat'><strong>130.)</strong></span> 
     </span>
    </p>
   </div>
   <div class='ocr_carea' id='block_1_6' title="bbox 604 3586 3422 4736">
    <p class='ocr_par' dir='ltr' id='par_1_7' title="bbox 680 3586 2334 3661">
     <span class='ocr_line' id='line_1_21' title="bbox 680 3586 2334 3661; baseline 0.001 -20"><span class='ocrx_word' id='word_1_164' title='bbox 680 3586 749 3660; x_wconf 78' lang='lat' dir='ltr'><strong>(l)</strong></span> <span class='ocrx_word' id='word_1_165' title='bbox 784 3587 865 3643; x_wconf 78' lang='lat' dir='ltr'><strong>Cf.</strong></span> <span class='ocrx_word' id='word_1_166' title='bbox 899 3601 1087 3659; x_wconf 87' lang='lat' dir='ltr'><strong>supra,</strong></span> <span class='ocrx_word' id='word_1_167' title='bbox 1115 3604 1172 3661; x_wconf 91' lang='lat' dir='ltr'><strong>p.</strong></span> <span class='ocrx_word' id='word_1_168' title='bbox 1196 3590 1300 3643; x_wconf 87' lang='grc'><strong>630</strong></span> <span class='ocrx_word' id='word_1_169' title='bbox 1318 3627 1332 3655; x_wconf 88' lang='grc'><em>,</em></span> <span class='ocrx_word' id='word_1_170' title='bbox 1362 3592 1419 3642; x_wconf 88' lang='lat' dir='ltr'><strong>et</strong></span> <span class='ocrx_word' id='word_1_171' title='bbox 1444 3586 1661 3643; x_wconf 88' lang='lat' dir='ltr'><strong>nomina</strong></span> <span class='ocrx_word' id='word_1_172' title='bbox 1680 3586 1891 3642; x_wconf 87' lang='lat' dir='ltr'><strong>testium</strong></span> <span class='ocrx_word' id='word_1_173' title='bbox 1919 3603 1978 3660; x_wconf 91' lang='lat' dir='ltr'><strong>p.</strong></span> <span class='ocrx_word' id='word_1_174' title='bbox 2012 3589 2116 3644; x_wconf 78' lang='lat'><strong>632</strong></span> <span class='ocrx_word' id='word_1_175' title='bbox 2136 3593 2191 3643; x_wconf 90' lang='lat' dir='ltr'><strong>et</strong></span> <span class='ocrx_word' id='word_1_176' title='bbox 2207 3589 2334 3643; x_wconf 73' lang='lat'><strong>634.</strong></span> 
     </span>
    </p>

    <p class='ocr_par' dir='ltr' id='par_1_8' title="bbox 607 3683 3421 3855">
     <span class='ocr_line' id='line_1_22' title="bbox 666 3683 3421 3759; baseline -0.001 -17"><span class='ocrx_word' id='word_1_177' title='bbox 666 3685 738 3758; x_wconf 76' lang='lat'><strong>(2)</strong></span> <span class='ocrx_word' id='word_1_178' title='bbox 775 3683 990 3741; x_wconf 82' lang='lat' dir='ltr'><strong>Scilicet</strong></span> <span class='ocrx_word' id='word_1_179' title='bbox 1014 3689 1205 3758; x_wconf 87' lang='lat' dir='ltr'><strong>quarta</strong></span> <span class='ocrx_word' id='word_1_180' title='bbox 1229 3683 1668 3757; x_wconf 84' lang='lat' dir='ltr'><strong>quadragesimae</strong></span> <span class='ocrx_word' id='word_1_181' title='bbox 1694 3685 1959 3742; x_wconf 87' lang='lat' dir='ltr'><strong>dominica</strong></span> <span class='ocrx_word' id='word_1_182' title='bbox 1987 3687 2050 3757; x_wconf 77' lang='grc'><strong>(2</strong></span> <span class='ocrx_word' id='word_1_183' title='bbox 2075 3685 2306 3759; x_wconf 83' lang='lat' dir='ltr'><strong>aprilis),</strong></span> <span class='ocrx_word' id='word_1_184' title='bbox 2338 3700 2504 3757; x_wconf 89' lang='lat' dir='ltr'><strong>quum</strong></span> <span class='ocrx_word' id='word_1_185' title='bbox 2532 3685 2635 3742; x_wconf 86' lang='lat' dir='ltr'><strong>hoc</strong></span> <span class='ocrx_word' id='word_1_186' title='bbox 2660 3701 2800 3742; x_wconf 90' lang='lat' dir='ltr'><strong>anno</strong></span> <span class='ocrx_word' id='word_1_187' title='bbox 2824 3685 3065 3743; x_wconf 86' lang='lat' dir='ltr'><strong>Paschae</strong></span> <span class='ocrx_word' id='word_1_188' title='bbox 3087 3686 3142 3741; x_wconf 90' lang='lat' dir='ltr'><strong>in</strong></span> <span class='ocrx_word' id='word_1_189' title='bbox 3163 3684 3250 3742; x_wconf 92' lang='lat' dir='ltr'><strong>die</strong></span> <span class='ocrx_word' id='word_1_190' title='bbox 3281 3684 3421 3742; x_wconf 90' lang='lat' dir='ltr'><strong>vice-</strong></span> 
     </span>
     <span class='ocr_line' id='line_1_23' title="bbox 607 3780 1458 3855; baseline 0 -18"><span class='ocrx_word' id='word_1_191' title='bbox 607 3782 730 3838; x_wconf 88' lang='lat' dir='ltr'><strong>sima</strong></span> <span class='ocrx_word' id='word_1_192' title='bbox 752 3783 910 3838; x_wconf 89' lang='lat' dir='ltr'><strong>tertia</strong></span> <span class='ocrx_word' id='word_1_193' title='bbox 936 3780 1117 3855; x_wconf 87' lang='lat' dir='ltr'><strong>aprilis</strong></span> <span class='ocrx_word' id='word_1_194' title='bbox 1144 3780 1458 3839; x_wconf 89' lang='lat' dir='ltr'><strong>inciderent.</strong></span> 
     </span>
    </p>

    <p class='ocr_par' dir='ltr' id='par_1_9' title="bbox 604 3878 3422 4736">
     <span class='ocr_line' id='line_1_24' title="bbox 672 3878 3418 3954; baseline 0.001 -19"><span class='ocrx_word' id='word_1_195' title='bbox 672 3880 741 3953; x_wconf 84' lang='lat'><strong>(3)</strong></span> <span class='ocrx_word' id='word_1_196' title='bbox 778 3880 917 3950; x_wconf 90' lang='lat' dir='ltr'><strong>Quid</strong></span> <span class='ocrx_word' id='word_1_197' title='bbox 955 3895 1100 3954; x_wconf 87' lang='lat' dir='ltr'><strong>papa</strong></span> <span class='ocrx_word' id='word_1_198' title='bbox 1142 3894 1306 3952; x_wconf 81' lang='lat' dir='ltr'><strong>super</strong></span> <span class='ocrx_word' id='word_1_199' title='bbox 1343 3879 1430 3936; x_wconf 83' lang='lat' dir='ltr'><strong>his</strong></span> <span class='ocrx_word' id='word_1_200' title='bbox 1466 3878 1798 3950; x_wconf 88' lang='lat' dir='ltr'><strong>decreverit,</strong></span> <span class='ocrx_word' id='word_1_201' title='bbox 1841 3895 1910 3936; x_wconf 86' lang='lat' dir='ltr'><strong>ex</strong></span> <span class='ocrx_word' id='word_1_202' title='bbox 1945 3878 2242 3936; x_wconf 65' lang='lat' dir='ltr'><strong>Annalibus</strong></span> <span class='ocrx_word' id='word_1_203' title='bbox 2281 3878 2762 3940; x_wconf 73' lang='lat' dir='ltr'><strong>Wormatiensibus</strong></span> <span class='ocrx_word' id='word_1_204' title='bbox 2804 3878 2998 3953; x_wconf 89' lang='lat' dir='ltr'><strong>partim</strong></span> <span class='ocrx_word' id='word_1_205' title='bbox 3039 3878 3418 3952; x_wconf 87' lang='lat' dir='ltr'><strong>comperimus.</strong></span> 
     </span>
     <span class='ocr_line' id='line_1_25' title="bbox 613 3974 3420 4050; baseline -0.001 -15"><span class='ocrx_word' id='word_1_206' title='bbox 613 3978 898 4050; x_wconf 85' lang='lat' dir='ltr'><strong>Postquam</strong></span> <span class='ocrx_word' id='word_1_207' title='bbox 923 3976 1151 4034; x_wconf 89' lang='lat' dir='ltr'><strong>Conradi</strong></span> <span class='ocrx_word' id='word_1_208' title='bbox 1177 3977 1247 4033; x_wconf 87' lang='lat' dir='ltr'><strong>de</strong></span> <span class='ocrx_word' id='word_1_209' title='bbox 1276 3976 1529 4048; x_wconf 82' lang='lat' dir='ltr'><strong>Marburg</strong></span> <span class='ocrx_word' id='word_1_210' title='bbox 1553 3983 1608 4033; x_wconf 89' lang='lat' dir='ltr'><strong>et</strong></span> <span class='ocrx_word' id='word_1_211' title='bbox 1638 3977 1905 4033; x_wconf 88' lang='lat' dir='ltr'><strong>sociorum</strong></span> <span class='ocrx_word' id='word_1_212' title='bbox 1931 3976 2046 4049; x_wconf 88' lang='lat' dir='ltr'><strong>ejus</strong></span> <span class='ocrx_word' id='word_1_213' title='bbox 2074 3991 2265 4032; x_wconf 89' lang='lat' dir='ltr'><strong>necem</strong></span> <span class='ocrx_word' id='word_1_214' title='bbox 2290 3976 2581 4046; x_wconf 86' lang='lat' dir='ltr'><strong>audiverit,</strong></span> <span class='ocrx_word' id='word_1_215' title='bbox 2618 3975 2676 4030; x_wconf 92' lang='lat' dir='ltr'><strong>in</strong></span> <span class='ocrx_word' id='word_1_216' title='bbox 2715 3974 3018 4049; x_wconf 86' lang='lat' dir='ltr'><strong>praesentia</strong></span> <span class='ocrx_word' id='word_1_217' title='bbox 3055 3976 3363 4034; x_wconf 89' lang='lat' dir='ltr'><strong>nuntiorum</strong></span> <span class='ocrx_word' id='word_1_218' title='bbox 3387 3991 3420 4032; x_wconf 92' lang='lat' dir='ltr'><strong>a</strong></span> 
     </span>
     <span class='ocr_line' id='line_1_26' title="bbox 605 4071 3422 4149; baseline -0 -19"><span class='ocrx_word' id='word_1_219' title='bbox 605 4074 923 4149; x_wconf 84' lang='lat' dir='ltr'><strong>principibus</strong></span> <span class='ocrx_word' id='word_1_220' title='bbox 940 4074 1289 4131; x_wconf 85' lang='lat' dir='ltr'><strong>Alemanniae</strong></span> <span class='ocrx_word' id='word_1_221' title='bbox 1318 4074 1387 4130; x_wconf 90' lang='lat' dir='ltr'><strong>ad</strong></span> <span class='ocrx_word' id='word_1_222' title='bbox 1408 4074 1612 4131; x_wconf 83' lang='lat' dir='ltr'><strong>curiam</strong></span> <span class='ocrx_word' id='word_1_223' title='bbox 1640 4074 1932 4144; x_wconf 76' lang='lat' dir='ltr'><strong>Romanam</strong></span> <span class='ocrx_word' id='word_1_224' title='bbox 1961 4074 2263 4143; x_wconf 81' lang='lat' dir='ltr'><strong>missorum,</strong></span> <span class='ocrx_word' id='word_1_225' title='bbox 2290 4072 2424 4129; x_wconf 82' lang='lat' dir='ltr'><strong>dixit</strong></span> <span class='ocrx_word' id='word_1_226' title='bbox 2448 4090 2464 4126; x_wconf 72' lang='grc' dir='ltr'><strong><em>ε</em></strong></span> <span class='ocrx_word' id='word_1_227' title='bbox 2497 4093 2523 4125; x_wconf 88' lang='lat'>«</span> <span class='ocrx_word' id='word_1_228' title='bbox 2549 4071 2690 4129; x_wconf 87' lang='lat' dir='ltr'><strong>Ecce</strong></span> <span class='ocrx_word' id='word_1_229' title='bbox 2715 4072 2996 4129; x_wconf 81' lang='lat' dir='ltr'><strong>Alemanni</strong></span> <span class='ocrx_word' id='word_1_230' title='bbox 3029 4088 3244 4146; x_wconf 86' lang='lat' dir='ltr'><strong>semper</strong></span> <span class='ocrx_word' id='word_1_231' title='bbox 3269 4080 3422 4130; x_wconf 89' lang='lat' dir='ltr'><strong>erant</strong></span> 
     </span>
     <span class='ocr_line' id='line_1_27' title="bbox 604 4169 3421 4244; baseline 0.001 -17"><span class='ocrx_word' id='word_1_232' title='bbox 604 4170 809 4242; x_wconf 79' lang='lat' dir='ltr'><strong>furiosi,</strong></span> <span class='ocrx_word' id='word_1_233' title='bbox 839 4177 898 4229; x_wconf 91' lang='lat' dir='ltr'><strong>et</strong></span> <span class='ocrx_word' id='word_1_234' title='bbox 931 4172 1053 4228; x_wconf 88' lang='lat' dir='ltr'><strong>ideo</strong></span> <span class='ocrx_word' id='word_1_235' title='bbox 1087 4187 1231 4227; x_wconf 90' lang='lat' dir='ltr'><strong>nunc</strong></span> <span class='ocrx_word' id='word_1_236' title='bbox 1269 4171 1543 4227; x_wconf 86' lang='lat' dir='ltr'><strong>habebant</strong></span> <span class='ocrx_word' id='word_1_237' title='bbox 1562 4172 1770 4243; x_wconf 71' lang='lat' dir='ltr'><strong>iudices</strong></span> <span class='ocrx_word' id='word_1_238' title='bbox 1805 4171 2051 4229; x_wconf 81' lang='lat' dir='ltr'><strong>furiosos.</strong></span> <span class='ocrx_word' id='word_1_239' title='bbox 2076 4192 2102 4224; x_wconf 80' lang='lat'>»</span> <span class='ocrx_word' id='word_1_240' title='bbox 2138 4194 2164 4225; x_wconf 76' lang='grc' dir='ltr'>α</span> <span class='ocrx_word' id='word_1_241' title='bbox 2185 4171 2255 4227; x_wconf 85' lang='lat' dir='ltr'><strong>Et</strong></span> <span class='ocrx_word' id='word_1_242' title='bbox 2280 4170 2458 4228; x_wconf 87' lang='lat' dir='ltr'><strong>statim</strong></span> <span class='ocrx_word' id='word_1_243' title='bbox 2486 4169 2744 4243; x_wconf 84' lang='lat' dir='ltr'><strong>expeditis</strong></span> <span class='ocrx_word' id='word_1_244' title='bbox 2775 4170 3038 4229; x_wconf 86' lang='lat' dir='ltr'><strong>nuntiis...</strong></span> <span class='ocrx_word' id='word_1_245' title='bbox 3057 4171 3293 4244; x_wconf 88' lang='lat' dir='ltr'><strong>jocunde</strong></span> <span class='ocrx_word' id='word_1_246' title='bbox 3325 4187 3421 4230; x_wconf 89' lang='lat' dir='ltr'><strong>eos</strong></span> 
     </span>
     <span class='ocr_line' id='line_1_28' title="bbox 606 4268 3420 4343; baseline 0.001 -18"><span class='ocrx_word' id='word_1_247' title='bbox 606 4270 828 4340; x_wconf 82' lang='lat' dir='ltr'><strong>remisit,</strong></span> <span class='ocrx_word' id='word_1_248' title='bbox 859 4270 1086 4327; x_wconf 84' lang='lat' dir='ltr'><strong>firmiter</strong></span> <span class='ocrx_word' id='word_1_249' title='bbox 1130 4269 1418 4327; x_wconf 79' lang='lat' dir='ltr'><strong>inhibendo</strong></span> <span class='ocrx_word' id='word_1_250' title='bbox 1454 4285 1522 4326; x_wconf 90' lang='lat' dir='ltr'><strong>ne</strong></span> <span class='ocrx_word' id='word_1_251' title='bbox 1560 4270 1857 4326; x_wconf 78' lang='lat' dir='ltr'><strong>sententiae</strong></span> <span class='ocrx_word' id='word_1_252' title='bbox 1888 4270 2024 4327; x_wconf 85' lang='lat' dir='ltr'><strong>tales</strong></span> <span class='ocrx_word' id='word_1_253' title='bbox 2057 4285 2300 4343; x_wconf 89' lang='lat' dir='ltr'><strong>unquam</strong></span> <span class='ocrx_word' id='word_1_254' title='bbox 2333 4272 2699 4339; x_wconf 81' lang='lat' dir='ltr'><strong>servarentur,</strong></span> <span class='ocrx_word' id='word_1_255' title='bbox 2735 4268 2830 4326; x_wconf 89' lang='lat' dir='ltr'><strong>sed</strong></span> <span class='ocrx_word' id='word_1_256' title='bbox 2861 4273 3170 4326; x_wconf 74' lang='lat' dir='ltr'><strong>sanctorum</strong></span> <span class='ocrx_word' id='word_1_257' title='bbox 3203 4270 3420 4327; x_wconf 86' lang='lat' dir='ltr'><strong>Patrum</strong></span> 
     </span>
     <span class='ocr_line' id='line_1_29' title="bbox 610 4365 3419 4442; baseline 0 -19"><span class='ocrx_word' id='word_1_258' title='bbox 610 4373 664 4423; x_wconf 86' lang='lat' dir='ltr'><strong>et</strong></span> <span class='ocrx_word' id='word_1_259' title='bbox 685 4384 868 4427; x_wconf 81' lang='lat' dir='ltr'><strong>sacrae</strong></span> <span class='ocrx_word' id='word_1_260' title='bbox 886 4367 1200 4442; x_wconf 59' lang='lat' dir='ltr'><strong>Scripturas</strong></span> <span class='ocrx_word' id='word_1_261' title='bbox 1236 4367 1403 4426; x_wconf 76' lang='lat' dir='ltr'><strong>series</strong></span> <span class='ocrx_word' id='word_1_262' title='bbox 1432 4373 1490 4432; x_wconf 80' lang='lat' dir='ltr'><strong>et</strong></span> <span class='ocrx_word' id='word_1_263' title='bbox 1524 4368 1767 4436; x_wconf 81' lang='lat' dir='ltr'><strong>instituta</strong></span> <span class='ocrx_word' id='word_1_264' title='bbox 1792 4384 2030 4442; x_wconf 80' lang='lat' dir='ltr'><strong>unquam</strong></span> <span class='ocrx_word' id='word_1_265' title='bbox 2054 4370 2111 4425; x_wconf 86' lang='lat' dir='ltr'><strong>in</strong></span> <span class='ocrx_word' id='word_1_266' title='bbox 2140 4375 2460 4442; x_wconf 86' lang='lat' dir='ltr'><strong>perpetuum</strong></span> <span class='ocrx_word' id='word_1_267' title='bbox 2483 4381 2647 4439; x_wconf 85' lang='lat' dir='ltr'><strong>super</strong></span> <span class='ocrx_word' id='word_1_268' title='bbox 2672 4365 2866 4425; x_wconf 81' lang='lat' dir='ltr'><strong>talibus</strong></span> <span class='ocrx_word' id='word_1_269' title='bbox 2883 4368 3111 4440; x_wconf 83' lang='lat' dir='ltr'><strong>negotiis</strong></span> <span class='ocrx_word' id='word_1_270' title='bbox 3135 4383 3276 4441; x_wconf 89' lang='lat' dir='ltr'><strong>quae</strong></span> <span class='ocrx_word' id='word_1_271' title='bbox 3294 4373 3419 4425; x_wconf 89' lang='lat' dir='ltr'><strong>tan-</strong></span> 
     </span>
     <span class='ocr_line' id='line_1_30' title="bbox 606 4464 3418 4541; baseline 0.001 -21"><span class='ocrx_word' id='word_1_272' title='bbox 606 4472 728 4537; x_wconf 80' lang='lat' dir='ltr'><strong>gunt</strong></span> <span class='ocrx_word' id='word_1_273' title='bbox 766 4466 1166 4539; x_wconf 85' lang='lat' dir='ltr'><strong>inquisitionem</strong></span> <span class='ocrx_word' id='word_1_274' title='bbox 1211 4465 1603 4524; x_wconf 80' lang='lat' dir='ltr'><strong>haereticorum</strong></span> <span class='ocrx_word' id='word_1_275' title='bbox 1620 4508 1635 4537; x_wconf 95' lang='lat'><strong>,</strong></span> <span class='ocrx_word' id='word_1_276' title='bbox 1688 4466 1913 4530; x_wconf 85' lang='lat' dir='ltr'><strong>firmiter</strong></span> <span class='ocrx_word' id='word_1_277' title='bbox 1957 4465 2391 4524; x_wconf 85' lang='lat' dir='ltr'><strong>observarentur.</strong></span> <span class='ocrx_word' id='word_1_278' title='bbox 2431 4464 2747 4521; x_wconf 85' lang='lat' dir='ltr'><strong>Affirmabat</strong></span> <span class='ocrx_word' id='word_1_279' title='bbox 2790 4464 2951 4522; x_wconf 87' lang='lat' dir='ltr'><strong>etiam</strong></span> <span class='ocrx_word' id='word_1_280' title='bbox 2996 4464 3241 4523; x_wconf 88' lang='lat' dir='ltr'><strong>dominus</strong></span> <span class='ocrx_word' id='word_1_281' title='bbox 3277 4481 3418 4541; x_wconf 89' lang='lat' dir='ltr'><strong>papa</strong></span> 
     </span>
     <span class='ocr_line' id='line_1_31' title="bbox 606 4545 3412 4638; baseline -0.001 -19"><span class='ocrx_word' id='word_1_282' title='bbox 606 4578 782 4621; x_wconf 85' lang='lat' dir='ltr'><strong>omnes</strong></span> <span class='ocrx_word' id='word_1_283' title='bbox 821 4545 1046 4622; x_wconf 82' lang='lat' dir='ltr'><strong>clericos</strong></span> <span class='ocrx_word' id='word_1_284' title='bbox 1091 4580 1213 4622; x_wconf 78' lang='lat' dir='ltr'><strong>esse</strong></span> <span class='ocrx_word' id='word_1_285' title='bbox 1255 4565 1596 4637; x_wconf 81' lang='lat' dir='ltr'><strong>irregulares,</strong></span> <span class='ocrx_word' id='word_1_286' title='bbox 1640 4566 1735 4638; x_wconf 91' lang='lat' dir='ltr'><strong>qui</strong></span> <span class='ocrx_word' id='word_1_287' title='bbox 1773 4565 1900 4621; x_wconf 88' lang='lat' dir='ltr'><strong>huic</strong></span> <span class='ocrx_word' id='word_1_288' title='bbox 1941 4565 2083 4621; x_wconf 83' lang='lat' dir='ltr'><strong>l’acto</strong></span> <span class='ocrx_word' id='word_1_289' title='bbox 2127 4563 2507 4635; x_wconf 85' lang='lat' dir='ltr'><strong>interfuerunt,</strong></span> <span class='ocrx_word' id='word_1_290' title='bbox 2544 4569 2928 4621; x_wconf 79' lang='lat' dir='ltr'><strong>consenserunt</strong></span> <span class='ocrx_word' id='word_1_291' title='bbox 2963 4563 3051 4620; x_wconf 87' lang='lat' dir='ltr'><strong>vel</strong></span> <span class='ocrx_word' id='word_1_292' title='bbox 3086 4563 3350 4620; x_wconf 87' lang='lat' dir='ltr'><strong>viderunt.</strong></span> <span class='ocrx_word' id='word_1_293' title='bbox 3384 4583 3412 4615; x_wconf 76' lang='lat'><strong>1&gt;</strong></span> 
     </span>
     <span class='ocr_line' id='line_1_32' title="bbox 607 4659 1813 4736; baseline 0.003 -23"><span class='ocrx_word' id='word_1_294' title='bbox 607 4659 700 4732; x_wconf 80' lang='lat' dir='ltr'><strong>Ap.</strong></span> <span class='ocrx_word' id='word_1_295' title='bbox 727 4660 1016 4734; x_wconf 53' lang='lat' dir='ltr'><strong>Bonnam</strong></span> <span class='ocrx_word' id='word_1_296' title='bbox 1048 4663 1261 4733; x_wconf 70' lang='lat' dir='ltr'><strong>Fontes,</strong></span> <span class='ocrx_word' id='word_1_297' title='bbox 1292 4669 1332 4719; x_wconf 92' lang='lat' dir='ltr'><strong>t.</strong></span> <span class='ocrx_word' id='word_1_298' title='bbox 1362 4659 1431 4732; x_wconf 91' lang='lat'><strong>11,</strong></span> <span class='ocrx_word' id='word_1_299' title='bbox 1457 4679 1513 4736; x_wconf 90' lang='lat' dir='ltr'><strong>p.</strong></span> <span class='ocrx_word' id='word_1_300' title='bbox 1538 4664 1663 4734; x_wconf 74' lang='lat'><strong>⁴77,</strong></span> <span class='ocrx_word' id='word_1_301' title='bbox 1690 4665 1813 4719; x_wconf 73' lang='lat'><strong>⁴78.</strong></span> 
     </span>
    </p>
   </div>
   <div class='ocr_carea' id='block_1_7' title="bbox 3523 2802 3806 2964">
    <p class='ocr_par' dir='ltr' id='par_1_10' title="bbox 3523 2802 3806 2964">
     <span class='ocr_line' id='line_1_33' title="bbox 3601 2802 3729 2857; baseline 0.016 -13"><span class='ocrx_word' id='word_1_302' title='bbox 3601 2802 3729 2857; x_wconf 78' lang='lat' dir='ltr'><strong>Apud</strong></span> 
     </span>
     <span class='ocr_line' id='line_1_34' title="bbox 3523 2854 3806 2912; baseline 0.014 -16"><span class='ocrx_word' id='word_1_303' title='bbox 3523 2854 3779 2907; x_wconf 69' lang='lat' dir='ltr'><strong>Hagenove</strong></span> <span class='ocrx_word' id='word_1_304' title='bbox 3791 2889 3806 2912; x_wconf 84' lang='lat'><strong>,</strong></span> 
     </span>
     <span class='ocr_line' id='line_1_35' title="bbox 3535 2910 3791 2964; baseline 0.016 -14"><span class='ocrx_word' id='word_1_305' title='bbox 3535 2910 3591 2951; x_wconf 75' lang='lat'><strong>26</strong></span> <span class='ocrx_word' id='word_1_306' title='bbox 3618 2912 3791 2964; x_wconf 72' lang='lat' dir='ltr'><strong>aprilis.</strong></span> 
     </span>
    </p>
   </div>
  </div>
 </body>
</html>
