4500 5956
596 620 788 679 rmcr.
826 615 917 694 9.]
1486 613 1879 682 msroma
1928 620 2516 686 mnouarrctt.
3288 614 3409 677 859

597 755 882 827 moriam
929 762 1000 825 et
1047 754 1361 827 stabilem
1418 753 1832 844 firmitatem,
1877 778 2158 851 presens
2206 757 2537 852 scriptum
2589 753 2738 826 fieri
2789 763 2859 826 et
2898 752 3122 845 sigillo
3170 762 3402 824 nostro

588 881 924 971 jussimus
959 879 1394 969 communiri,
1428 901 1635 970 anno,
1678 901 1940 966 mense,
1976 880 2353 953 indictione
2385 879 2812 973 subscriptis.

694 1001 917 1091 Hujus
951 997 1053 1071 rei
1103 1006 1309 1070 testes
1356 1006 1518 1071 sunt
1565 999 1793 1072 dilecti
1843 1000 2188 1094 principes
2215 999 2428 1071 nostri
2477 1025 2496 1069 ε
2541 997 2667 1069 Th.
2708 994 3121 1069 venerabilis
3162 993 3407 1066 Trevi-

598 1120 817 1194 rensis
844 1121 1425 1217 archiepiscopus,
1463 1123 1546 1193 Η.
1585 1122 2010 1215 lantgravius
2043 1122 2420 1213 Thuringie
2448 1130 2518 1194 et
2547 1141 2776 1193 comes
2807 1120 3150 1214 palatinus
3184 1120 3405 1191 Saxo-

600 1247 744 1338 nie,
787 1246 1201 1319 Frithericns
1244 1267 1475 1319 comes
1508 1243 1601 1319 de
1637 1247 1868 1336 Zolre,
1910 1267 2142 1318 comes
2181 1245 2674 1336 Theodericus,
2707 1253 2778 1317 et
2811 1245 2926 1316 alii
2961 1243 3408 1337 quamplures

597 1372 716 1466 qui
748 1372 1226 1443 interfuerunt.

698 1496 870 1566 Data
918 1492 1260 1590 Bopardie
1285 1546 1304 1580 ,
1365 1512 1547 1564 anno
1595 1490 1940 1565 dominice
1988 1490 2480 1564 incarnationis
2529 1489 2894 1561 millesimo
2937 1486 3411 1561 ducentesimo

606 1618 949 1691 tricesimo
978 1625 1206 1703 sexto,
1254 1636 1494 1688 mense
1531 1615 1770 1706 madii,
1805 1635 1987 1688 none
2018 1613 2436 1687 indictionis.

1032 1918 1919 1932 mma-

711 2232 1140 2316 Fridericus
1164 2296 1187 2341 ,
1247 2233 1766 2320 Romanorum
1837 2233 2279 2342 imperator,
2329 2233 2591 2316 scribit
2649 2232 2973 2316 Iohanni
3035 2231 3424 2315 Leodiensi
3517 2252 3814 2352 wgffiffu·

616 2365 968 2474 episcopo
1014 2392 1094 2449 se
1147 2367 1246 2450 ad
1301 2365 1926 2475 supplicationem
1988 2367 2256 2450 decani
2311 2376 2388 2448 et
2436 2366 2746 2475 capituli
2804 2364 3057 2448 Sancti
3112 2364 3429 2448 Servatii

614 2499 707 2580 de
753 2485 1132 2609 Trajecto,
1185 2499 1425 2608 ipsius
1473 2499 1883 2609 provisioni
1930 2509 2005 2583 et
2057 2499 2479 2582 defensioni
2531 2499 2880 2581 eamdem
2923 2497 3292 2606 capellam
3344 2497 3426 2579 in

616 2630 1133 2740 spiritualibus
1196 2641 1271 2713 et
1320 2631 1867 2742 temporalibus
1928 2633 2398 2715 committere
2419 2695 2443 2740 ,
2505 2641 2588 2713 ut
2630 2631 2832 2714 hanc
2885 2630 2983 2713 ab
3036 2628 3426 2711 incursio-

616 2763 843 2847 nibus
886 2764 1403 2874 malignorum
1440 2775 1766 2847 tueatur.

761 3006 1007 3085 (Inedit.
1036 3023 1116 3068 ex
1151 3008 1423 3087 originali
1449 3025 1544 3086 ap.
1579 3006 1814 3071 Archiv.
1850 3006 1919 3068 de
1944 2991 2139 3071 Γέται
2161 3006 2202 3068 ἁ
2221 3008 2426 3090 Libye,
2465 3006 2765 3085 quondam
2806 3011 3039 3067 servato
3081 3007 3143 3065 in
3181 3005 3432 3066 chartu-

856 3114 1003 3174 lario
1030 3116 1245 3174 veteris
1270 3115 1510 3191 capituli
1536 3116 1737 3176 Sancti
1764 3115 2060 3176 Lamberti
2087 3113 2293 3193 (capsa
2319 3123 2379 3186 4,
2401 3130 2517 3174 sec.
2548 3115 2826 3188 armar.);
2851 3118 3065 3191 atergo
3091 3110 3273 3190 hujus
3298 3126 3434 3188 per-

855 3235 1140 3297 gamenae
1182 3218 1434 3280 affixum
1478 3226 1568 3281 est
1614 3221 1991 3282 membraneo
2036 3223 2247 3299 laqueo
2293 3223 2359 3281 in
2412 3225 2814 3281 transversum
2867 3218 3121 3280 deducto
3175 3219 3436 3297 sigillum

854 3342 1086 3387 cereum
1111 3325 1309 3388 adhuc
1332 3328 1803 3405 integerrimum,
1835 3328 1938 3387 ubi
1976 3329 2345 3405 imperatoris
2382 3326 2605 3404 effigies
2632 3325 2744 3386 sub
2785 3326 2956 3386 solita
2978 3324 3174 3404 figura
3214 3323 3438 3386 inscul-

855 3434 1034 3509 pitur.
1064 3432 1253 3493 Adest
1279 3433 1543 3510 ejusdem
1586 3434 1853 3494 mandati
1891 3435 2191 3511 exemplar
2232 3436 2298 3494 in
2343 3429 2607 3495 Char-tul.
2639 3432 2708 3494 S.
2740 3430 2995 3493 Servatii
3017 3448 3117 3508 ap.
3155 3431 3432 3494 Biblioth.

857 3540 1067 3615 imper.
1094 3539 1311 3613 Paris„
1342 3545 1392 3599 t.
1420 3540 1533 3613 III,
1564 3539 1671 3600 fol.
1701 3548 1776 3600 42
1811 3557 2003 3614 verso,
2033 3546 2095 3601 et
2120 3549 2235 3604 239
2264 3538 2488 3620 verso.)

716 3746 1152 3839 Fredericus,
1188 3750 1312 3824 Dei
1349 3751 1571 3845 gratia
1600 3754 2063 3826 Romanorum
2096 3753 2466 3849 imperator
2508 3774 2778 3847 semper
2818 3764 3194 3848 augustus,
3234 3757 3435 3827 Jeru-

624 3871 836 3942 salem
863 3880 932 3944 et
965 3870 1197 3945 Sicilie
1233 3895 1393 3965 reX,
1433 3875 1726 3947 Johanni
1759 3876 2136 3949 venerabili
2171 3875 2528 3948 Leodiensi
2570 3877 2899 3971 episcopo
2945 3877 3193 3950 dilecto
3236 3879 3438 3972 prin-

624 3993 758 4089 cipi
792 4018 920 4069 suo
957 3999 1248 4090 gratiam
1285 4020 1484 4070 suam
1533 4009 1601 4071 et
1649 4022 1854 4073 omne
1906 4003 2191 4074 bonum.
2246 4001 2730 4095 Supplicarunt
2769 4000 3158 4074 celsitudini
3211 4013 3439 4076 nostre

624 4118 928 4193 decanus
971 4133 1041 4194 et
1084 4125 1460 4217 capitulum
1506 4125 1737 4197 Sancti
1774 4126 2078 4198 Servacii
2113 4128 2601 4219 Trajectenses,
2644 4127 3022 4221 cappellani
3077 4135 3145 4199 et
3198 4125 3439 4199 fideles

628 4245 877 4336 nostri,
927 4255 1006 4316 ut
1039 4247 1224 4341 ipsos
1268 4257 1336 4320 et
1380 4249 1760 4343 cappellam
1797 4251 2088 4322 eandem
2128 4270 2268 4343 que
2308 4250 2380 4319 in
2427 4248 2730 4320 terminis
2776 4259 2890 4320 tue
2931 4250 3220 4322 diocesis
3259 4272 3437 4323 con-

628 4367 862 4443 stituta
915 4378 982 4440 te
1033 4371 1308 4464 respicit
1356 4372 1429 4441 in
1477 4373 1989 4467 spiritualibuS,
2041 4396 2200 4445 cum
2245 4372 2589 4445 universis
2639 4373 3074 4468 hominibus,
3129 4376 3327 4449 bonis
3371 4387 3439 4451 et

624 4490 894 4581 juribus
933 4494 1078 4565 suis
1130 4495 1622 4589 temporalibus
1672 4519 1811 4590 que
1861 4519 1987 4570 nos
2033 4507 2100 4570 et
2144 4498 2512 4593 imperium
2560 4498 2972 4593 respiciunt,
3024 4523 3182 4572 cum
3233 4474 3441 4598 super

633 4612 926 4687 diversis
959 4618 1481 4709 gravaminibus
1517 4619 1663 4691 suis
1700 4631 1769 4692 et
1800 4620 2096 4713 singulis
2129 4621 2219 4694 ad
2270 4642 2397 4693 nos
2438 4632 2860 4695 recurrerent
2905 4623 3341 4698 incommode
3375 4634 3445 4698 et

636 4736 1023 4833 difficulter,
1058 4740 1460 4816 deffensioni
1515 4752 1628 4816 tue
1665 4744 1784 4838 qui
1823 4743 2109 4817 comode
2150 4755 2344 4840 potes
2383 4744 2771 4838 intendere,
2807 4749 3233 4822 committere
3285 4750 3444 4841 dig-
