4500 5956
593 585 784 646 lxnicr.
828 580 906 666 7.]
1485 588 1878 650 HISTORIA
1928 588 2517 665 DtPLOMATch.
3290 592 3410 653 675

588 715 954 798 nisteriali
982 715 1212 826 justis
1250 720 1499 801 modis
1535 721 1999 805 obtinuerint
2018 784 2040 827 ,
2088 720 2235 802 hoc
2287 720 2608 803 libenter
2659 748 2814 806 non
2851 724 3216 833 requisito
3273 750 3407 805 as-

589 875 816 931 sensu
856 874 996 932 suo
1031 850 1422 958 recipiant.

744 1064 934 1138 (Edit.
966 1081 1064 1142 ap.
1095 1064 1488 1131 Senon-rem«
1514 1074 1575 1129 et
1613 1071 1902 1141 Kanna,
1929 1065 2353 1149 Dipeomatar„
2384 1073 2431 1128 t.
2461 1067 2544 1141 ΙΙ,
2572 1084 2634 1144 p.
2675 1077 2824 1146 1813
2854 1069 2988 1130 coll.
3027 1086 3164 1131 cum
3209 1072 3403 1150 origi-

827 1171 947 1230 nali
973 1173 1038 1230 in
1064 1172 1304 1233 archivo
1329 1173 1669 1251 Dresdensl,
1696 1186 1765 1236 n⁰
1798 1176 1963 1248 320.)

683 1355 762 1425 ln
789 1355 1071 1430 nomine
1102 1367 1338 1430 sancte
1363 1368 1435 1430 et
1461 1358 1825 1432 individue
1841 1358 2212 1430 Trinitatis.
2245 1357 2610 1430 Heinricus
2629 1359 2986 1454 septimae,
3021 1359 3261 1432 divina
3298 1362 3400 1433 fa-

595 1491 796 1550 vente
820 1481 1184 1553 clementia
1204 1482 1662 1555 Romanorum
1693 1506 1820 1557 rex
1862 1492 1932 1555 et
1962 1502 2234 1577 semper
2267 1490 2628 1575 augustus.
2667 1480 2780 1554 Ad
2814 1482 2947 1553 hoc
2982 1483 3221 1555 divina
3257 1485 3400 1557 dis-

590 1611 883 1694 ponente
912 1604 1346 1698 providentia
1366 1605 1459 1678 ad
1487 1608 1683 1701 regni
1708 1607 2174 1702 gubernacula
2202 1627 2329 1679 nos
2357 1605 2704 1678 credimus
2728 1606 3128 1678 sublimatos
3154 1617 3230 1678 ut
3253 1602 3404 1682 loca

589 1723 825 1797 divino
860 1726 1079 1798 cultui
1112 1728 1501 1823 mancipata
1528 1739 1886 1802 teneamur
1917 1730 2327 1803 liberalitate
2350 1730 2538 1820 regia
2571 1751 2974 1823 promovere
3011 1752 3402 1803 servorum-

587 1871 721 1940 que
759 1850 884 1921 Dei
929 1851 1336 1923 utilitatibus
1374 1852 1446 1923 in
1488 1853 1999 1927 confirmatione
2031 1853 2551 1949 privilegiorum
2599 1863 2985 1925 nostrorum
3028 1876 3292 1927 necnon
3329 1857 3400 1927 in

587 1972 738 2043 aliis
765 1974 1259 2068 temporalibus
1290 1976 1620 2048 subsidiis
1673 1977 2069 2049 subvenire.
2131 1976 2413 2049 Noverit
2468 1976 2680 2067 igitur
2739 1980 2882 2047 tam'
2926 1997 3206 2070 presens
3256 1989 3401 2050 etas

585 2119 791 2188 quam
825 2120 1232 2171 successura
1263 2101 1623 2195 posteritas
1656 2101 1847 2195 quod
1873 2122 2027 2190 nos,
2063 2101 2156 2173 ob
2187 2100 2642 2173 reverentiam
2668 2099 3065 2172 intemerate
3098 2101 3404 2195 Virginis

588 2221 704 2293 Dei
732 2221 1086 2314 genitricis
1107 2223 1356 2315 Maris,
1391 2225 1702 2320 petitioni
1730 2225 2003 2297 abbatis
2029 2233 2097 2297 et
2132 2226 2417 2296 fratrum
2447 2223 2536 2296 de
2557 2222 2749 2295 Buch
2790 2223 3254 2297 Cisterciensis
3280 2247 3402 2298 or-

589 2345 766 2417 dinis
804 2347 894 2419 de
921 2346 1354 2440 providentia
1391 2348 1657 2420 consilii
1688 2349 1900 2421 nostri
1936 2348 2326 2421 satisfacere
2359 2349 2750 2441 cupientes,
2794 2348 3024 2443 ipsum
3061 2358 3403 2423 monaste-

590 2468 761 2538 rium
791 2490 952 2539 cum
989 2469 1310 2542 omnibus
1331 2466 1728 2563 bominibus
1751 2481 1821 2544 et
1845 2462 2398 2566 possessionibus
2433 2462 2575 2540 suis
2602 2491 2778 2563 quas
2807 2469 2878 2541 in
2902 2470 3398 2564 presentiarum

588 2592 910 2663 canonice
939 2592 1243 2686 possidet
1266 2603 1336 2666 et
1361 2593 1431 2664 in
1469 2595 1776 2666 futurum
1796 2588 2003 2685 justis‘
2032 2590 2258 2666 modis
2293 2592 2541 2689 poterit
2573 2589 2900 2687 adipisci,
2938 2592 3073 2664 sub
3099 2601 3401 2666 nostram

586 2723 648 2786 et
662 2716 934 2810 imperii
956 2718 1448 2811 protectionem
1465 2720 1880 2815 suscipimus
1902 2742 1985 2791 ac
2010 2719 2464 2814 patrocinium
2482 2717 2805 2812 speciale,
2828 2715 3012 2789 dicta
3037 2716 3220 2790 bona
3243 2741 3400 2790 cum

583 2840 723 2911 suis
755 2841 1185 2935 pertinentiis
1203 2842 1431 2915 eidem
1455 2845 1854 2917 auctoritate
1890 2844 2081 2937 regia
2113 2842 2619 2915 confirmantes.
2647 2839 2758 2910 Ad
2795 2840 2922 2912 hec
2943 2863 3070 2935 pro
3096 2841 3404 2915 remedio

581 2965 808 3038 anime
849 2975 1078 3038 nostre
1120 2988 1201 3038 ac
1243 2989 1719 3039 successorum
1754 2978 2144 3039 nostrorum
2174 2965 2355 3038 hanc
2391 2960 2491 3037 eis
2527 2964 2816 3058 gratiam
2867 2964 3156 3037 facimus
3196 2974 3266 3037 et
3319 2966 3404 3038 li-

582 3089 870 3161 centiam
905 3089 1349 3183 indulgemus
1385 3101 1464 3162 ut
1490 3114 1966 3186 quascumque
1998 3090 2468 3186 possessiones
2500 3089 2570 3159 in
2599 3089 2816 3184 agris,
2857 3073 3116 3186 vineis,
3155 3091 3395 3184 pratis,

581 3212 774 3284 terris
807 3214 1009 3285 cultis
1047 3234 1171 3285 seu
1208 3214 1517 3303 incultis,
1550 3216 1859 3309 pascuis,
1902 3214 2335 3304 nemoribus,
2389 3214 2589 3308 aquis
2638 3235 3117 3307 aquarumque
3154 3212 3401 3287 decur-

579 3337 768 3408 sibus
801 3358 845 3409 a
883 3358 1323 3430 quacumque
1358 3359 1651 3432 persona
1687 3340 1901 3411 libera
1954 3339 2106 3410 sive
2150 3338 2617 3429 ministeriali,
2661 3346 2889 3409 nostra
2932 3338 3044 3408 vel
3081 3338 3393 3433 imperii,

576 3461 770 3532 titulo
808 3459 1230 3551 donationis,
1294 3463 1661 3559 emptionis
1711 3485 1838 3535 seu
1876 3462 2255 3536 concambii
2296 3471 2748 3534 memoratum
2789 3461 3271 3534 monasterium
3311 3462 3402 3535 de

579 3582 776 3654 bonis
806 3583 1078 3678 imperii
1103 3584 1256 3658 sive
1291 3583 1384 3658 de
1409 3586 1942 3680 proprietatibus
1973 3586 2477 3659 infeodatorum
2526 3585 2638 3658 vel
2676 3584 3224 3656 ministerialium
3269 3585 3399 3654 im-

575 3708 745 3801 perii
808 3706 1180 3779 obtinuerit
1234 3709 1437 3800 justis
1493 3710 1753 3798 modis,
1797 3731 1933 3782 non
1972 3711 2301 3804 requisito
2344 3731 2555 3804 super
2607 3708 2740 3780 hoc
2787 3708 3059 3802 speciali
3110 3729 3390 3779 assensu

576 3839 806 3902 nostro
843 3839 915 3901 et
937 3831 1232 3925 imperii,
1268 3832 1554 3905 licenter
1584 3833 1872 3927 recipiat
1904 3843 1974 3906 et
2007 3833 2100 3907 de
2125 3833 2498 3926 majestatis
2529 3841 2758 3903 nostre
2802 3831 3021 3923 gratia
3057 3830 3128 3901 in
3157 3852 3395 3925 perpe-

575 3964 767 4026 tuum
806 3954 1071 4047 absque
1112 3956 1651 4029 contradictione
1697 3956 2006 4052 qualibet
2054 3957 2288 4051 quiete
2330 3955 2635 4029 obtineat
2684 3965 2754 4027 et
2798 3953 3146 4049 possideat
3191 3956 3392 4048 pleno

568 4081 743 4169 jure.
788 4078 1170 4150 Statuimus
1208 4080 1442 4175 itaque
1478 4083 1610 4153 sub
1645 4083 2194 4155 interminatione
2246 4082 2467 4176 gratie
2517 4088 2748 4153 nostre
2799 4078 3190 4152 firmissime
3227 4101 3392 4174 pre-

574 4202 903 4296 cipientes
935 4212 1013 4274 ut
1043 4205 1232 4276 nulla
1268 4226 1574 4299 unquam
1609 4228 1897 4301 persona
1929 4207 2211 4278 humilis
2240 4208 2356 4279 vel
2383 4207 2545 4296 alta,
2567 4204 3024 4278 ecclesiastica
3049 4205 3162 4276 vel
3187 4225 3391 4275 mun-

573 4323 777 4417 dana,
800 4327 980 4399 hanc
1006 4326 1386 4401 libertatem
1415 4330 1766 4424 sepedicto
1789 4331 2198 4402 monasterio
2229 4330 2568 4402 indultam
2596 4329 2972 4419 infringere
2997 4327 3249 4401 audeat
3272 4338 3390 4400 aut

571 4450 632 4521 ei
659 4452 954 4543 alicujus
987 4452 1248 4545 ingenii
1291 4455 1616 4549 scmpulo
1651 4456 2010 4529 contraire.
2050 4456 2250 4541 Quod
2289 4457 2409 4549 qui
2444 4457 2667 4527 facere
2696 4454 3225 4549 presumpserit,
3280 4453 3387 4525 in-

570 4571 1039 4666 dignationem
1078 4575 1411 4651 tremendi
1436 4578 1692 4669 judicis
1720 4588 2085 4674 nostreque
2108 4579 2535 4652 celsitudinis
2553 4578 3028 4672 gravissimam
3057 4577 3385 4651 offensam

569 4718 645 4768 se
670 4698 941 4770 noverit
972 4698 1433 4773 incursurum.
1479 4702 1591 4776 Ad
1624 4706 1822 4796 cujus
1857 4704 2067 4777 etiam
2103 4704 2260 4775 facti
2292 4703 2499 4776 nostri
2538 4703 2745 4776 robur
2773 4702 2845 4773 in
2879 4712 3220 4797 posterum
3263 4723 3386 4773 va-
