4500 5956
1107 591 1232 656 988
2029 591 2284 652 INDEX
2331 588 3041 654 nocuussm'ronnu.

1959 917 2088 977 dite
2112 918 2489 996 postmodnm
2519 918 2789 978 voluerit.
2814 915 2988 978 Unde
3009 920 3209 975 monet
3226 919 3297 975 ut
3310 914 3586 976 eumdem
3602 932 3739 977 cum
3766 917 3941 994 pleno

1960 1017 2240 1077 mandato
2266 1018 2345 1077 ad
2370 1035 2437 1078 se
2462 1020 2591 1077 sine
2617 1033 2783 1078 mora
2803 1018 3086 1077 remittat.
3821 1024 3936 1076 824

1111 1118 1185 1170 27
1207 1118 1384 1172 mart.
1494 1107 1768 1169 Viterbii.
1884 1143 1960 1156 —
1999 1111 2355 1189 Magistrum
2380 1114 2878 1174 ‘theutonicorum
2908 1112 3159 1172 Romam
3193 1116 3404 1172 evocat
3435 1128 3543 1187 pro
3583 1127 3801 1190 magno
3832 1112 3938 1173 ho-

1958 1224 2101 1268 nore
2130 1210 2421 1270 Ecclesiae
2447 1215 2508 1269 et
2534 1211 2773 1297 imperii·
2786 1208 3188 1286 promovendo
3215 1224 3284 1269 ac
3315 1223 3423 1285 pro
3449 1210 3696 1286 negotiis
3723 1210 3937 1270 Terrae

1956 1306 2203 1367 Sanctae
2229 1312 2291 1366 et
2315 1307 2735 1382 tranquillitate
2759 1308 2936 1382 pacis.
3531 1314 3680 1379 826,
3709 1314 3840 1367 not.
3876 1318 3926 1368 1.

1126 1407 1186 1459 1⁰
1209 1400 1378 1477 april.
1498 1398 1767 1461 Viterbii.
1880 1435 1959 1448 —
1995 1402 2343 1464 Rectoribus
2379 1405 2676 1464 societatis
2712 1402 3100 1464 Lombardiae
3133 1401 3337 1463 scribit
3376 1419 3437 1462 se
3473 1418 3676 1463 eornm
3712 1403 3935 1481 legatos

1955 1502 2263 1575 recepisse,
2293 1515 2546 1577 quorum
2581 1505 2722 1558 ante
2763 1497 3084 1558 adventum
3122 1501 3406 1576 magister
3434 1497 3933 1560 Tbeutonieorum

1954 1609 2034 1654 ex
2059 1594 2339 1655 mandato
2367 1595 2732 1670 imperatoris
2753 1596 2880 1670 jam
2908 1593 3256 1653 discesserat
3280 1601 3342 1654 et
3364 1594 3629 1654 nondum
3659 1611 3933 1657 reversus

1954 1697 2066 1751 est.
2087 1690 2180 1750 Ad
2206 1706 2308 1751 eos
2335 1693 2612 1751 nuntium
2651 1693 2835 1751 mittit
2870 1692 3213 1767 episcopum
3255 1690 3614 1751 Esculanum
3639 1706 3747 1767 pro
3773 1697 3928 1753 trac-

1953 1785 2135 1845 tanda
2161 1802 2306 1861 pace
2330 1802 2465 1846 eum
2493 1789 2861 1862 imperatore.
3540 1795 3681 1860 827,
3709 1794 3833 1850 not.
3871 1798 3925 1851 1.

1129 1888 1165 1939 5
1194 1881 1351 1939 1111111.
1493 1881 1759 1944 viterbii.
1875 1912 1952 1924 —
1989 1880 2443 1959 Archiepiscopo
2486 1883 2839 1960 Maguntino
2874 1882 3119 1943 mandat
3155 1888 3226 1942 ut
3262 1882 3447 1943 eleeto
3481 1883 3925 1957 wormatiensi.

1949 1980 2000 2037 si
2026 1978 2269 2055 aliquod
2293 1982 2644 2040 canonicum
2671 1995 2791 2039 non
2816 1979 3071 2058 obsistit,
3102 1995 3317 2039 munus
3340 1983 3795 2041 consecrationis
3818 1984 3929 2042 im-

1948 2074 2183 2149 pendat.
3809 2086 3922 2139 842

1118 2174 1154 2226 4
1174 2169 1354 2244 Junn.
1443 2172 1800 2237 Interamne.
1868 2201 1945 2214 —
1987 2170 2271 2249 Magistro
2293 2171 2596 2249 hospitalis
2612 2172 3109 2233 'theutonicorum
3128 2171 3332 2232 scribit
3355 2179 3426 2232 ut
3447 2172 3524 2233 ad
3541 2188 3605 2233 se
3628 2175 3829 2234 veniat
3849 2176 3925 2237 de

1945 2283 2087 2342 pace
2111 2269 2264 2328 inter
2289 2269 2613 2329 Ecclesiam
2641 2276 2700 2328 et
2725 2272 3037 2346 imperium
3060 2273 3440 2329 tractaturus.
3536 2277 3676 2343 871,
3706 2276 3833 2332 not.
3864 2282 3919 2333 1.

1101 2367 1171 2419 1ο
1189 2362 1366 2437 junii.
1437 2363 1790 2430 Interamna.
1864 2394 1946 2409 —
1982 2363 2277 2425 Friderico
2316 2366 2718 2427 Romanorum
2755 2367 3096 2443 imperatori
3136 2367 3371 2425 nuntiat
3407 2368 3748 2443 episcopum
3773 2369 3918 2430 Pre-

1942 2463 2241 2521 nestinum
2278 2478 2315 2522 a
2352 2479 2416 2523 se
2452 2463 2529 2523 ad
2565 2470 2762 2539 partes
2808 2462 3191 2524 Lombardiae
3225 2462 3300 2522 de
3339 2478 3483 2539 pace
3521 2466 3921 2540 promovenda

1937 2557 2121 2618 fuisse
2147 2558 2526 2634 destinatum,
2554 2560 2938 2637 hortaturque
2959 2567 3029 2620 ut
3056 2561 3400 2636 magistrum
3422 2558 3919 2623 Tbentonicorum

1936 2655 2014 2715 ad
2040 2672 2211 2716 snam
2239 2659 2624 2732 praesentiam
2652 2661 2777 2717 sine
2801 2656 3084 2717 dilatione
3108 2657 3492 2716 transmittat.
3800 2667 3914 2719 870

1085 2751 1357 2827 243111111.
1428 2751 1787 2819 Interamne.
1857 2781 1939 2797 -
1976 2751 2343 2814 Fridericum
2384 2754 2787 2813 Romanorum
2834 2754 3245 2829 imperatorem
3292 2757 3494 2811 monet
3533 2757 3603 2813 ut
3644 2761 3915 2832 nepotem

1934 2850 2091 2925 regis
2126 2849 2360 2908 Tunicii
2396 2850 2474 2909 ad
2512 2849 2723 2910 sedem
2764 2848 3164 2925 Apostolicam
3210 2847 3483 2908 accedere
3520 2848 3815 2912 volentem
3856 2859 3915 2913 et

1932 2946 2151 3023 inJuste
2176 2947 2240 3005 in
2266 2961 2448 3025 regno
2472 2945 2805 3020 detentum,
2834 2944 3053 3006 dimitti
3079 2945 3276 3006 faciat.
3798 2955 3910 3009 872

1134 3039 1322 3114 [circa
1408 3084 1820 3111 .......
1855 3072 1937 3088 -
1972 3041 2324 3103 Lombardis
2353 3047 2702 3118 potestatem
2729 3042 2998 3102 concedit
3030 3048 3100 3103 ut
3131 3043 3361 3118 quoties
3385 3042 3689 3103 Romanus
3721 3045 3913 3121 impe-

1074 3132 1360 3217 Junium.]
1933 3145 2093 3198 rator
2127 3140 2358 3200 Italiam
2397 3142 2619 3199 intrare
2655 3140 2941 3211 voluerit,
2980 3142 3208 3216 possint
3238 3141 3577 3202 societatem
3622 3140 3811 3203 facere
3851 3148 3911 3202 et

1924 3236 2277 3312 juramentis
2300 3253 2364 3297 se
2391 3238 2573 3314 ligare
2598 3253 2707 3313 pro
2735 3239 2858 3296 suis
2885 3236 3217 3297 rationibus
3243 3238 3695 3312 conservandis,
3731 3238 3910 3300 salvis

1930 3332 2257 3391 honoribus
2300 3340 2360 3393 et
2393 3334 2657 3394 serviciis
2696 3349 2850 3410 quae
2889 3334 3171 3395 Romanis
3202 3335 3569 3412 principibus
3613 3335 3686 3396 de
3735 3342 3910 3413 pacto

1931 3428 2024 3488 vel
2051 3429 2475 3490 consuetudine
2501 3430 2811 3492 debentur.
3516 3440 3657 3505 881,
3687 3441 3813 3495 not.
3847 3442 3902 3494 1.

1104 3529 1173 3581 17
1197 3537 1339 3601 ang.
1501 3526 1706 3588 Beate.
1853 3555 1932 3568 —
1969 3525 2256 3602 Episcopo
2268 3525 2617 3587 Prenestino
2635 3527 2877 3588 mandat
2895 3533 2965 3587 ut
2976 3526 3186 3588 sedem
3198 3526 3597 3602 Apostolieam
3617 3544 3656 3587 a
3676 3529 3905 3590 detrac-

1927 3628 2123 3683 torum
2161 3623 2379 3701 linguis
2416 3625 2480 3684 in
2520 3623 2678 3684 facto
2710 3627 2872 3703 pacis
2906 3627 3061 3685 inter
3100 3626 3415 3702 imperium
3450 3630 3510 3685 et
3544 3624 3907 3687 Lombardos

1926 3718 2217 3779 defendat.
3511 3729 3652 3791 904,
3680 3727 3807 3781 not.
3845 3729 3898 3781 1.

1099 3821 1124 3871 1
1137 3820 1172 3872 9
1191 3828 1332 3891 ang.
1499 3817 1702 3880 Beate.
1850 3847 1927 3860 —
1965 3815 2418 3893 Archiepiscopo
2438 3816 2764 3877 Ravennati
2789 3824 2852 3878 et
2873 3816 3256 3894 suffraganeis
3279 3817 3408 3891 ejus
3431 3817 3635 3877 scribit
3654 3816 3730 3876 dc
3747 3824 3904 3878 reeta

1925 3915 2250 3973 intentione
2276 3929 2457 3990 qnam
2490 3916 2616 3989 ipse
2639 3911 2850 3973 babuit
2874 3914 2938 3973 in
2964 3918 3090 3973 toto
3116 3927 3390 3990 processu
3416 3914 3576 3989 pacis
3608 3915 3764 3972 inter
3788 3915 3900 3974 im·

1922 4003 2250 4086 perator-em
2284 4010 2649 4070 Fridericum
2689 4017 2749 4068 et
2787 4009 3177 4082 Lombardos,
3207 4009 3466 4070 suadens
3505 4015 3575 4069 ut
3614 4026 3744 4071 eam
3785 4012 3900 4087 ipsi

1924 4111 2259 4185 imperatori
2285 4111 2589 4169 insinuent
2604 4097 2675 4167 ‘et
2698 4110 2857 4184 pacis
2884 4107 3106 4167 bonum
3133 4113 3470 4185 procurent.
3780 4116 3895 4169 908

1102 4208 1175 4260 28
1205 4207 1324 4261 oct.
1492 4203 1695 4266 Reate.
1841 4238 1926 4251 -
1962 4205 2268 4268 Friderico
2325 4205 2727 4265 Romanorum
2796 4206 3131 4280 imperatori
3194 4204 3506 4281 respondet
3565 4205 3898 4281 querelanti

1919 4319 2098 4379 super
2123 4317 2399 4380 processu
2424 4301 2754 4362 Prenestini
2782 4303 3060 4378 episcopi,
3098 4301 3390 4379 simulque
3419 4309 3769 4378 argumenta
3801 4320 3895 4363 re-

1917 4399 2067 4460 fellit
2101 4399 2321 4476 quibus
2352 4401 2668 4475 imperator
2706 4399 2783 4460 ad
2809 4414 2976 4458 suam
3004 4401 3412 4477 purgationem
3439 4414 3583 4459 usus
3609 4405 3733 4474 est3
3766 4416 3894 4460 mo-

1916 4512 2063 4556 nens
2096 4495 2327 4556 fortiter
2360 4495 2520 4572 quod
2554 4498 2802 4572 injurias
2839 4495 3129 4556 Ecclesiae
3165 4497 3466 4557 Romanae
3498 4500 3559 4555 et
3584 4498 3752 4574 regni
3792 4513 3893 4558 ce-

1917 4593 2107 4652 clesiis
2142 4591 2337 4651 illatas
2374 4592 2683 4652 emendare
2719 4591 2952 4652 studeat
2991 4593 3086 4654 vel
3110 4591 3317 4654 timeat
3347 4609 3423 4654 ne
3449 4591 3608 4654 Deus
3648 4592 3726 4655 ab
3763 4598 3891 4673 ejus

1917 4685 2286 4761 processibus
2311 4686 2514 4745 oculos
2539 4692 2786 4745 avertat.
3774 4699 3890 4752 914
