4500 5956
982 524 1105 585 974
1907 516 2159 576 INDEX
2207 513 2904 576 DOCUMENTORUM.

1029 729 1065 801 1
1079 724 1245 799 255

1015 855 1242 912 martio.
1313 849 1428 924 Ap.
1445 847 1713 923 Fogiam.
1759 875 1839 890 —
1878 844 2159 903 Eamdem
2195 845 2545 903 sententiam
2579 842 2919 913 confirmat,
2951 840 3149 919 quoad
3187 846 3413 916 spectat
3451 840 3530 901 ad
3562 840 3819 901 Leonar-

1842 938 1987 998 dum
2024 938 2294 998 abbatem
2323 939 2678 1009 cavensem,
2711 940 2812 1016 qui
2834 942 2974 1014 jura
3001 939 3342 997 monasterii
3382 938 3474 996 sui
3503 953 3677 1013 super
3711 937 3816 996 bo·

1842 1038 2028 1095 mines
2056 1036 2266 1096 casalis
2293 1035 2494 1096 Sancti
2529 1036 2686 1095 Petri
2710 1035 2786 1095 de
2819 1034 2985 1095 Polla
3011 1040 3219 1093 contra
3256 1034 3524 1097 eamdem
3551 1033 3815 1094 Theodo-

1844 1148 1970 1190 ram
1998 1131 2362 1192 defenderat.
3702 1138 3814 1189 535

1000 1245 1069 1294 27
1092 1239 1266 1293 mart.
1378 1232 1653 1308 Foggtae.
1767 1260 1842 1273 --
1885 1229 2167 1306 Gregorio
2216 1245 2401 1305 papae
2440 1228 2646 1288 scribit
2681 1244 2775 1299 se,
2818 1227 2957 1287 licet
2997 1227 3187 1287 multa
3227 1227 3530 1305 dispendia
3563 1230 3627 1287 in
3666 1226 3822 1286 bello

1844 1332 2047 1385 contra
2085 1327 2386 1385 Romanos
2426 1324 2603 1383 fuerit
2638 1340 2977 1400 perpessus,
3022 1339 3250 1399 semper
3297 1325 3374 1384 ad
3422 1324 3821 1384 defensionem

1846 1421 2138 1480 Ecclesiae
2165 1428 2437 1496 paratum
2482 1436 2608 1480 esse
2623 1463 2638 1490 ,
2669 1416 3053 1495 hortaturque
3090 1437 3166 1479 ne
3207 1435 3410 1495 pacem
3438 1423 3636 1480 minus
3661 1435 3822 1479 com-

1849 1517 2088 1576 modam
2117 1524 2353 1594 propter
2379 1533 2549 1576 suam
2583 1515 2909 1576 absentiam
2935 1515 3271 1577 concludat.
3477 1525 3592 1576 585
3620 1522 3681 1575 et
3707 1522 3821 1574 945

1005 1630 1072 1680 18
1101 1617 1269 1695 april.
1320 1618 1437 1693 Ap.
1468 1618 1720 1677 Fanum.
1769 1643 1850 1656 —
1884 1610 1980 1671 Ad
2005 1629 2209 1688 preces
2235 1614 2491 1689 episcopi
2519 1612 2820 1688 Aprutini,
2846 1613 3166 1687 justitiario
3205 1611 3438 1687 Aprutii
3477 1612 3722 1672 mandat
3757 1615 3826 1670 ut

1850 1709 2043 1769 forum
2087 1710 2257 1785 salis,
2288 1710 2426 1769 ferri
2465 1715 2526 1767 et
2565 1725 2760 1768 rerum
2803 1709 3097 1768 venalium
3143 1709 3303 1785 apud
3342 1709 3661 1769 Tei-amum
3699 1706 3826 1766 ileri

1851 1808 2180 1882 permittat,
2225 1807 2273 1864 si
2321 1806 2512 1866 forum
2554 1808 2747 1881 ipsum
2785 1807 2956 1865 novis
3003 1807 3238 1865 statutis
3280 1806 3403 1863 suis
3448 1820 3569 1864 non
3612 1803 3827 1863 obvia-

1853 1904 2025 1962 verit.
3709 1908 3820 1960 587

1003 2016 1080 2068 25
1108 2005 1273 2084 aprss.
1334 2008 1450 2083 Ap.
1467 2005 1719 2066 Fanum.
1771 2031 1852 2042 —
1890 1998 2193 2059 Ludovico
2258 2000 2619 2060 Francorum
2680 2002 2803 2077 regi
2865 1999 3100 2072 scribit,
3155 2000 3292 2058 licet
3335 2015 3414 2059 ex
3464 1998 3828 2058 ordinatione

1854 2100 2070 2156 summi
2098 2096 2390 2173 pontificis
2430 2100 2873 2159 matrimonium
2912 2114 3048 2158 cum
3088 2114 3284 2158 sorore
3322 2100 3474 2175 regis
3499 2098 3828 2174 Anglorum

1854 2194 2200 2254 contrahere
2225 2196 2390 2266 velit,
2419 2196 2565 2254 nibil
2606 2201 2802 2255 tamen
2828 2196 2903 2256 de
2942 2196 3446 2256 confoederatione
3491 2198 3645 2254 inter
3681 2210 3744 2254 se
3768 2202 3830 2253 et

1853 2291 2051 2364 ipsum
2079 2292 2223 2349 inita
2249 2307 2375 2350 esse
2402 2293 2876 2369 immutandum;
2909 2298 3195 2371 rogatque
3221 2298 3292 2352 ut
3316 2307 3453 2352 cum
3480 2293 3541 2351 in
3570 2291 3830 2350 Theuto-

1854 2388 2015 2446 niam
2041 2395 2332 2463 properet,
2359 2391 2556 2448 venire
2584 2389 2663 2448 ad
2694 2390 2825 2449 illas
2851 2396 3045 2466 partes
3075 2390 3158 2448 illi
3185 2388 3430 2465 placeat.
3716 2395 3829 2447 539

1055 2490 1231 2549 maio.
1350 2489 1464 2563 Ap.
1490 2487 1725 2546 Novum
1777 2515 1856 2530 —
1898 2485 1992 2545 Ad
2019 2486 2506 2561 supplicationem
2535 2486 2791 2546 Conradi
2816 2486 3045 2546 abbatis
3072 2486 3488 2546 Admontensis
3505 2528 3524 2558 ,
3565 2490 3829 2558 renovat,

1377 2585 1596 2645 Forum
1621 2583 1684 2641 in
1856 2584 2062 2642 inserit
2099 2588 2156 2641 et
2189 2580 2503 2642 confirmat
2543 2583 2915 2660 privilegium
2959 2583 3100 2641 huic
3143 2582 3424 2641 coenobio
3464 2582 3759 2641 indultum
3795 2597 3834 2641 a

1425 2680 1643 2758 styria.
1858 2679 2158 2738 Friderico
2188 2681 2214 2738 1
2244 2695 2358 2738 avo
2383 2695 2520 2750 suo,
2550 2679 2625 2738 de
2649 2694 2806 2739 anno
2839 2689 2863 2738 ι
2880 2687 3022 2751 184,
3052 2677 3155 2738 ubi
3196 2679 3589 2753 possessiones
3616 2693 3834 2737 mona-

1858 2779 2017 2836 sterii
2048 2778 2145 2836 ille
2172 2782 2463 2853 recenset,
2502 2777 2773 2854 idemque
2794 2779 2930 2853 jure
2954 2777 3376 2837 advocatorum
3402 2776 3632 2835 eximit.
3716 2784 3831 2835 542

1050 2877 1241 2951 junio.
1351 2873 1471 2951 Ap.
1483 2873 1708 2933 Welse.
1778 2905 1859 2917 ——
1897 2873 2154 2933 Benrico
2196 2873 2397 2933 abbati
2437 2872 3085 2933 Crcmsmonasteriensi
3123 2872 3494 2949 privilegium
3530 2870 3836 2935 confirmat

1860 2970 2023 3048 quod
2044 2976 2305 3047 tempore
2331 2972 2492 3049 regni
2520 2973 2611 3031 sui
2639 2986 2798 3031 anno
2825 2981 2975 3032 1217
3000 2970 3190 3031 eidem
3219 2968 3501 3030 coenobio
3528 2970 3831 3045 concessit,

1860 3068 2136 3143 idemque
2162 3075 2409 3127 renovat
2432 3073 2493 3127 et
2515 3069 2742 3128 inserit.
3718 3074 3832 3126 549

1047 3166 1239 3242 junio.
1445 3164 1626 3241 Apud
1782 3194 1862 3210 —-
1901 3165 2324 3225 Monasterium
2351 3167 2412 3224 in
2441 3164 2625 3225 veteri
2654 3166 2921 3225 Honowe
2952 3162 3396 3242 (Althohenau),
3426 3162 3835 3241 Salzeburgen·

1335 3263 1732 3337 Batisponam.
1862 3263 1945 3320 sis
1978 3261 2283 3334 dioecesis,
2326 3278 2461 3322 cum
2502 3262 2779 3323 omnibus
2808 3262 2979 3322 bonis
3018 3266 3080 3321 et
3116 3262 3381 3339 personis
3420 3263 3484 3321 in
3528 3261 3835 3339 specialem

1861 3361 2278 3432 protectionem
2305 3377 2468 3420 suam
2498 3362 2724 3437 recipit.
3723 3367 3835 3418 549

1023 3465 1089 3516 1⁴1
1111 3455 1287 3531 junii.
1454 3454 1631 3531 Apud
1782 3484 1863 3497 —
1903 3452 1997 3511 Ad
2042 3455 2380 3528 petitionem
2426 3455 2723 3533 Rudegeri
2775 3456 3138 3516 Pataviensis
3195 3455 3483 3531 episcopi,
3537 3451 3839 3530 judicibus

1345 3551 1730 3628 Nuremberg.
1862 3553 1991 3626 ejus
2021 3552 2124 3626 jus
2150 3550 2329 3629 gladii
2355 3557 2415 3611 et
2441 3554 2662 3612 securis
2688 3555 2747 3611 in
2788 3568 2922 3612 reos
2954 3552 3265 3612 criminum
3315 3551 3521 3609 ultimo
3555 3550 3838 3626 supplicio

1864 3645 2194 3721 puniendos
2219 3663 2292 3706 ex
2321 3649 2510 3723 gratia
2536 3665 2646 3708 sua
2669 3648 2959 3709 concedit.
3724 3654 3836 3705 550

1022 3751 1093 3801 22
1115 3743 1287 3819 junii.
1454 3743 1630 3820 Apud
1786 3773 1865 3786 —-
1904 3743 2210 3804 Universis
2229 3762 2336 3821 per
2363 3748 2672 3821 imperium
2700 3746 3036 3806 constitutis
3063 3745 3307 3805 domum
3332 3743 3637 3819 hospitalis
3658 3742 3842 3803 Sanc-

1349 3842 1732 3919 Nuremberg.
1866 3844 1963 3898 tae
1997 3840 2218 3899 Mariae
2259 3841 2756 3901 'theutonicorum
2804 3840 3196 3919 commendat,
3241 3856 3491 3900 monens
3523 3846 3593 3899 ut
3634 3839 3841 3900 fratres

1865 3942 1926 3995 et
1951 3939 2151 3996 omnia
2176 3937 2336 3998 bona
2362 3954 2564 3999 eorum
2597 3938 2796 3999 fovere
2824 3945 2884 3999 et
2905 3937 3210 3999 defensare
3235 3943 3453 3998 curent.
3567 3925 3570 3926 ⁷
3723 3945 3832 3996 551

1060 4032 1253 4110 junio.
1456 4035 1633 4110 Apud
1791 4063 1867 4078 -
1906 4032 2155 4093 Petente
2180 4034 2529 4111 Engelberto
2555 4033 2769 4095 abbate
2794 4034 3131 4107 Ebracensi,
3158 4019 3582 4112 privilegiuma
3605 4049 3669 4093 se
3692 4040 3839 4093 tem-

1352 4132 1736 4211 Nuremberg.
1869 4144 2009 4204 pore
2036 4131 2201 4207 regni
2232 4132 2324 4189 sui
2350 4145 2502 4190 anno
2551 4138 2703 4190 121³
2752 4131 2944 4191 eidem
2967 4132 3323 4192 monasterio
3351 4129 3650 4191 indultum
3690 4131 3843 4189 inse·

1870 4225 2057 4285 rendo
2084 4233 2363 4299 renovat,
2393 4229 2542 4287 etin
2567 4243 2637 4286 eo
2664 4234 2943 4288 contenta
2969 4230 3182 4289 iterum
3208 4225 3545 4287 confirmat.
3728 4235 3842 4286 552

1064 4319 1262 4402 [junio
1351 4366 1760 4386 .......
1792 4352 1873 4367 —
1911 4322 2215 4382 Fidelibus
2252 4325 2376 4382 suis
2419 4325 2483 4383 in
2510 4323 2777 4399 partibus
2811 4322 3198 4384 Lombardiae
3240 4325 3576 4384 constitutis
3612 4324 3848 4383 nuntiat

1025 4413 1301 4496 exeunte]
1872 4419 2169 4496 quomodo
2194 4423 2393 4479 omnia
2422 4420 2535 4481 sibi
2562 4423 2623 4479 in
2651 4420 2999 4481 Alemannia
3022 4437 3293 4498 prospere
3319 4420 3561 4494 cedunt,
3589 4420 3713 4480 filio
3739 4436 3846 4482 suo

1873 4516 2038 4576 nulla
2064 4518 2403 4592 interposita
2439 4517 2776 4578 conditione
2815 4517 2893 4577 ad
2927 4518 3274 4578 mandatum
3318 4533 3496 4578 suum
3540 4518 3841 4578 redeunte.

1876 4609 2023 4671 Cum
2062 4617 2260 4672 autem
2304 4614 2626 4675 solemnem
2671 4617 2896 4676 curiam
2937 4615 3097 4692 apud
3129 4612 3500 4694 Maguntiam
3532 4615 3842 4690 indixerit,
