4500 5956
896 549 1016 612 942
1998 543 2616 606 ADmTAMssNTA.

904 694 976 755 et
1044 680 1337 755 Iacobus
1395 679 1760 752 Tranensis
1816 677 1918 775 (a)
1994 679 2528 775 archiepiscopi,
2591 679 2948 752 Richerins
3017 679 3422 773 Melfiensis,
3481 682 3718 754 Petrus

907 804 1356 880 Raveluensis
1429 803 1776 897 episcopi,
1852 805 2056 875 frater
2126 805 2560 876 Hermannus
2637 801 2964 895 magister
3033 802 3390 898 hospitalis
3472 804 3718 877 Sancte

907 929 1118 1001 Maris
1153 927 1730 1001 Theutonicorum
1773 926 1844 997 in
1873 927 1909 997 J
1914 926 2324 1017 herusalem,
2360 946 2592 999 comes
2623 926 2916 999 Thomas
2946 924 3038 999 de
3069 925 3342 999 Acerris
3367 926 3489 1022 (b),
3520 927 3717 1000 Man-

913 1052 1133 1123 fridus
1177 1051 1479 1123 marchio
1525 1052 1773 1122 Lantza
1805 1048 1922 1145 (c),
1982 1049 2410 1124 Rickhardus
2465 1049 2919 1138 camerarius,
2975 1051 3428 1123 Renesmulns
3475 1052 3604 1147 (d),
3651 1062 3720 1123 et

910 1176 1024 1246 alii
1060 1176 1523 1269 quamplures.

1010 1299 1295 1393 Signum
1344 1296 1604 1370 domini
1663 1295 2006 1370 Frederici
2055 1296 2386 1388 secundi,
2434 1297 2867 1370 invictissimi
2924 1298 3388 1370 Romanorum
3433 1298 3722 1392 impera-

914 1424 1076 1496 toris
1112 1444 1382 1516 semper
1423 1421 1723 1515 augusti,
1775 1421 2144 1494 Ierusalem
2182 1431 2250 1494 et
2292 1422 2521 1496 Sicilie
2556 1423 2762 1514 regis.
2808 1420 3387 1518 (Monoqramma.)

1015 1546 1185 1618 Acta
1240 1553 1401 1616 sunt
1447 1545 1575 1616 hec
1644 1566 1826 1616 anno
1875 1543 2221 1617 dominice
2262 1545 2749 1618 incarnationis
2798 1545 3161 1619 millesimo
3208 1545 3336 1617 CC⁰
3385 1544 3725 1617 tricesimo

916 1669 1253 1757 secundo,
1302 1690 1538 1740 mense
1583 1669 2025 1764 septembris»,
2061 1678 2258 1741 sexte
2299 1668 2724 1761 indictionis,
2770 1669 3154 1766 imperante
3186 1669 3464 1744 domino
3499 1679 3727 1743 nostro

921 1792 1301 1883 Friderico,
1361 1792 1484 1863 Dei
1538 1793 1758 1886 gratia
1822 1792 2276 1867 invictissimo
2324 1794 2783 1866 Romanorum
2824 1794 3235 1888 imperatore
3277 1814 3548 1888 semper
3602 1815 3727 1866 au-

925 1924 1160 2011 gusto,
1212 1917 1583 1989 Jerusalem
1631 1925 1701 1989 et
1739 1917 1968 1989 Sicilie
2016 1937 2219 2010 rege,
2279 1938 2463 1989 anno
2525 1916 2794 2011 imperii
2842 1916 2993 2008 ejus
3039 1916 3489 2008 duodecimo,
3537 1918 3728 2010 regni

924 2043 1295 2114 Jerusalem
1331 2040 1645 2135 septimo,
1684 2041 1879 2134 regni
1931 2061 2096 2115 vero
2146 2040 2375 2113 Sicilie
2424 2041 2767 2113 tricesimo
2814 2042 3083 2135 quinto,
3126 2040 3436 2114 feliciter.
3477 2041 3721 2115 Amen.

1026 2168 1271 2238 Datum
1303 2165 1492 2260 apud
1523 2164 1853 2254 Melfiam,
1894 2187 2104 2257 anno,
2150 2186 2383 2239 mense
2416 2176 2486 2238 et
2518 2165 2895 2238 indictione
2921 2165 3338 2261 prescriptis.

1392 2498 1707 2510 ’ψ’-»α-
1720 2500 1835 2509 ἰ--ο
1846 2500 2652 2509 -·---‹---0—0-0——-—-—·——0

605 2830 767 2883 romae
1034 2807 1293 2890 Altera
1330 2808 1576 2891 forma
1612 2805 1983 2916 privilegii
2020 2833 2067 2889 a
2102 2806 2480 2891 Friderico
2514 2807 3036 2892 Romanorum
3087 2808 3542 2917 imperatore
3577 2833 3741 2891 mo-

583 2884 809 2981 „office
928 2942 1260 3026 nasterio
1297 2941 1615 3025 Sanctae
1648 2941 1983 3025 Marinae
2017 2942 2114 3024 de
2166 2940 2403 3025 Stella
2438 2942 2805 3025 concessi.

1092 3183 1434 3262 (Memorat.
1464 3199 1563 3261 ap.
1594 3184 1821 3257 Pmss,
1852 3183 2007 3245 Scor.
2038 3179 2341 3263 d'Amalfi,
2374 3189 2420 3245 t.
2449 3184 2532 3259 11,
2557 3200 2615 3260 p.
2650 3192 2786 3259 189,
2815 3200 2892 3245 ex
2919 3183 3148 3248 Notum.
3178 3183 3451 3246 mmm.
3481 3179 3731 3244 enar-011.

1168 3289 1343 3368 capit.
1380 3286 1541 3349 arch.
1565 3286 1812 3369 Amalfl,
1839 3299 1906 3350 n⁰
1936 3290 2096 3365 346.)

1038 3530 1072 3571 ι
1129 3501 1341 3578 4232.
1396 3502 1766 3595 Imperator
1814 3501 2179 3574 Federicns
2232 3500 2553 3575 concedit
2623 3502 2859 3574 abbati
2911 3513 2979 3576 et
3033 3504 3401 3577 conventui
3459 3504 3744 3575 Sanctae

935 3627 1240 3701 Marinae
1273 3626 1363 3699 de
1408 3626 1616 3698 Stella
1659 3625 2241 3699 confirmationem
2285 3626 2596 3699 omnium
2645 3626 3155 3699 immunitatum
3185 3680 3206 3718 ,
3255 3628 3580 3701 videlicet
3625 3648 3746 3723 pe·

937 3750 1124 3844 dagii
1148 3803 1166 3839 ‚
1223 3748 1554 3844 passagii,
1623 3748 2000 3843 plateatici,
2058 3748 2485 3839 dohanatici,
2545 3750 2913 3842 herbatici,
2969 3750 3335 3844 glannatici
3356 3804 3375 3841 ,
3426 3771 3557 3823 nec
3604 3770 3744 3823 non

936 3870 1575 3970 confirmatio[nem]
1632 3873 1919 3967 plancae
1991 3872 2182 3968 apud
2236 3874 2574 3966 MaJornm
2631 3873 2734 3946 eis
2785 3894 3154 3947 concessae
3176 3927 3197 3966 ,
3247 3895 3382 3946 non
3439 3872 3751 3946 obstante

933 3999 1125 4091 qnod
1161 3995 1564 4070 Amalfitana
1620 3997 1910 4070 ecclesia
1944 3998 2054 4069 vel
2100 3997 2235 4070 alia
2270 3998 2559 4093 quaevis
2601 4018 2900 4092 persona
2946 3996 3201 4071 habeat
3239 3999 3312 4070 in
3351 3997 3534 4070 dicta
3575 4007 3750 4070 terra

936 4123 1169 4217 Majori
1207 4125 1486 4217 plancas
1516 4143 1705 4210 suas,
1743 4130 1812 4192 et
1846 4121 1937 4192 ab
1974 4120 2298 4193 omnibus
2335 4120 2635 4196 collectis
2667 4121 2881 4194 libera
2919 4130 3193 4197 maneat
3222 4130 3293 4195 et
3320 4130 3670 4217 exempta.
3710 4146 3743 4187 n

1023 4321 1108 4403 (a)
1152 4324 1222 4383 In
1250 4325 1532 4401 impresso
1563 4321 1915 4383 Tramcmis.

1018 4428 1101 4510 (b)
1146 4429 1370 4490 Ibidem
1397 4426 1466 4487 dc
1491 4425 1682 4490 Accir.

1020 4533 1095 4614 (c)
1135 4534 1360 4595 Ibidem
1389 4531 1670 4611 marchio,
1698 4534 1871 4596 Lam.

1019 4640 1102 4721 (d)
1141 4639 1544 4702 verisimiliter
1568 4637 1989 4701 Rindamulue.
2021 4641 2114 4702 Cf.
2141 4657 2349 4718 supra,
2376 4647 2426 4704 t.
2454 4642 2565 4719 111,
2596 4659 2658 4720 p.
2691 4650 2835 4723 282,
2862 4650 2923 4704 et
2947 4644 3190 4721 passim.
