4500 5956
1022 588 1142 649 976
1944 594 2195 653 INDEX
2245 594 2935 656 DOCUMENTORUM.

1051 792 1266 867 1255

1876 938 1997 997 qua
2016 923 2130 983 fuit
2151 921 2472 984 diffinitum
2497 924 2758 984 eamdem
2788 923 3068 999 capellam
3095 924 3171 986 ad
3191 925 3658 1002 jurisdictionem
3684 927 3864 1000 impe·

1875 1020 1944 1075 rii
1974 1022 2261 1093 pertinere
2285 1036 2478 1096 neque
2504 1022 2774 1095 episcopo
2800 1019 3107 1079 Leodiensi
3128 1022 3191 1078 in
3215 1020 3413 1097 aliquo
3441 1022 3646 1079 teneri.
3745 1028 3857 1078 764

1087 1116 1239 1186 sept.
1367 1107 1727 1185 Bagenowe.
1798 1143 1874 1156 -
1916 1113 2191 1174 Cum-ado
2216 1114 2533 1191 burgi-avio
2560 1116 2633 1175 de
2659 1115 3022 1192 Nuremberg
3046 1123 3108 1176 et
3134 1115 3486 1176 haeredibus
3528 1119 3659 1191 ejus
3696 1131 3857 1190 emp-

1875 1211 2094 1269 tionem
2122 1213 2298 1271 castri
2327 1211 2648 1289 Virnsberg
2674 1212 2834 1287 quod
2875 1211 3181 1272 Gott'ridus
3205 1213 3279 1272 de
3302 1212 3646 1272 Hohenloch
3673 1228 3709 1271 a
3735 1212 3855 1272 Lu·

1874 1304 2099 1365 dewico
2126 1306 2200 1366 de
2228 1306 2547 1384 Virnsberg
2573 1325 2680 1384 pro
2707 1310 3244 1384 recompensatione
3283 1307 3485 1367 damni
3532 1324 3637 1384 per
3682 1324 3859 1367 eum-

1874 1402 2010 1462 dem
2041 1405 2151 1463 sibi
2180 1405 2327 1463 illati
2354 1412 2677 1480 receperat,
2708 1404 3037 1464 confirmat.
3743 1415 3853 1465 765

1091 1502 1240 1573 sept.
1365 1494 1725 1573 Hagenowe.
1794 1531 1875 1540 -—
1916 1500 2009 1558 Ad
2037 1502 2520 1576 conquestionem
2564 1500 2794 1561 abbatis
2838 1500 3270 1573 Murbacensis,
3299 1501 3590 1559 universis
3633 1503 3857 1575 imperii

1875 1594 2143 1656 fidelihus
2182 1597 2427 1657 mandat
2469 1605 2538 1657 ut
2582 1597 2780 1658 nullus
2827 1602 2905 1658 sit
2944 1600 3046 1675 qui
3091 1597 3248 1657 bona
3284 1597 3546 1674 ejusdem
3586 1596 3859 1657 ecclesiae

1876 1694 2130 1753 alienare
2170 1702 2535 1770 praesumat,
2574 1694 2679 1754 sed
2722 1698 2772 1755 si
2817 1712 2936 1773 qua
2975 1696 3172 1754 illicite
3215 1696 3469 1754 alienata
3497 1693 3755 1771 suerint,
3783 1694 3860 1755 ad

1868 1791 1972 1864 jus
1998 1791 2183 1865 ipsius
2208 1790 2482 1850 ecclesiae
2501 1791 2757 1851 debeant
2781 1794 3065 1852 revocari.
3743 1798 3858 1852 766

1090 1889 1238 1958 sept.
1369 1878 1729 1956 Hagenowe.
1794 1913 1876 1928 —
1914 1884 2169 1944 Innovat
2211 1891 2273 1945 et
2310 1886 2620 1947 confirmat
2662 1888 3031 1965 privilegium
3070 1887 3147 1947 ab
3190 1888 3447 1946 Hem-ico
3487 1891 3658 1946 sexto
3696 1894 3860 1963 patre

1875 1997 1985 2042 suo
2020 1999 2174 2042 anno
2208 1991 2387 2061 1195,
2416 1990 2627 2044 octavo
2654 1983 2881 2043 decimo
2923 1983 3019 2043 die
3065 1984 3319 2044 octobris
3334 2026 3353 2056 ,
3383 1982 3677 2043 indultum
3692 2026 3710 2055 ,
3740 1999 3859 2059 quo

1876 2078 2174 2139 abbatiam
2201 2079 2277 2139 de
2304 2079 2629 2158 Altenberg
2654 2080 2731 2140 ab
2757 2081 2918 2140 omni
2948 2080 3223 2141 theloneo
3259 2087 3383 2140 tam
3409 2082 3471 2138 in
3497 2086 3653 2139 terra
3680 2095 3857 2155 quam
3883 2084 3900 2093 ”

1878 2177 1937 2234 in
1964 2193 2121 2252 aqua
2147 2183 2429 2253 perpetuo
2455 2176 2702 2237 liberam
2730 2178 3056 2238 constituit.
3743 2184 3853 2235 767

1087 2276 1239 2348 sept.
1370 2268 1731 2347 Hagenowe.
1799 2305 1878 2318 —-
1917 2274 2292 2335 Abbatissam
2319 2282 2377 2335 et
2404 2283 2759 2336 conventum
2791 2277 3126 2336 monasterii
3154 2274 3466 2335 Lillenthal
3483 2319 3501 2351 ,
3529 2275 3858 2334 Bremensis

1878 2369 2187 2443 dioecesis,
2218 2386 2356 2430 cum
2383 2370 2656 2430 omnibus
2684 2386 2886 2430 earum
2912 2370 3082 2431 bonis
3109 2372 3169 2427 in
3197 2385 3305 2429 sua
3331 2369 3688 2446 protectione
3716 2371 3858 2428 reci-

1877 2470 1994 2544 pit,
2026 2469 2226 2543 eisque
2254 2468 2580 2543 specialiter
2607 2467 2912 2528 confirmat
2938 2469 3065 2527 loca
3091 2483 3245 2545 quae
3270 2468 3549 2528 dicuntur
3572 2466 3772 2543 Trupa
3801 2475 3861 2526 et

1878 2564 2282 2624 Vallerbroke.
3743 2572 3857 2623 769

1090 2663 1240 2733 sept.
1370 2654 1722 2732 Bagenowe.
1798 2692 1879 2703 —
1913 2659 2208 2721 Abbatem
2257 2662 2455 2721 Sancti
2499 2662 2796 2737 Trutperti
2812 2704 2827 2732 ,
2885 2667 3243 2721 conventum
3263 2705 3281 2734 ,
3325 2665 3746 2722 monasterium
3800 2668 3860 2721 et

1878 2760 2074 2818 omnia
2101 2759 2259 2818 bona
2286 2761 2416 2835 ejus
2443 2758 2557 2818 sub
2583 2774 2694 2818 sua
2721 2763 2782 2818 et
2805 2761 3031 2835 imperii
3057 2760 3413 2834 protectione
3433 2762 3660 2835 recipit.
3746 2768 3858 2818 770

1056 2860 1129 2911 25
1157 2857 1273 2912 oct.
1384 2848 1708 2927 Augustae.
1797 2884 1878 2897 —
1916 2853 2232 2914 Buticlario
2261 2854 2337 2914 de
2375 2855 2755 2916 Nurenberch
2773 2901 2790 2932 ,
2820 2856 2897 2915 ad
2924 2855 3222 2933 querelam
3263 2857 3575 2933 praepositi
3613 2862 3674 2916 et
3717 2873 3859 2917 con-

1877 2960 2090 3013 ventus
2118 2952 2191 3011 de
2218 2952 2583 3029 Speinshart,
2605 2953 2848 3014 mandat
2873 2960 2942 3014 ut
2962 2969 3142 3013 causa
3166 2954 3450 3030 inquisita
3476 2969 3651 3030 super
3675 2953 3859 3013 advo-

1877 3053 2030 3109 catia
2052 3051 2327 3110 villarum
2351 3051 2742 3127 quarumdam
2760 3058 3050 3129 arrogata,
3068 3052 3431 3128 lantgravios
3452 3051 3525 3111 de
3543 3052 3857 3123 Waldeck‚

1878 3148 1951 3206 de
1979 3146 2425 3224 Leuchtenberg
2453 3155 2512 3207 et
2533 3148 2851 3207 Hem-icum
2878 3149 2954 3208 de
2979 3147 3278 3209 Turndorf
3294 3148 3370 3208 ab
3396 3150 3558 3209 omni
3583 3149 3859 3208 molesta—

1878 3246 2037 3303 tione
2063 3245 2205 3304 dicti
2233 3247 2544 3321 praepositi
2574 3253 2924 3320 compescat.
3742 3254 3855 3306 783

1040 3334 1287 3396 octobri.
1385 3329 1710 3407 Augustae.
1797 3368 1881 3382 —
1917 3339 2236 3398 Ecclesiam
2270 3340 2332 3398 in
2363 3339 2672 3417 Kitzingen
2693 3356 2829 3399 cum
2858 3341 3121 3416 personis
3148 3345 3208 3399 et
3232 3339 3692 3416 possaesionibus
3732 3356 3860 3399 om·

1876 3434 2052 3494 nibus
2080 3437 2140 3492 in
2169 3435 2406 3510 speciali
2432 3438 2789 3511 protectione
2814 3452 2923 3496 sua
2946 3442 3007 3495 et
3047 3438 3275 3512 imperii
3304 3437 3531 3514 recipit.
3747 3446 3859 3497 784

1041 3530 1286 3593 octobri.
1458 3522 1637 3598 Apud
1797 3562 1878 3576 —
1916 3531 2230 3607 Rudolpbo
2272 3531 2472 3591 abbati
2518 3531 2806 3592 Faucensi
2845 3533 3217 3610 privilegium
3257 3548 3416 3593 anno
3461 3542 3613 3594 1219
3642 3535 3863 3612 (verius

1375 3619 1722 3698 Augustam.
1884 3627 2064 3702 1218)
2091 3644 2266 3703 super
2294 3630 2663 3689 restitutione
2689 3631 3027 3707 provinciae
3052 3629 3345 3690 Aschowe
3370 3646 3409 3690 a
3434 3647 3498 3690 se
3533 3631 3827 3692 indultum
3842 3671 3861 3703 ,

1876 3723 2216 3783 innovando
2243 3724 2574 3787 confirmat.
3747 3736 3859 3786 785

1038 3825 1281 3885 octobri.
1463 3815 1639 3892 Apud
1797 3854 1877 3863 —
1918 3821 2013 3880 Ad
2042 3821 2531 3897 supplicationem
2559 3822 2884 3882 Hei-manni
2916 3825 3180 3900 magistri
3211 3823 3423 3883 domus
3449 3822 3699 3884 Sanctae
3722 3824 3865 3883 Ma-

1376 3913 1723 3990 Augustam.
1877 3918 1999 3975 riae
2023 3916 2523 3976 Theutonicorum
2542 3960 2560 3988 ,
2590 3919 2644 3976 ei
2686 3924 2746 3977 et
2770 3918 3045 3978 fratribus
3073 3922 3202 3996 ejus
3227 3919 3531 3979 ecclesiam
3558 3921 3621 3979 in
3649 3918 3864 3978 Kunitz

1876 4028 2014 4072 cum
2042 4012 2300 4072 ecclesiis
2344 4015 2406 4071 in
2450 4014 2638 4073 Berne
2675 4021 2735 4074 et
2759 4014 3116 4089 Ivernstorf,
3145 4032 3292 4092 quas
3321 4015 3460 4075 olim
3490 4015 3714 4075 eisdem
3734 4018 3863 4091 jam

1876 4110 2195 4181 concessit,
2228 4109 2425 4168 denuo
2453 4109 2720 4169 concedit
2744 4116 2805 4170 et
2830 4112 2890 4169 in
2918 4118 3263 4187 perpetuum
3291 4110 3622 4171 confirmat.
3748 4120 3859 4170 787

1050 4220 1121 4271 31
1159 4215 1274 4271 oct.
1460 4203 1636 4279 Apud
1797 4239 1879 4249 —
1916 4206 2403 4266 Ministerialibus
2431 4206 2587 4266 intra
2612 4209 2957 4268 comitatum
2979 4207 3323 4268 stadensem
3350 4209 3684 4267 constitutis
3706 4212 3767 4266 et
3788 4206 3863 4265 ad

1367 4302 1720 4379 Augustam.
1876 4304 2201 4363 dominium
2228 4304 2304 4363 de
2329 4303 2684 4364 Brunswick
2711 4303 3096 4366 attinentibus
3121 4305 3367 4365 mandat
3394 4310 3461 4364 ut
3486 4303 3624 4364 duci
3662 4303 3864 4363 Ottoni

1876 4401 1952 4460 de
1979 4400 2301 4478 Luneburg
2344 4405 2630 4478 tanquam
2660 4401 2900 4462 domino
2938 4417 3047 4462 suo
3086 4402 3393 4474 obediant,
3423 4402 3535 4477 ipsi
3569 4400 3865 4460 fidelitatis

1873 4500 2277 4574 juramentum
2305 4497 2670 4558 exhibentes.
3747 4505 3859 4555 789

1055 4603 1126 4657 31
1159 4600 1277 4654 oct.
1426 4603 1430 4608 ·
1462 4592 1640 4668 Apud
1803 4625 1877 4639 —
1919 4593 2221 4653 Universis
2248 4594 2477 4654 civibus
2502 4595 2577 4655 de
2604 4594 2825 4656 staden
2848 4594 3093 4655 mandat
3117 4600 3186 4654 ut
3212 4595 3419 4656 ottoni
3442 4593 3518 4654 de
3544 4592 3864 4668 Luneburg

1371 4689 1728 4767 Augustam.
1879 4706 2054 4766 quem
2082 4692 2144 4749 in
2172 4693 2491 4767 principem
2522 4708 2697 4752 suum
2727 4694 2979 4763 creavit,
3009 4693 3322 4752 restituant
3360 4707 3431 4752 ea
3474 4706 3629 4768 quae
3660 4695 3865 4749 tenent
