4500 5956
557 648 749 708 laniet.
778 645 871 725 9.]
1460 642 1853 706 HISTORIA
1902 637 2491 704 mnouATch.
3246 634 3364 699 835

557 779 1093 853 Matisconensis.
1119 818 1219 832 —
1242 777 1531 871 Signum
1561 776 1821 850 domini
1851 776 2176 851 Friderici
2206 775 2667 848 Romanorum
2695 771 2877 865 regis
2901 770 3356 844 invictissimi.

558 945 646 957 —
680 905 828 998 Ego
861 901 1211 974 Arnoldus
1247 900 1698 974 cancellarius
1732 901 2127 994 recognovi.
2168 938 2256 953 —
2301 900 2471 970 Data
2505 895 2839 983 Bisuntie,
2880 895 3005 968 XV
3035 893 3369 969 kalendas

559 1028 803 1110 martii,
844 1047 1029 1099 anno
1063 1023 1408 1099 dominice
1446 1024 1929 1097 incarnationis
1963 1022 2248 1112 MCLIII,
2285 1020 2656 1093 indictione
2684 1019 2834 1109 XV,
2875 1028 3205 1112 regnante
3235 1018 3362 1093 do·

559 1150 738 1222 mino
770 1149 1119 1223 Friderioo
1154 1149 1615 1221 Romanorum
1647 1169 1810 1242 rege
1848 1148 2185 1239 glorioso,
2224 1166 2409 1218 anno
2445 1165 2612 1218 vero
2644 1143 2836 1237 regni
2872 1144 3024 1235 ejus
3058 1142 3304 1238 primo.

654 1318 3108 1344 ...............................
3162 1266 3247 1337 Et
3282 1274 3361 1337 ut

557 1395 679 1468 hec
709 1394 1064 1467 innovatio
1106 1393 1316 1466 robur
1351 1392 1690 1467 firmitatis
1726 1394 2031 1467 obtineat
2058 1395 2130 1465 in
2167 1400 2573 1489 perpetuum
2605 1390 2980 1463 valiturum
3001 1443 3022 1481 ,
3078 1410 3361 1485 presens

556 1517 990 1612 privilegium
1034 1515 1185 1589 fieri
1229 1525 1299 1589 et
1348 1516 1538 1589 bulla
1573 1537 1782 1590 aurea
1817 1516 2088 1613 typario
2135 1527 2366 1589 nostre
2401 1514 2778 1607 majestatis
2826 1514 3158 1609 impressa
3199 1514 3361 1605 jus-

555 1640 767 1713 simus
806 1641 1146 1735 insigniri.

649 1767 871 1856 Hujus
920 1765 1020 1839 rei
1072 1773 1277 1839 testes
1325 1773 1541 1838 sunt:
1585 1763 1882 1837 Sifridus
1930 1765 2376 1857 Maguntinus
2428 1764 3016 1858 archiepiscopus,
3072 1761 3368 1835 Sifridus

558 1889 1068 1985 Ratisponensis
1109 1889 1477 1985 episcopus
1537 1890 1907 1985 imperialis
1961 1891 2119 1963 aule
2172 1889 2616 1964 cancellarius
2634 1940 2654 1976 ,
2708 1886 3111 1982 Ruedgerus
3167 1887 3366 1960 Pata-

558 2013 810 2085 viensis
862 2014 1264 2109 episcopua,
1316 2010 1676 2086 Conradus
1714 2012 2054 2108 Spirensis
2111 2013 2479 2108 episcopus
2499 2065 2520 2103 ,
2559 2012 2996 2084 Hermannus
3045 2009 3370 2104 magister

561 2135 810 2209 domus
865 2137 1395 2210 Teutonicorum
1443 2136 1518 2208 in
1560 2138 1929 2209 Jerusalem
1950 2189 1970 2227 ,
2017 2137 2240 2232 Raspo
2292 2135 2743 2231 landgravius
2785 2134 3144 2229 Turingie,
3190 2134 3371 2207 Her-

560 2281 851 2332 mannus
877 2260 1310 2355 margravius
1342 2260 1434 2335 de
1464 2261 1730 2350 Baden,
1770 2259 2178 2334 Chonradus
2210 2259 2628 2355 burgravius
2654 2257 2746 2332 de
2774 2257 3267 2333 Nurembercb.

651 2381 943 2475 Signum
978 2382 1246 2457 domini
1280 2381 1607 2455 Friderici
1638 2383 1955 2473 secundi,
1999 2384 2125 2457 Dei
2161 2385 2382 2475 gratia
2429 2385 2888 2457 Romanorum
2941 2382 3370 2476 imperatoris

560 2526 826 2600 semper
854 2507 1167 2599 angusti,
1207 2506 1633 2579 Jhernsalem
1663 2514 1732 2579 et
1756 2507 1988 2580 Sicilie
2015 2508 2200 2602 regis
2229 2509 2727 2602 gloriosissimi.

651 2626 800 2722 Ego
833 2626 1129 2701 Sifridus
1160 2629 1672 2725 Ratisponensis
1701 2630 2068 2726 episcopus
2097 2631 2472 2726 imperialis
2511 2632 2670 2704 aulo
2703 2629 3178 2715 cancellariuS,
3215 2627 3371 2700 vioe

561 2750 815 2823 domini
846 2753 1232 2845 Maguntini
1269 2752 1342 2824 in
1379 2751 1746 2827 Germania
1770 2754 2386 2842 archicancellarii,
2429 2753 2825 2848 recognovi.

650 2873 825 2948 Acta
886 2885 1050 2949 sunt
1106 2876 1238 2950 hec
1299 2898 1485 2950 anno
1539 2876 1884 2952 dominice
1940 2879 2432 2952 incarnationis
2479 2879 2576 2952 Μ.
2605 2879 2729 2951 CC.
2757 2877 3040 2951 XXXVI
3059 2929 3081 2968 ,
3138 2896 3373 2949 mense

565 3000 822 3094 aprilis,
878 3000 1258 3074 indictione
1292 3002 1417 3091 IX,
1459 3003 1840 3098 imperante
1897 3003 2178 3077 domino
2222 3013 2453 3077 nostro
2487 3001 2832 3077 Friderico
2867 3005 2964 3094 11,
3016 3024 3200 3077 anno
3241 3003 3372 3074 im-

569 3122 735 3215 perii
766 3124 919 3216 eJus
955 3124 1164 3215 XVII,
1206 3124 1405 3218 regni
1433 3126 1805 3199 Jerusalem
1835 3127 1954 3218 XI,
1985 3128 2178 3221 regni
2218 3148 2386 3201 vero
2419 3126 2652 3200 Sicilie
2685 3127 3028 3217 XXXVII,
3061 3126 3369 3200 feliciter.

562 3243 797 3317 Amen.

652 3370 901 3442 Datum
936 3369 1129 3464 apud
1162 3371 1450 3466 Spiram.

664 4052 1088 4139 Fridericus
1105 4119 1128 4163 ,
1184 4059 1704 4146 Romanorum
1757 4065 2207 4175 imperator,
2258 4065 2356 4147 ad
2401 4064 2792 4174 querelam
2834 4065 3236 4149 hominum
3280 4070 3375 4152 de

565 4183 1068 4293 Supramonte
1103 4192 1237 4300 qui
1267 4193 1365 4276 ab
1393 4194 1791 4306 Aldrigeto
1825 4198 2175 4307 episcopo
2202 4197 2641 4280 Tridentino
2674 4207 2749 4279 et
2767 4196 3372 4307 gastaldionibus

565 4313 721 4423 ejus
774 4322 1300 4408 exactionibus
1347 4326 1704 4412 indebitis
1747 4331 2265 4441 gravabantur
2311 4340 2390 4413 et
2428 4340 2734 4440 propter
2785 4330 3241 4416 solutionem
3292 4335 3374 4418 in

565 4471 857 4533 carcere
891 4479 1140 4563 usque
1157 4458 1259 4540 ad
1292 4470 1619 4544 mortem
1645 4462 2202 4573 affligebantur,
2245 4490 2446 4575 quae
2459 4465 2792 4549 rationes
2825 4466 3260 4550 moderatae
3278 4469 3377 4552 ab

563 4579 839 4664 eisdem
887 4586 1335 4674 hominibus
1369 4605 1443 4676 et
1477 4594 1578 4677 ab
1616 4594 1784 4677 aliis
1817 4595 2019 4679 villis
2054 4596 2339 4681 ibidem
2374 4598 2782 4681 nominatis
2810 4597 3166 4685 ecclesiae
3200 4601 3380 4683 Tri-

565 4710 913 4802 dentinae
958 4720 1369 4808 solvendae
1404 4729 1594 4834 sint,
1633 4727 1936 4812 diffinit.
