4500 5956
1067 566 1188 629 918
2072 563 2501 627 FRIDERICI
2551 564 2895 626 SECUNDI
2999 630 3015 648 ·
3517 568 3676 647 [Ama.
3717 569 3881 633 1236.

1068 701 1349 796 epistola
1391 710 1508 773 tua
1543 700 1941 795 responsiva
1975 701 2337 794 conjicitur
2369 721 2508 794 que
2541 700 2612 771 in
2645 700 2873 796 seipsa
2906 698 3328 794 quibusdam
3369 704 3888 796 particularibus

1071 825 1441 899 verbaliter
1490 822 1971 917 respondendo
2016 823 2208 919 quod
2263 824 2335 895 in
2383 824 2734 918 premissis
2783 825 3029 896 salsum
3079 824 3382 920 implicet
3423 827 3880 923 improbatur3

1072 951 1269 1041 cujus
1301 948 1619 1044 pollicitis
1652 949 1739 1020 de
1774 949 2236 1023 satisfactione
2266 948 2639 1044 prestanda
2675 948 3095 1042 quibusdam
3128 950 3431 1023 ecclesiis
3457 960 3527 1024 et
3553 955 3880 1047 personis,

1072 1075 1251 1145 sicut
1280 1073 1380 1144 sic
1407 1093 1540 1145 non
1583 1072 1653 1143 in
1691 1073 2177 1169 principio,sic
2208 1073 2280 1144 in
2318 1071 2455 1145 fine
2488 1094 2624 1145 non
2661 1071 3034 1164 credimus,
3054 1075 3176 1167 qui
3211 1074 3417 1146 simili
3447 1076 3888 1171 promissione

1074 1195 1348 1269 delusos
1380 1195 1724 1267 multoties
1757 1217 1880 1268 nos
1916 1194 2256 1268 dolemus.
2295 1194 2585 1288 Indigue
2610 1216 2777 1289 ergo
2809 1216 3016 1289 super
3039 1197 3599 1292 oppressionibus
3626 1200 3888 1294 predic-

1073 1331 1294 1392 tarum
1345 1319 1784 1391 ecclesiarum
1826 1329 1896 1392 et
1941 1320 2302 1392 hominum
2348 1319 2543 1412 regui
2588 1318 2659 1389 in
2706 1340 2846 1412 quo
2888 1319 3121 1392 nullus
3165 1341 3447 1392 manum
3492 1323 3602 1393 vel
3645 1322 3885 1417 pedem

1073 1444 1336 1537 absque
1384 1452 1503 1514 tuo
1555 1453 1787 1514 movet
1841 1442 2159 1538 imperio,
2216 1441 2695 1537 affirmativam
2751 1451 2981 1514 nostre
3036 1442 3522 1538 propositionis
3568 1443 3888 1537 negativa

1075 1567 1456 1660 ignorantie
1482 1564 1854 1659 imperialis
1876 1565 2232 1656 interimis,
2258 1565 2514 1660 quibus
2548 1585 2958 1637 consensum
2980 1566 3094 1637 vel
3125 1567 3462 1659 originem
3489 1566 3884 1662 prestitisse,

1076 1713 1233 1763 cum
1272 1689 1531 1760 nuntiis
1564 1698 1636 1760 et
1670 1689 1880 1760 literis
1915 1690 2306 1783 apostolicis
2340 1711 2424 1762 ac
2455 1689 2874 1761 clamoribus
2905 1710 3261 1785 passorum
3300 1690 3583 1782 injurias
3613 1711 3730 1763 eas
3760 1690 3891 1761 tuis

1075 1814 1361 1886 auribus
1407 1812 1665 1907 pluries
1716 1812 2090 1885 inculcatas
2143 1834 2286 1885 non
2349 1814 2572 1885 solum
2626 1813 2836 1903 scire,
2895 1812 3020 1886 sed
3074 1814 3280 1885 etiam
3332 1814 3535 1908 plene
3588 1814 3890 1909 potueris

1077 1934 1446 2009 emendare
1466 1989 1484 2022 ,
1528 1935 1811 2007 minime
1842 1934 2205 2008 dubitaris.
2242 1935 2449 2021 Quod
2485 1957 2579 2008 ex
2608 1936 2722 2008 illo
2752 1946 3027 2008 tuarum
3056 1936 3428 2009 litterarum
3462 1946 3700 2009 tenore
3731 1957 3890 2007 ma-

1078 2061 1325 2132 nifeste
1352 2058 1718 2152 colligitur,
1739 2060 1861 2153 qui
1889 2081 2012 2154 pro
2037 2059 2299 2152 jurium
2331 2060 2850 2133 conservatione
2883 2069 3158 2132 tuorum
3186 2069 3252 2132 te
3276 2060 3604 2133 nonnulla
3634 2060 3891 2131 immu-

1079 2193 1260 2255 tasse
1284 2182 1463 2254 circa
1495 2181 1818 2254 ecclesias
1851 2191 1921 2254 et
1956 2182 2077 2255 tibi
2101 2205 2310 2278 super
2325 2205 2466 2256 non
2484 2184 2908 2257 restituenda
2931 2183 3033 2255 eis
3053 2184 3478 2279 possessione
3501 2184 3727 2256 ablata
3745 2204 3892 2257 nos·

1081 2316 1258 2379 trum
1286 2306 1358 2378 in
1389 2307 1566 2378 facto
1595 2305 1892 2378 civitatis
1922 2305 2206 2379 Castelle
2236 2308 2599 2401 suffragari
2627 2307 3093 2401 magisterium
3118 2309 3179 2404 (l
3193 2306 3251 2404 ),
3275 2306 3686 2402 suffragatur
3710 2304 3885 2402 (sic),

1082 2453 1239 2503 cum
1283 2430 1356 2501 in
1397 2451 1604 2502 causa
1645 2439 1762 2503 tua
1799 2431 2169 2524 superioris
2202 2430 2527 2504 debueris
2554 2431 2935 2526 experiisse
2976 2440 3046 2504 et
3075 2440 3481 2527 expectasse
3504 2429 3883 2522 judicium,

1082 2555 1213 2626 nisi
1247 2555 1420 2626 forte
1453 2553 1710 2646 vulgus
1741 2551 2155 2648 respondeat
2189 2552 2381 2648 quod
2418 2554 2621 2645 juxta
2667 2554 2998 2647 placitum
3040 2554 3365 2627 terminos
3398 2574 3640 2647 regum
3680 2562 3892 2624 trans·

1080 2678 1426 2772 grederis,
1478 2676 1915 2750 dum'coutra
1953 2679 2071 2769 jus
2115 2676 2512 2770 aggrederis
2551 2678 2774 2751 officia
2818 2677 3274 2751 sacerdotum.
3322 2677 3630 2762 Qualiter
3669 2685 3890 2749 autem

1084 2813 1320 2876 contra
1345 2802 1831 2875 conscientiam
1883 2809 2220 2893 nostram,
2248 2809 2329 2871 ut
2352 2801 2633 2891 asseris,
2675 2801 3014 2896 denegata
3065 2801 3189 2873 tibi
3240 2800 3692 2895 possessionis
3732 2799 3893 2872 civi-

1085 2929 1241 3002 tatis
1274 2925 1584 3023 predicte
1631 2925 1989 3000 intentioni
2036 2923 2133 3022 (a)
2185 2934 2305 3000 tue
2345 2925 2719 3021 opituletur
2766 2925 3103 3000 restitutio
3151 2945 3290 2999 non
3333 2922 3695 3014 videmus,
3738 2944 3891 2997 cum

1084 3052 1272 3124 cives
1321 3049 1679 3123 castellani
1731 3049 1852 3144 qui
1902 3071 1979 3122 se
2027 3048 2151 3120 tihi
2200 3050 2457 3122 violato
2504 3058 2931 3123 sacramento
2978 3048 3141 3122 fidei
3197 3049 3552 3140 ignorante
3595 3047 3894 3121 Ecclesia

1085 3172 1572 3270 prodiderunt,
1640 3173 2045 3245 excellentie
2102 3182 2220 3247 tue
2282 3174 2548 3244 nullum
2604 3175 2722 3265 jus
2781 3194 2907 3268 per
2963 3173 3096 3246 hoc
3155 3172 3225 3244 in
3287 3192 3365 3245 se
3422 3170 3588 3267 ipsis
3647 3169 3895 3265 acqui-

1084 3319 1269 3386 rere,
1320 3297 1582 3368 nullum
1636 3296 1831 3368 nobis
1875 3296 2058 3368 circa
2104 3297 2636 3389 possessionem,
2696 3319 2854 3368 cum
2892 3295 3441 3388 jurisdictionem
3491 3294 3788 3367 civitatis
3830 3303 3899 3365 et

1088 3421 1345 3494 civium
1380 3419 1580 3512 quasi
1630 3416 2011 3513 possideret
2059 3418 2364 3492 Ecclesia
2384 3474 2402 3508 ‚
2444 3418 2804 3514 prodendo
2848 3428 3217 3515 potuerunt
3263 3417 3726 3515 preJudicium
3765 3437 3899 3510 ge—

1086 3567 1364 3634 nerare3
1408 3545 1586 3616 male
1642 3564 1943 3638 namque
1982 3544 2211 3638 agitur
2255 3565 2415 3617 cum
2449 3543 2751 3618 dominis
2786 3544 3218 3642 prediorum,
3263 3545 3321 3616 si
3370 3553 3557 3616 tanto
3595 3541 3897 3639 precario

1086 3668 1596 3766 possidentibus
1645 3688 1781 3739 non
1850 3664 2224 3762 requiritur
2274 3668 2728 3764 possessionis
2776 3668 3049 3741 initium
3070 3721 3092 3761 ,
3152 3667 3339 3762 leges
3394 3665 3895 3760 possessionum

1088 3804 1394 3868 evertere
1428 3801 1497 3865 et
1532 3791 1878 3866 extraneis
1915 3793 2076 3883 jura
2115 3792 2425 3865 conferre
2469 3793 2751 3865 valeant
2782 3812 3274 3888 possessorum.
3316 3790 3403 3861 Et
3435 3788 3591 3862 ideo
3621 3789 3678 3860 si
3720 3810 3898 3884 pru-

1088 3918 1328 3992 denter
1360 3916 1752 3992 adverteres
1781 3915 1972 4010 quod
1998 3916 2263 4011 liguum
2301 3918 2445 3990 vite
2477 3927 2582 3990 est
2619 3917 2692 3988 in
2726 3915 3026 4013 paradisi
3062 3913 3294 3988 medio
3328 3912 3655 4010 positum,
3695 3911 3894 3984 sicin

1091 4053 1321 4115 centro
1374 4052 1650 4113 tuorum
1711 4038 1951 4111 finium
2008 4040 2382 4135 prudenter
2416 4040 2836 4136 persisteres,
2878 4038 3069 4135 quod
3124 4058 3565 4133 nequaquam
3631 4036 3900 4108 incaute

1088 4166 1177 4240 ad
1209 4164 1589 4260 judicanda
1627 4175 1887 4238 secreta
1922 4166 2339 4240 conscientie
2372 4175 2603 4239 nostre
2635 4165 2838 4257 cujus
2871 4163 3098 4256 judex
3134 4164 3207 4235 in
3245 4165 3396 4236 celo
3438 4170 3542 4236 est
3587 4161 3900 4234 conscius

1168 4330 1254 4412 (a)
1294 4332 1407 4408 Ap.
1436 4330 1728 4409 Raynald.
1758 4330 2116 4393 intentionis.

1166 4593 1238 4667 (t)
1275 4592 1409 4650 Vide
1431 4606 1592 4665 supra
1613 4590 1903 4664 imperialis
1925 4591 2179 4666 epistolae
2204 4590 2455 4649 caudam.
2488 4590 2620 4650 llem
2643 4597 2821 4650 tamen
2843 4591 2915 4650 ab
2939 4607 3080 4650 anno
3109 4593 3247 4650 ⁴230
3269 4587 3424 4665 quasi
3460 4586 3563 4646 sub
3592 4584 3758 4659 litigio
3788 4597 3901 4642 sus·

1096 4705 1319 4768 pensam
1346 4688 1722 4764 comperimus.
1748 4687 1828 4746 Cf.
1853 4703 2038 4762 supra,
2064 4695 2103 4746 t.
2125 4690 2217 4761 111,
2236 4706 2295 4764 p.
2317 4690 2448 4749 249.
