4500 5956
542 592 734 651 hmcr.
770 584 853 669 7.]
1427 576 1826 639 HISTORIA
1877 571 2462 637 DIPLOMA'I'ICA.
3241 562 3357 626 641

643 1081 1018 1166 Henricus
1048 1142 1074 1189 ‚
1138 1081 1660 1166 Romanorum
1721 1107 1855 1165 rex
1877 1145 1901 1189 ‚
1979 1079 2428 1163 sententiam
2510 1075 2608 1159 ab
2688 1074 3009 1183 Hugone
3089 1071 3364 1155 abbate
3530 1097 3656 1196 Am

545 1212 1021 1299 Murbacensi
1072 1214 1313 1298 latam
1364 1215 1630 1298 inserit
1679 1225 1755 1297 et
1816 1213 2259 1319 confirmat,
2319 1236 2545 1320 super
2605 1204 3116 1291 controversia
3167 1230 3364 1315 quae
3439 1207 3492 1249 ¹⁶
3518 1206 3744 1251 M

544 1345 974 1431 vertebatur
1041 1348 1241 1431 inter
1308 1346 1825 1458 praepositum
1878 1358 1952 1429 et
2021 1344 2439 1454 capitulum
2494 1341 2994 1425 Solodorense
3053 1364 3145 1421 ex
3206 1363 3362 1419 una

545 1487 758 1588 parte
789 1487 869 1562 et
899 1479 1099 1564 cives
1135 1479 1678 1566 Solodorenses
1720 1506 1815 1562 ex
1849 1478 2088 1562 altera
2102 1538 2127 1583 ‚
2166 1475 2513 1561 videlicet
2544 1485 2634 1557 ut
2665 1473 2984 1583 quidam
3017 1469 3365 1553 homines

551 1608 805 1694 Sancti
857 1612 1023 1696 Ursi
1076 1614 1360 1698 eisdem
1413 1610 1845 1723 praeposito
1896 1620 1972 1693 et
2022 1608 2355 1719 capitulo
2406 1618 2482 1691 et
2532 1631 2688 1690 non
2744 1604 2874 1687 alii
2925 1605 3022 1688 de
3074 1610 3368 1685 caetero

553 1745 904 1831 serviant.

707 1956 907 2038 (Edit.
935 1974 1035 2036 ap.
1067 1957 1368 2030 Tscnunr,
1401 1955 1668 2019 Clu-onie.
1700 1954 1949 2031 Belcae„
1977 1962 2025 2017 t.
2056 1956 2108 2032 1,
2139 1972 2202 2033 p.
2237 1954 2401 2031 129.)

644 2143 1045 2234 Heinricus,
1094 2142 1338 2216 divina
1365 2143 1647 2216 favente
1691 2140 2054 2214 clementia
2081 2141 2547 2214 Romanorum
2594 2160 2721 2212 rex
2781 2160 3051 2236 semper
3093 2161 3368 2235 augus-

558 2276 704 2360 tus,
760 2266 1111 2341 universis
1144 2264 1415 2361 imperii
1470 2264 1791 2338 fidelibus
1848 2264 1921 2336 in
1954 2273 2388 2360 perpetuum.
2430 2263 2712 2337 Noverit
2768 2284 3049 2358 presens
3108 2271 3254 2337 etas
3301 2273 3372 2336 et

559 2393 782 2465 futura
807 2391 1170 2487 posteritas
1205 2389 1398 2484 quod
1427 2410 1824 2484 processum
1853 2387 2085 2461 dilecti
2133 2387 2462 2482 principis
2493 2386 2706 2458 nostri
2737 2386 3045 2479 Hugonis
3071 2408 3371 2460 venera-

559 2515 714 2588 bilis
743 2512 1220 2589 Murbacensis
1260 2512 1534 2586 abbatis
1571 2533 1782 2607 super
1814 2532 2022 2584 causa
2057 2532 2197 2605 que
2232 2510 2631 2583 vertebatur
2654 2511 2831 2581 inter
2863 2509 3175 2581 Ottonem
3212 2532 3371 2604 pre-

560 2638 852 2734 positum
896 2646 966 2709 et
1000 2637 1377 2733 capitulum
1413 2636 1866 2709 Solodorense
1888 2657 1981 2709 ex
2025 2657 2166 2709 una
2191 2644 2385 2729 parte
2428 2643 2498 2707 et
2531 2634 2718 2709 cives
2760 2632 3244 2706 Solodorenses
3273 2654 3369 2706 ex

564 2762 771 2835 altera
799 2783 1009 2858 super
1044 2761 1466 2856 quibusdam
1517 2760 1914 2833 hominibus
1964 2759 2192 2831 Sancti
2228 2759 2381 2830 Ursi
2436 2759 2609 2830 inter
2659 2757 2927 2829 Ararim
2959 2765 3028 2829 et
3065 2768 3368 2829 montem

563 2885 861 2959 Leberen
888 2884 989 2982 (a)
1023 2882 1607 2957 commorantibus
1642 2884 1910 2975 justum
1951 2889 2440 2976 cognoscentes
2459 2933 2478 2971 ‚
2537 2901 2697 2953 eum
2736 2880 3133 2955 auctoritate
3177 2881 3369 2975 regia

565 3010 1082 3097 confirmamus3
1126 3008 1329 3082 dictis
1364 3007 1638 3080 civibus
1676 3029 1887 3102 super
1916 3007 2028 3079 his
2055 3015 2469 3103 perpetuum
2511 3006 2857 3078 silentium
2895 3005 3324 3100 imponentes
3344 3057 3367 3098 ‚

562 3134 880 3207 volumus
912 3143 983 3206 et
1012 3131 1425 3205 mandamus
1443 3138 1515 3203 et
1545 3130 1677 3203 sub
1701 3130 1986 3202 obtentu
2016 3131 2235 3224 gratie
2262 3138 2492 3202 nostre
2509 3128 2931 3224 precipimus
2955 3137 3036 3200 ut
3059 3128 3373 3202 homines

567 3255 883 3329 antedicti
915 3255 1263 3351 preposito
1308 3263 1378 3327 et
1411 3253 1716 3350 capitulo
1750 3254 2144 3326 memoratis
2186 3263 2259 3328 et
2290 3274 2432 3326 non
2478 3253 2598 3327 alii
2627 3252 2719 3327 de
2764 3261 2988 3327 cetero
3020 3256 3365 3344 serviant,

564 3389 766 3476 prout
790 3380 864 3452 in
892 3379 1347 3451 instrumento
1391 3399 1603 3474 super
1634 3397 1963 3472 processu
2010 3376 2176 3450 dicti
2208 3376 2479 3450 abbatis
2513 3378 2824 3451 confecto
2855 3378 3129 3474 plenius
3155 3380 3373 3452 conti·

566 3513 799 3591 netur3
840 3505 1039 3596 cujus
1086 3512 1281 3576 tenor
1313 3502 1469 3575 talis
1504 3510 1610 3575 est
1651 3527 1670 3571 :

655 3629 885 3721 Engo,
917 3626 1045 3698 Dei
1072 3626 1293 3721 gratia
1324 3625 1797 3700 Murbacensis
1823 3624 2066 3716 abbas,
2093 3624 2438 3697 universis
2462 3634 2847 3721 presentem
2881 3627 3204 3721 paginam
3257 3627 3372 3697 in-

565 3749 896 3847 specturis
922 3748 1215 3822 salutem
1239 3750 1311 3823 in
1326 3749 1647 3822 Domino.
1678 3748 1868 3823 Scire
1896 3751 2220 3821 volumus
2240 3770 2482 3822 omnes
2498 3770 2677 3844 quos
2696 3747 2871 3822 scire
2894 3750 3097 3821 fuerit
3121 3771 3372 3845 oppor-

560 3882 809 3947 tunum
836 3873 1029 3967 quod
1065 3893 1225 3944 cum
1257 3872 1348 3947 ad
1380 3873 1774 3947 instantiam
1812 3882 1883 3946 et
1916 3873 2314 3968 petitionem
2351 3871 2615 3946 domini
2660 3872 2925 3944 Ottonis
2954 3872 3373 3945 venerabilis

553 3999 1032 4074 Solodorensis
1043 3999 1333 4072 ecclesie
1356 3998 1699 4095 prepositi
1719 4007 1789 4071 et
1820 3999 1930 4070 sui
1967 3999 2273 4094 capituli,
2305 3997 2624 4071 dominus
2660 4004 2888 4070 noster
2922 3991 3205 4069 illustris
3236 3999 3368 4071 Ro·

546 4143 926 4196 manorum
954 4143 1085 4194 rex
1120 4142 1389 4218 semper
1418 4130 1760 4217 augustus
1786 4121 1987 4195 nobis
2016 4120 2318 4194 dedisset
2358 4120 2432 4192 in
2476 4120 2819 4194 mandatis
2863 4129 2941 4192 ut
2965 4143 3176 4217 super
3201 4143 3376 4196 con-

554 4246 893 4320 troversia
923 4267 1063 4340 que
1094 4246 1272 4319 inter
1295 4245 1708 4337 Jamdictum
1734 4245 2161 4343 prepositum
2183 4254 2255 4318 et
2275 4266 2480 4317 suum
2503 4243 2883 4340 capitulum
2913 4265 3009 4320 cx
3026 4268 3168 4319 una
3182 4256 3376 4343 parte

572 4376 642 4439 et
669 4369 850 4443 cives
880 4368 1367 4442 Solodorenses
1399 4390 1495 4442 ex
1525 4370 1739 4444 altera
1770 4369 2163 4444 vertebatur
2198 4392 2324 4464 pro
2356 4368 2747 4443 hominibus
2794 4370 3024 4444 Sancti
3055 4372 3208 4444 Ursi
3249 4372 3376 4467 qui

576 4489 737 4564 citra
750 4491 1024 4565 Ararim
1054 4492 1145 4566 de
1176 4502 1371 4589 parte
1398 4493 1653 4567 montis
1682 4495 1929 4570 Lebrin
1963 4504 2492 4586 commorantur,
2533 4495 2797 4589 dejure
2828 4496 3187 4591 utriusque
3217 4518 3373 4592 par·

663 4663 744 4746 (a)
781 4668 1016 4730 Sdlicet
1038 4667 1169 4731 Am·
1194 4676 1257 4732 ct
1277 4668 1655 4754 Laches-bary.

731 4769 827 4833 IV.
870 4787 984 4833 Pu·
1007 4791 1051 4834 ς.
2980 4784 3049 4835 81
