4500 5956
1445 725 2826 871 ADDITAMENTA

1524 1008 1621 1066 An
1656 1007 1977 1078 QUAn‘rAM
2010 1007 2094 1065 ΕΤ
2127 1007 2428 1078 ΩΠῙΝΤΑΙΙ
2458 1006 2727 1063 mmm

1137 1213 1916 1322 HISTORIAE
2005 1210 3106 1319 DIPLOMATICAE.

833 1793 1244 1903 Gregorius
1316 1820 1514 1903 papa
1574 1793 1979 1902 Reginensi
2005 1853 2029 1899 ,
2086 1792 2538 1900 Mutinensi,
2603 1792 2969 1876 Brixiensi
3031 1793 3399 1902 episcopis
3460 1803 3537 1875 et

728 1924 964 2007 electo
1018 1924 1429 2010 Mantuano
1483 1925 1744 2009 scribit
1779 1925 2166 2034 quomodo
2208 1924 2634 2009 Fridericus
2648 1987 2672 2033 ,
2714 1925 3231 2009 Romanorum
3273 1924 3532 2034 impe-

725 2067 959 2165 rator,
1001 2058 1392 2168 negotium
1445 2058 1947 2142 Lombardiae
2001 2083 2141 2140 suo
2184 2057 2498 2142 arbitrio
2531 2057 2979 2142 fiducialiter
3024 2058 3522 2164 commiserit3

726 2212 1010 2298 rogans
1072 2195 1158 2271 ut
1208 2214 1387 2271 cum
1449 2189 1653 2271 idem
1707 2189 2116 2297 imperator
2167 2188 2638 2298 colloquium
2699 2189 3097 2298 pacificum
3157 2190 3534 2274 celebrare

726 2320 1105 2426 intendat,
1162 2331 1489 2405 rectores
1526 2320 1899 2405 societatis
1951 2320 2453 2405 Lombardiae
2508 2322 2606 2403 ad
2650 2322 3332 2407 reconciliationem
3369 2349 3536 2407 mo-

727 2464 957 2537 neant
989 2464 1067 2537 et
1099 2453 1492 2537 inducant.

886 2660 1077 2741 (Edit.
1110 2680 1208 2742 ap.
1241 2664 1639 2738 Tmuoscm,
1668 2666 1897 2724 Memor.
1928 2661 2187 2738 Medon„
2217 2669 2266 2727 t.
2297 2665 2403 2736 lV,
2431 2663 2690 2742 probat„
2713 2681 2774 2742 p.
2806 2673 2919 2726 106
2945 2671 3004 2726 et
3025 2674 3154 2726 107.
3178 2697 3257 2713 —-
3277 2664 3371 2727 cf.
3401 2667 3525 2728 SA-

964 2783 1158 2844 vron,
1185 2767 1409 2832 Annal.
1439 2768 1711 2853 Boloqn„
1739 2778 1786 2833 t.
1816 2772 1928 2847 111,
1958 2788 2020 2849 p.
2056 2771 2219 2848 113.)

824 2953 1229 3049 GregoriuS,
1265 2965 1433 3048 etc„
1470 2956 1983 3031 venerabilibus
2016 2956 2342 3031 fratribus
2386 3010 2403 3028 .
2439 3013 2455 3029 .
2492 3012 2509 3030 .
2554 2957 2953 3051 Reginensi‚
3000 3011 3017 3029 .
3053 3012 3071 3031 .
3108 3011 3125 3029 .
3166 2957 3539 3033 Mutinensi

727 3087 795 3152 et
834 3080 1176 3152 Brixiensi
1225 3080 1566 3175 episcopis
1601 3090 1669 3153 et
1712 3137 1728 3153 .
1769 3135 1785 3152 .
1825 3137 1840 3153 .
1882 3083 2098 3155 electo
2131 3082 2504 3153 Mantuano
2541 3083 2868 3170 salutem,
2905 3091 3037 3154 etc.
3076 3083 3189 3154 Ex
3230 3084 3541 3176 injuncte

728 3201 926 3274 nobis
957 3203 1309 3276 servitutis
1354 3204 1579 3277 officio
1615 3204 1750 3276 hiis
1790 3206 1913 3299 qui
1954 3226 2168 3299 prope
2215 3227 2299 3278 ac
2349 3204 2484 3276 hiis
2538 3206 2658 3299 qui
2708 3206 2911 3299 longe
2945 3215 3105 3278 sunt
3140 3208 3330 3301 pacis
3367 3229 3542 3281 con-

728 3326 879 3399 silia
914 3328 1331 3422 cogitantes,
1387 3328 1481 3401 ad
1520 3328 1924 3423 sopiendam
1979 3329 2425 3403 dissidiorum
2476 3329 2829 3402 materiam
2879 3330 3172 3404 libenter
3204 3342 3541 3426 quantum

729 3449 849 3523 dat
875 3452 1210 3523 Dominus
1243 3451 1668 3524 intendimus
1703 3475 1862 3524 cum
1900 3453 2183 3544 effectu,
2225 3453 2707 3527 dissidentium
2743 3455 3128 3528 voluntates
3171 3477 3299 3550 pro
3345 3478 3546 3552 posse

728 3571 817 3644 ad
848 3574 1288 3647 concordiam
1322 3575 1716 3648 revocando
1763 3585 1842 3647 ut
1889 3598 2031 3670 quo
2082 3576 2350 3669 gratius
2399 3586 2815 3671 acceptatur,
2854 3599 2939 3651 eo
2986 3578 3230 3672 fortius
3277 3600 3546 3652 conva—

731 3695 965 3769 lescat.
1008 3697 1185 3769 Hinc
1227 3706 1333 3770 est
1375 3698 1566 3792 quod
1621 3698 1837 3794 quieti
1890 3699 2230 3773 societatis
2261 3699 2671 3773 lombardie
2715 3710 2901 3773 tanto
2938 3700 3315 3776 studiosius
3369 3724 3541 3798 pro-

729 3818 967 3892 videre
1000 3820 1310 3893 volentes
1349 3830 1610 3915 quanto
1653 3822 1870 3916 ipsam
1904 3844 2034 3896 sue
2068 3821 2230 3896 fidei
2266 3832 2335 3895 et
2379 3824 2766 3897 devotionis
2805 3826 3064 3897 meritis
3104 3825 3541 3919 exigentibus

730 3943 1111 4018 dilectionis
1151 3945 1398 4019 affectu
1453 3948 1970 4041 complectimur
2029 3947 2337 4042 puriori,
2401 3947 2492 4020 ad
2541 3968 2816 4020 omnem
2874 3948 3287 4042 suspicionis
3338 3970 3543 4021 scru-

728 4067 970 4162 pulum
1003 4068 1183 4142 inter
1211 4070 1650 4142 karissimum
1688 4072 1760 4142 in
1798 4071 2064 4144 Christo
2097 4070 2317 4142 filium
2356 4080 2662 4143 nostrum
2687 4070 2798 4159 F„
2839 4072 3296 4144 Romanorum
3324 4072 3543 4168 impe·

726 4200 1017 4265 ratorem
1070 4194 1398 4266 illustrem
1454 4216 1727 4290 semper
1775 4204 2182 4289 augustum,
2219 4197 2595 4268 Jerusalem
2633 4204 2701 4267 et
2736 4189 2964 4268 Sicilie
3002 4217 3233 4290 regem
3264 4250 3284 4290 ‚
3320 4207 3390 4271 et
3420 4220 3547 4272 so-

730 4315 1044 4389 cietatem
1103 4317 1420 4391 eamdem
1480 4319 1758 4414 penitus
1804 4319 2271 4392 amovendum
2331 4321 2839 4414 interponentes
2886 4341 2979 4392 ex
3033 4321 3262 4393 animo
3319 4331 3550 4415 partes

730 4448 1023 4529 nostras,
1060 4461 1321 4534 preces,
1359 4443 1618 4514 monita
1655 4451 1725 4515 et
1757 4441 2042 4516 consilia
2076 4442 2305 4516 eidem
2342 4444 2732 4538 imperatori
2768 4444 3152 4522 direximus
3193 4455 3267 4517 ut
3300 4448 3549 4521 nostris

730 4559 1178 4658 beneplacitis
1222 4565 1668 4659 acquiescens
1712 4588 1788 4639 se
1829 4575 2058 4640 nostre
2103 4588 2314 4662 super
2370 4566 2503 4640 hoc
2547 4578 2924 4663 exponeret
2971 4569 3253 4642 arbitrio
3295 4573 3552 4643 volun-

733 4686 923 4780 tatis,
963 4688 1165 4761 nobis
1195 4688 1401 4785 plene
1436 4712 1520 4763 ac
1550 4689 1757 4785 plane
1801 4690 1975 4786 quid
2010 4687 2276 4788 [super]
2316 4692 2394 4766 id
2429 4693 2813 4767 intenderet
2847 4716 3320 4789 responsurus.
3352 4694 3550 4768 Unde

3582 1807 3721 1851 Reate
3733 1833 3749 1858 .
3767 1810 3795 1850 t
3820 1812 3867 1851 et
3887 1811 3943 1853 27

3637 1861 3897 1959 ‘aar
