<?xml version="1.0" encoding="UTF-8"?>
<!DOCTYPE html PUBLIC "-//W3C//DTD XHTML 1.0 Transitional//EN"
    "http://www.w3.org/TR/xhtml1/DTD/xhtml1-transitional.dtd">
<html xmlns="http://www.w3.org/1999/xhtml" xml:lang="en" lang="en">
 <head>
  <title>
</title>
<meta http-equiv="Content-Type" content="text/html;charset=utf-8" />
  <meta name='ocr-system' content='tesseract 3.04.00' />
  <meta name='ocr-capabilities' content='ocr_page ocr_carea ocr_par ocr_line ocrx_word'/>
</head>
<body>
  <div class='ocr_page' id='page_1' title='image "./historiadiploma00empegoog_0144.png"; bbox 0 0 4500 5956; ppageno 0'>
   <div class='ocr_carea' id='block_1_1' title="bbox 1048 508 3862 597">
    <p class='ocr_par' dir='ltr' id='par_1_1' title="bbox 1048 508 3862 597">
     <span class='ocr_line' id='line_1_1' title="bbox 1048 508 3862 597; baseline 0.001 -21"><span class='ocrx_word' id='word_1_1' title='bbox 1048 514 1168 576; x_wconf 85' lang='lat'>686</span> <span class='ocrx_word' id='word_1_2' title='bbox 2084 510 2427 573; x_wconf 75' lang='lat' dir='ltr'>mmmm</span> <span class='ocrx_word' id='word_1_3' title='bbox 2477 508 2812 571; x_wconf 75' lang='lat' dir='ltr'>sssrrmr</span> <span class='ocrx_word' id='word_1_4' title='bbox 3494 512 3653 597; x_wconf 66' lang='lat' dir='ltr'>[Anu.</span> <span class='ocrx_word' id='word_1_5' title='bbox 3691 518 3862 582; x_wconf 73' lang='lat'>1234.</span> 
     </span>
    </p>
   </div>
   <div class='ocr_carea' id='block_1_2' title="bbox 1052 644 3874 3219">
    <p class='ocr_par' dir='ltr' id='par_1_2' title="bbox 1052 644 3874 3219">
     <span class='ocr_line' id='line_1_2' title="bbox 1055 644 3872 745; baseline 0.001 -25"><span class='ocrx_word' id='word_1_6' title='bbox 1055 649 1244 744; x_wconf 80' lang='lat' dir='ltr'><strong>cipes</strong></span> <span class='ocrx_word' id='word_1_7' title='bbox 1268 657 1557 738; x_wconf 89' lang='lat' dir='ltr'>nostros,</span> <span class='ocrx_word' id='word_1_8' title='bbox 1590 647 1683 721; x_wconf 91' lang='lat' dir='ltr'>ad</span> <span class='ocrx_word' id='word_1_9' title='bbox 1712 646 1928 743; x_wconf 90' lang='lat' dir='ltr'>pedes</span> <span class='ocrx_word' id='word_1_10' title='bbox 1962 647 2337 743; x_wconf 89' lang='lat' dir='ltr'>imperialis</span> <span class='ocrx_word' id='word_1_11' title='bbox 2357 645 2724 719; x_wconf 81' lang='lat' dir='ltr'>eminentie</span> <span class='ocrx_word' id='word_1_12' title='bbox 2748 644 3065 717; x_wconf 84' lang='lat' dir='ltr'>misimus</span> <span class='ocrx_word' id='word_1_13' title='bbox 3095 645 3366 739; x_wconf 86' lang='lat' dir='ltr'>iterato,</span> <span class='ocrx_word' id='word_1_14' title='bbox 3410 650 3872 745; x_wconf 80' lang='lat' dir='ltr'>supplicantes</span> 
     </span>
     <span class='ocr_line' id='line_1_3' title="bbox 1057 769 3869 865; baseline 0.001 -22"><span class='ocrx_word' id='word_1_15' title='bbox 1057 770 1500 843; x_wconf 81' lang='lat' dir='ltr'>devotissime</span> <span class='ocrx_word' id='word_1_16' title='bbox 1531 771 1706 865; x_wconf 87' lang='lat' dir='ltr'>patri</span> <span class='ocrx_word' id='word_1_17' title='bbox 1743 780 1973 843; x_wconf 86' lang='lat' dir='ltr'>nostro</span> <span class='ocrx_word' id='word_1_18' title='bbox 2020 781 2098 842; x_wconf 92' lang='lat' dir='ltr'>ut</span> <span class='ocrx_word' id='word_1_19' title='bbox 2131 770 2516 843; x_wconf 83' lang='lat' dir='ltr'>emulorum</span> <span class='ocrx_word' id='word_1_20' title='bbox 2562 780 2947 842; x_wconf 87' lang='lat' dir='ltr'>nostrorum</span> <span class='ocrx_word' id='word_1_21' title='bbox 2991 769 3321 843; x_wconf 79' lang='lat' dir='ltr'>relatibus</span> <span class='ocrx_word' id='word_1_22' title='bbox 3372 771 3699 846; x_wconf 91' lang='lat' dir='ltr'>credulus</span> <span class='ocrx_word' id='word_1_23' title='bbox 3735 796 3869 847; x_wconf 92' lang='lat' dir='ltr'>non</span> 
     </span>
     <span class='ocr_line' id='line_1_4' title="bbox 1054 890 3871 990; baseline 0.001 -24"><span class='ocrx_word' id='word_1_24' title='bbox 1054 895 1360 966; x_wconf 83' lang='lat' dir='ltr'>existens</span> <span class='ocrx_word' id='word_1_25' title='bbox 1394 893 1669 965; x_wconf 85' lang='lat' dir='ltr'>filialem</span> <span class='ocrx_word' id='word_1_26' title='bbox 1698 894 2132 969; x_wconf 88' lang='lat' dir='ltr'>devotionem</span> <span class='ocrx_word' id='word_1_27' title='bbox 2162 916 2202 966; x_wconf 87' lang='lat' dir='ltr'>a</span> <span class='ocrx_word' id='word_1_28' title='bbox 2227 902 2506 990; x_wconf 87' lang='lat' dir='ltr'>paterne</span> <span class='ocrx_word' id='word_1_29' title='bbox 2532 890 2917 965; x_wconf 84' lang='lat' dir='ltr'>dilectionis</span> <span class='ocrx_word' id='word_1_30' title='bbox 2942 894 3161 984; x_wconf 80' lang='lat' dir='ltr'>gratia</span> <span class='ocrx_word' id='word_1_31' title='bbox 3182 914 3322 966; x_wconf 91' lang='lat' dir='ltr'>non</span> <span class='ocrx_word' id='word_1_32' title='bbox 3348 892 3697 966; x_wconf 86' lang='lat' dir='ltr'>excludat.</span> <span class='ocrx_word' id='word_1_33' title='bbox 3733 898 3871 969; x_wconf 90' lang='lat' dir='ltr'>Hec</span> 
     </span>
     <span class='ocr_line' id='line_1_5' title="bbox 1056 1014 3870 1115; baseline 0.001 -26"><span class='ocrx_word' id='word_1_34' title='bbox 1056 1020 1247 1090; x_wconf 87' lang='lat' dir='ltr'>salva</span> <span class='ocrx_word' id='word_1_35' title='bbox 1285 1019 1502 1111; x_wconf 84' lang='lat' dir='ltr'>gratia</span> <span class='ocrx_word' id='word_1_36' title='bbox 1540 1018 1953 1090; x_wconf 85' lang='lat' dir='ltr'>serenissimi</span> <span class='ocrx_word' id='word_1_37' title='bbox 1985 1018 2197 1112; x_wconf 85' lang='lat' dir='ltr'>patris</span> <span class='ocrx_word' id='word_1_38' title='bbox 2232 1018 2448 1090; x_wconf 86' lang='lat' dir='ltr'>nostri</span> <span class='ocrx_word' id='word_1_39' title='bbox 2485 1016 2692 1089; x_wconf 85' lang='lat' dir='ltr'>scribi</span> <span class='ocrx_word' id='word_1_40' title='bbox 2726 1014 3016 1091; x_wconf 83' lang='lat' dir='ltr'>fecimus</span> <span class='ocrx_word' id='word_1_41' title='bbox 3037 1038 3173 1092; x_wconf 88' lang='lat' dir='ltr'>non</span> <span class='ocrx_word' id='word_1_42' title='bbox 3212 1018 3285 1089; x_wconf 89' lang='lat' dir='ltr'>in</span> <span class='ocrx_word' id='word_1_43' title='bbox 3311 1020 3595 1092; x_wconf 90' lang='lat' dir='ltr'>modum</span> <span class='ocrx_word' id='word_1_44' title='bbox 3628 1021 3870 1115; x_wconf 89' lang='lat' dir='ltr'>queri-</span> 
     </span>
     <span class='ocr_line' id='line_1_6' title="bbox 1052 1138 3867 1235; baseline 0.001 -23"><span class='ocrx_word' id='word_1_45' title='bbox 1052 1142 1280 1213; x_wconf 91' lang='lat' dir='ltr'>monie</span> <span class='ocrx_word' id='word_1_46' title='bbox 1302 1150 1372 1212; x_wconf 90' lang='lat' dir='ltr'>et</span> <span class='ocrx_word' id='word_1_47' title='bbox 1405 1142 1716 1234; x_wconf 88' lang='lat' dir='ltr'>querele,</span> <span class='ocrx_word' id='word_1_48' title='bbox 1760 1141 1887 1214; x_wconf 89' lang='lat' dir='ltr'>sed</span> <span class='ocrx_word' id='word_1_49' title='bbox 1921 1142 2278 1215; x_wconf 90' lang='lat' dir='ltr'>recitando</span> <span class='ocrx_word' id='word_1_50' title='bbox 2305 1163 2390 1213; x_wconf 88' lang='lat' dir='ltr'>ea</span> <span class='ocrx_word' id='word_1_51' title='bbox 2416 1141 2659 1213; x_wconf 88' lang='lat' dir='ltr'>leviter</span> <span class='ocrx_word' id='word_1_52' title='bbox 2682 1150 2751 1211; x_wconf 91' lang='lat' dir='ltr'>et</span> <span class='ocrx_word' id='word_1_53' title='bbox 2787 1138 2878 1212; x_wconf 92' lang='lat' dir='ltr'>de</span> <span class='ocrx_word' id='word_1_54' title='bbox 2913 1140 3158 1234; x_wconf 81' lang='lat' dir='ltr'>plan03</span> <span class='ocrx_word' id='word_1_55' title='bbox 3213 1151 3531 1235; x_wconf 78' lang='lat' dir='ltr'>rogantes</span> <span class='ocrx_word' id='word_1_56' title='bbox 3565 1142 3867 1215; x_wconf 84' lang='lat' dir='ltr'>attentis-</span> 
     </span>
     <span class='ocr_line' id='line_1_7' title="bbox 1053 1262 3872 1358; baseline 0 -22"><span class='ocrx_word' id='word_1_57' title='bbox 1053 1265 1224 1336; x_wconf 87' lang='lat' dir='ltr'>sime</span> <span class='ocrx_word' id='word_1_58' title='bbox 1260 1274 1328 1337; x_wconf 91' lang='lat' dir='ltr'>et</span> <span class='ocrx_word' id='word_1_59' title='bbox 1362 1274 1722 1336; x_wconf 87' lang='lat' dir='ltr'>monentes</span> <span class='ocrx_word' id='word_1_60' title='bbox 1754 1262 2193 1358; x_wconf 87' lang='lat' dir='ltr'>prudentiam</span> <span class='ocrx_word' id='word_1_61' title='bbox 2230 1274 2418 1336; x_wconf 81' lang='lat' dir='ltr'>tuam</span> <span class='ocrx_word' id='word_1_62' title='bbox 2452 1263 2542 1335; x_wconf 94' lang='lat' dir='ltr'>de</span> <span class='ocrx_word' id='word_1_63' title='bbox 2562 1283 2702 1356; x_wconf 89' lang='lat' dir='ltr'>qua</span> <span class='ocrx_word' id='word_1_64' title='bbox 2737 1262 3197 1335; x_wconf 87' lang='lat' dir='ltr'>indubitatam</span> <span class='ocrx_word' id='word_1_65' title='bbox 3235 1262 3558 1337; x_wconf 87' lang='lat' dir='ltr'>fiduciam</span> <span class='ocrx_word' id='word_1_66' title='bbox 3587 1266 3872 1337; x_wconf 90' lang='lat' dir='ltr'>obtine-</span> 
     </span>
     <span class='ocr_line' id='line_1_8' title="bbox 1054 1386 3863 1482; baseline 0 -24"><span class='ocrx_word' id='word_1_67' title='bbox 1054 1411 1243 1477; x_wconf 89' lang='lat' dir='ltr'>mus,</span> <span class='ocrx_word' id='word_1_68' title='bbox 1287 1386 1480 1482; x_wconf 91' lang='lat' dir='ltr'>quod</span> <span class='ocrx_word' id='word_1_69' title='bbox 1510 1398 1583 1458; x_wconf 90' lang='lat' dir='ltr'>tu</span> <span class='ocrx_word' id='word_1_70' title='bbox 1618 1397 1685 1460; x_wconf 92' lang='lat' dir='ltr'>et</span> <span class='ocrx_word' id='word_1_71' title='bbox 1708 1388 1825 1459; x_wconf 88' lang='lat' dir='ltr'>alii</span> <span class='ocrx_word' id='word_1_72' title='bbox 1857 1388 2201 1481; x_wconf 88' lang='lat' dir='ltr'>principes</span> <span class='ocrx_word' id='word_1_73' title='bbox 2221 1440 2239 1475; x_wconf 98' lang='lat'>,</span> <span class='ocrx_word' id='word_1_74' title='bbox 2283 1407 2443 1457; x_wconf 92' lang='lat' dir='ltr'>cum</span> <span class='ocrx_word' id='word_1_75' title='bbox 2473 1386 2836 1480; x_wconf 92' lang='lat' dir='ltr'>imperium</span> <span class='ocrx_word' id='word_1_76' title='bbox 2858 1387 3162 1458; x_wconf 87' lang='lat' dir='ltr'>maxime</span> <span class='ocrx_word' id='word_1_77' title='bbox 3185 1388 3512 1460; x_wconf 89' lang='lat' dir='ltr'>consistat</span> <span class='ocrx_word' id='word_1_78' title='bbox 3538 1389 3611 1460; x_wconf 94' lang='lat' dir='ltr'>in</span> <span class='ocrx_word' id='word_1_79' title='bbox 3639 1390 3863 1474; x_wconf 84' lang='lat' dir='ltr'>vobis,</span> 
     </span>
     <span class='ocr_line' id='line_1_9' title="bbox 1054 1511 3867 1608; baseline 0.001 -25"><span class='ocrx_word' id='word_1_80' title='bbox 1054 1512 1233 1584; x_wconf 88' lang='lat' dir='ltr'>detis</span> <span class='ocrx_word' id='word_1_81' title='bbox 1268 1513 1632 1584; x_wconf 87' lang='lat' dir='ltr'>consilium</span> <span class='ocrx_word' id='word_1_82' title='bbox 1662 1521 2079 1607; x_wconf 91' lang='lat' dir='ltr'>oportunum</span> <span class='ocrx_word' id='word_1_83' title='bbox 2116 1512 2411 1605; x_wconf 85' lang='lat' dir='ltr'>qualiter</span> <span class='ocrx_word' id='word_1_84' title='bbox 2446 1512 2813 1608; x_wconf 88' lang='lat' dir='ltr'>imperium</span> <span class='ocrx_word' id='word_1_85' title='bbox 2847 1518 2919 1583; x_wconf 89' lang='lat' dir='ltr'>et</span> <span class='ocrx_word' id='word_1_86' title='bbox 2959 1511 3220 1584; x_wconf 90' lang='lat' dir='ltr'>subditi</span> <span class='ocrx_word' id='word_1_87' title='bbox 3249 1512 3538 1607; x_wconf 89' lang='lat' dir='ltr'>imperio</span> <span class='ocrx_word' id='word_1_88' title='bbox 3568 1515 3641 1584; x_wconf 92' lang='lat' dir='ltr'>in</span> <span class='ocrx_word' id='word_1_89' title='bbox 3682 1523 3867 1585; x_wconf 90' lang='lat' dir='ltr'>tran·</span> 
     </span>
     <span class='ocr_line' id='line_1_10' title="bbox 1053 1634 3871 1731; baseline 0.001 -26"><span class='ocrx_word' id='word_1_90' title='bbox 1053 1636 1392 1728; x_wconf 85' lang='lat' dir='ltr'>quillitate</span> <span class='ocrx_word' id='word_1_91' title='bbox 1418 1645 1487 1706; x_wconf 89' lang='lat' dir='ltr'>et</span> <span class='ocrx_word' id='word_1_92' title='bbox 1513 1656 1682 1729; x_wconf 91' lang='lat' dir='ltr'>pace</span> <span class='ocrx_word' id='word_1_93' title='bbox 1707 1646 2186 1731; x_wconf 86' lang='lat' dir='ltr'>permaneant,</span> <span class='ocrx_word' id='word_1_94' title='bbox 2224 1643 2295 1707; x_wconf 92' lang='lat' dir='ltr'>et</span> <span class='ocrx_word' id='word_1_95' title='bbox 2318 1634 2510 1728; x_wconf 90' lang='lat' dir='ltr'>quod</span> <span class='ocrx_word' id='word_1_96' title='bbox 2537 1634 3013 1708; x_wconf 89' lang='lat' dir='ltr'>serenissimus</span> <span class='ocrx_word' id='word_1_97' title='bbox 3040 1644 3231 1729; x_wconf 88' lang='lat' dir='ltr'>pater</span> <span class='ocrx_word' id='word_1_98' title='bbox 3255 1645 3485 1708; x_wconf 88' lang='lat' dir='ltr'>noster</span> <span class='ocrx_word' id='word_1_99' title='bbox 3516 1645 3586 1709; x_wconf 91' lang='lat' dir='ltr'>et</span> <span class='ocrx_word' id='word_1_100' title='bbox 3615 1657 3739 1709; x_wconf 87' lang='lat' dir='ltr'>vos</span> <span class='ocrx_word' id='word_1_101' title='bbox 3771 1637 3871 1708; x_wconf 92' lang='lat' dir='ltr'>sic</span> 
     </span>
     <span class='ocr_line' id='line_1_11' title="bbox 1056 1758 3870 1853; baseline 0 -23"><span class='ocrx_word' id='word_1_102' title='bbox 1056 1780 1182 1832; x_wconf 89' lang='lat' dir='ltr'>nos</span> <span class='ocrx_word' id='word_1_103' title='bbox 1213 1758 1305 1830; x_wconf 88' lang='lat' dir='ltr'>ad</span> <span class='ocrx_word' id='word_1_104' title='bbox 1344 1758 1642 1831; x_wconf 88' lang='lat' dir='ltr'>invicem</span> <span class='ocrx_word' id='word_1_105' title='bbox 1673 1760 1985 1832; x_wconf 84' lang='lat' dir='ltr'>habeatis</span> <span class='ocrx_word' id='word_1_106' title='bbox 2006 1759 2198 1853; x_wconf 94' lang='lat' dir='ltr'>quod</span> <span class='ocrx_word' id='word_1_107' title='bbox 2225 1780 2364 1831; x_wconf 96' lang='lat' dir='ltr'>non</span> <span class='ocrx_word' id='word_1_108' title='bbox 2390 1759 2614 1831; x_wconf 89' lang='lat' dir='ltr'>solum</span> <span class='ocrx_word' id='word_1_109' title='bbox 2637 1759 2769 1853; x_wconf 89' lang='lat' dir='ltr'>ipsi</span> <span class='ocrx_word' id='word_1_110' title='bbox 2800 1767 2870 1831; x_wconf 89' lang='lat' dir='ltr'>et</span> <span class='ocrx_word' id='word_1_111' title='bbox 2892 1758 3128 1851; x_wconf 88' lang='lat' dir='ltr'>vobis,</span> <span class='ocrx_word' id='word_1_112' title='bbox 3167 1760 3291 1832; x_wconf 88' lang='lat' dir='ltr'>sed</span> <span class='ocrx_word' id='word_1_113' title='bbox 3322 1762 3526 1833; x_wconf 88' lang='lat' dir='ltr'>etiam</span> <span class='ocrx_word' id='word_1_114' title='bbox 3548 1760 3870 1832; x_wconf 91' lang='lat' dir='ltr'>omnibus</span> 
     </span>
     <span class='ocr_line' id='line_1_12' title="bbox 1056 1881 3868 1978; baseline -0 -24"><span class='ocrx_word' id='word_1_115' title='bbox 1056 1882 1351 1955; x_wconf 88' lang='lat' dir='ltr'>subditis</span> <span class='ocrx_word' id='word_1_116' title='bbox 1392 1883 1678 1977; x_wconf 89' lang='lat' dir='ltr'>imperio</span> <span class='ocrx_word' id='word_1_117' title='bbox 1728 1883 1931 1955; x_wconf 84' lang='lat' dir='ltr'>cedat</span> <span class='ocrx_word' id='word_1_118' title='bbox 1966 1883 2059 1955; x_wconf 91' lang='lat' dir='ltr'>ad</span> <span class='ocrx_word' id='word_1_119' title='bbox 2096 1881 2536 1955; x_wconf 90' lang='lat' dir='ltr'>commodum</span> <span class='ocrx_word' id='word_1_120' title='bbox 2582 1890 2654 1954; x_wconf 92' lang='lat' dir='ltr'>et</span> <span class='ocrx_word' id='word_1_121' title='bbox 2685 1882 3050 1974; x_wconf 89' lang='lat' dir='ltr'>honorem,</span> <span class='ocrx_word' id='word_1_122' title='bbox 3111 1891 3180 1953; x_wconf 92' lang='lat' dir='ltr'>et</span> <span class='ocrx_word' id='word_1_123' title='bbox 3214 1883 3609 1978; x_wconf 87' lang='lat' dir='ltr'>supplicetis</span> <span class='ocrx_word' id='word_1_124' title='bbox 3645 1882 3868 1954; x_wconf 92' lang='lat' dir='ltr'>eidem</span> 
     </span>
     <span class='ocr_line' id='line_1_13' title="bbox 1055 2005 3870 2100; baseline 0 -23"><span class='ocrx_word' id='word_1_125' title='bbox 1055 2028 1196 2077; x_wconf 88' lang='lat' dir='ltr'>una</span> <span class='ocrx_word' id='word_1_126' title='bbox 1223 2006 1584 2078; x_wconf 88' lang='lat' dir='ltr'>nobiscum</span> <span class='ocrx_word' id='word_1_127' title='bbox 1607 2007 1959 2078; x_wconf 88' lang='lat' dir='ltr'>humiliter</span> <span class='ocrx_word' id='word_1_128' title='bbox 1982 2016 2051 2078; x_wconf 87' lang='lat' dir='ltr'>et</span> <span class='ocrx_word' id='word_1_129' title='bbox 2087 2007 2338 2079; x_wconf 89' lang='lat' dir='ltr'>devote</span> <span class='ocrx_word' id='word_1_130' title='bbox 2360 2007 2554 2100; x_wconf 94' lang='lat' dir='ltr'>quod</span> <span class='ocrx_word' id='word_1_131' title='bbox 2582 2006 2910 2078; x_wconf 89' lang='lat' dir='ltr'>bonorem</span> <span class='ocrx_word' id='word_1_132' title='bbox 2932 2014 3266 2093; x_wconf 89' lang='lat' dir='ltr'>nostrum,</span> <span class='ocrx_word' id='word_1_133' title='bbox 3302 2028 3509 2100; x_wconf 91' lang='lat' dir='ltr'>quem</span> <span class='ocrx_word' id='word_1_134' title='bbox 3538 2005 3628 2079; x_wconf 92' lang='lat' dir='ltr'>de</span> <span class='ocrx_word' id='word_1_135' title='bbox 3653 2006 3870 2100; x_wconf 84' lang='lat' dir='ltr'>gratia</span> 
     </span>
     <span class='ocr_line' id='line_1_14' title="bbox 1054 2129 3863 2224; baseline 0 -23"><span class='ocrx_word' id='word_1_136' title='bbox 1054 2129 1181 2201; x_wconf 91' lang='lat' dir='ltr'>Dei</span> <span class='ocrx_word' id='word_1_137' title='bbox 1210 2130 1696 2224; x_wconf 89' lang='lat' dir='ltr'>omnipotentis</span> <span class='ocrx_word' id='word_1_138' title='bbox 1717 2140 1786 2202; x_wconf 86' lang='lat' dir='ltr'>et</span> <span class='ocrx_word' id='word_1_139' title='bbox 1821 2153 1951 2203; x_wconf 91' lang='lat' dir='ltr'>sua</span> <span class='ocrx_word' id='word_1_140' title='bbox 1978 2130 2232 2204; x_wconf 89' lang='lat' dir='ltr'>habere</span> <span class='ocrx_word' id='word_1_141' title='bbox 2254 2130 2704 2219; x_wconf 91' lang='lat' dir='ltr'>dinoscimur,</span> <span class='ocrx_word' id='word_1_142' title='bbox 2728 2129 2799 2200; x_wconf 93' lang='lat' dir='ltr'>in</span> <span class='ocrx_word' id='word_1_143' title='bbox 2817 2131 3010 2203; x_wconf 89' lang='lat' dir='ltr'>nullo</span> <span class='ocrx_word' id='word_1_144' title='bbox 3035 2130 3375 2203; x_wconf 85' lang='lat' dir='ltr'>diminuat</span> <span class='ocrx_word' id='word_1_145' title='bbox 3387 2131 3502 2202; x_wconf 84' lang='lat' dir='ltr'>vel</span> <span class='ocrx_word' id='word_1_146' title='bbox 3529 2131 3863 2202; x_wconf 89' lang='lat' dir='ltr'>immutet.</span> 
     </span>
     <span class='ocr_line' id='line_1_15' title="bbox 1052 2254 3864 2349; baseline -0 -24"><span class='ocrx_word' id='word_1_147' title='bbox 1052 2254 1262 2325; x_wconf 90' lang='lat' dir='ltr'>Novit</span> <span class='ocrx_word' id='word_1_148' title='bbox 1292 2275 1460 2325; x_wconf 88' lang='lat' dir='ltr'>vero</span> <span class='ocrx_word' id='word_1_149' title='bbox 1497 2254 1610 2327; x_wconf 81' lang='lat' dir='ltr'>ille</span> <span class='ocrx_word' id='word_1_150' title='bbox 1642 2255 1763 2347; x_wconf 89' lang='lat' dir='ltr'>qui</span> <span class='ocrx_word' id='word_1_151' title='bbox 1801 2255 1972 2326; x_wconf 89' lang='lat' dir='ltr'>nihil</span> <span class='ocrx_word' id='word_1_152' title='bbox 2005 2255 2281 2345; x_wconf 80' lang='lat' dir='ltr'>ignorat</span> <span class='ocrx_word' id='word_1_153' title='bbox 2316 2262 2387 2326; x_wconf 89' lang='lat' dir='ltr'>et</span> <span class='ocrx_word' id='word_1_154' title='bbox 2429 2254 2553 2349; x_wconf 92' lang='lat' dir='ltr'>qui</span> <span class='ocrx_word' id='word_1_155' title='bbox 2590 2263 2926 2327; x_wconf 88' lang='lat' dir='ltr'>scrutator</span> <span class='ocrx_word' id='word_1_156' title='bbox 2969 2254 3284 2327; x_wconf 91' lang='lat' dir='ltr'>cordium</span> <span class='ocrx_word' id='word_1_157' title='bbox 3335 2262 3441 2325; x_wconf 89' lang='lat' dir='ltr'>est</span> <span class='ocrx_word' id='word_1_158' title='bbox 3490 2264 3561 2325; x_wconf 90' lang='lat' dir='ltr'>et</span> <span class='ocrx_word' id='word_1_159' title='bbox 3596 2275 3864 2343; x_wconf 91' lang='lat' dir='ltr'>rerum,</span> 
     </span>
     <span class='ocr_line' id='line_1_16' title="bbox 1058 2376 3868 2473; baseline 0.001 -26"><span class='ocrx_word' id='word_1_160' title='bbox 1058 2387 1397 2449; x_wconf 86' lang='lat' dir='ltr'>noverunt</span> <span class='ocrx_word' id='word_1_161' title='bbox 1425 2387 1494 2450; x_wconf 92' lang='lat' dir='ltr'>et</span> <span class='ocrx_word' id='word_1_162' title='bbox 1521 2376 1925 2451; x_wconf 86' lang='lat' dir='ltr'>Alamannie</span> <span class='ocrx_word' id='word_1_163' title='bbox 1971 2379 2317 2473; x_wconf 89' lang='lat' dir='ltr'>principes</span> <span class='ocrx_word' id='word_1_164' title='bbox 2360 2378 2704 2468; x_wconf 86' lang='lat' dir='ltr'>universi,</span> <span class='ocrx_word' id='word_1_165' title='bbox 2761 2378 3150 2472; x_wconf 85' lang='lat' dir='ltr'>specialiter</span> <span class='ocrx_word' id='word_1_166' title='bbox 3198 2377 3294 2448; x_wconf 85' lang='lat' dir='ltr'>illi</span> <span class='ocrx_word' id='word_1_167' title='bbox 3349 2377 3471 2470; x_wconf 92' lang='lat' dir='ltr'>qui</span> <span class='ocrx_word' id='word_1_168' title='bbox 3523 2376 3595 2447; x_wconf 93' lang='lat' dir='ltr'>in</span> <span class='ocrx_word' id='word_1_169' title='bbox 3639 2385 3868 2449; x_wconf 89' lang='lat' dir='ltr'>nostro</span> 
     </span>
     <span class='ocr_line' id='line_1_17' title="bbox 1053 2498 3873 2600; baseline 0 -26"><span class='ocrx_word' id='word_1_170' title='bbox 1053 2502 1264 2575; x_wconf 86' lang='lat' dir='ltr'>latere</span> <span class='ocrx_word' id='word_1_171' title='bbox 1286 2512 1449 2573; x_wconf 88' lang='lat' dir='ltr'>sunt</span> <span class='ocrx_word' id='word_1_172' title='bbox 1477 2503 1903 2595; x_wconf 79' lang='lat' dir='ltr'>frequenter,</span> <span class='ocrx_word' id='word_1_173' title='bbox 1945 2501 2135 2595; x_wconf 92' lang='lat' dir='ltr'>quod</span> <span class='ocrx_word' id='word_1_174' title='bbox 2161 2510 2521 2596; x_wconf 87' lang='lat' dir='ltr'>postquam</span> <span class='ocrx_word' id='word_1_175' title='bbox 2553 2524 2596 2574; x_wconf 90' lang='lat' dir='ltr'>a</span> <span class='ocrx_word' id='word_1_176' title='bbox 2623 2511 2854 2574; x_wconf 88' lang='lat' dir='ltr'>tenera</span> <span class='ocrx_word' id='word_1_177' title='bbox 2880 2511 3062 2575; x_wconf 85' lang='lat' dir='ltr'>etate</span> <span class='ocrx_word' id='word_1_178' title='bbox 3088 2501 3499 2574; x_wconf 87' lang='lat' dir='ltr'>recessimus</span> <span class='ocrx_word' id='word_1_179' title='bbox 3536 2498 3659 2600; x_wconf 83' lang='lat' dir='ltr'>[et]</span> <span class='ocrx_word' id='word_1_180' title='bbox 3696 2502 3873 2574; x_wconf 90' lang='lat' dir='ltr'>inter</span> 
     </span>
     <span class='ocr_line' id='line_1_18' title="bbox 1055 2625 3874 2718; baseline -0 -19"><span class='ocrx_word' id='word_1_181' title='bbox 1055 2627 1313 2699; x_wconf 90' lang='lat' dir='ltr'>bonum</span> <span class='ocrx_word' id='word_1_182' title='bbox 1351 2634 1420 2697; x_wconf 88' lang='lat' dir='ltr'>et</span> <span class='ocrx_word' id='word_1_183' title='bbox 1449 2627 1744 2717; x_wconf 90' lang='lat' dir='ltr'>malum,</span> <span class='ocrx_word' id='word_1_184' title='bbox 1783 2647 2042 2718; x_wconf 90' lang='lat' dir='ltr'>equum</span> <span class='ocrx_word' id='word_1_185' title='bbox 2084 2636 2154 2697; x_wconf 92' lang='lat' dir='ltr'>et</span> <span class='ocrx_word' id='word_1_186' title='bbox 2192 2626 2544 2718; x_wconf 91' lang='lat' dir='ltr'>iniquum,</span> <span class='ocrx_word' id='word_1_187' title='bbox 2596 2626 2860 2717; x_wconf 90' lang='lat' dir='ltr'>justum</span> <span class='ocrx_word' id='word_1_188' title='bbox 2899 2634 2969 2698; x_wconf 88' lang='lat' dir='ltr'>et</span> <span class='ocrx_word' id='word_1_189' title='bbox 2997 2626 3371 2717; x_wconf 87' lang='lat' dir='ltr'>injustum,</span> <span class='ocrx_word' id='word_1_190' title='bbox 3411 2625 3775 2698; x_wconf 91' lang='lat' dir='ltr'>honestum</span> <span class='ocrx_word' id='word_1_191' title='bbox 3803 2635 3874 2698; x_wconf 87' lang='lat' dir='ltr'>et</span> 
     </span>
     <span class='ocr_line' id='line_1_19' title="bbox 1052 2749 3871 2845; baseline -0 -24"><span class='ocrx_word' id='word_1_192' title='bbox 1052 2750 1282 2821; x_wconf 89' lang='lat' dir='ltr'>minus</span> <span class='ocrx_word' id='word_1_193' title='bbox 1312 2750 1676 2822; x_wconf 89' lang='lat' dir='ltr'>honestum</span> <span class='ocrx_word' id='word_1_194' title='bbox 1716 2750 2109 2824; x_wconf 89' lang='lat' dir='ltr'>discernere</span> <span class='ocrx_word' id='word_1_195' title='bbox 2153 2759 2586 2845; x_wconf 86' lang='lat' dir='ltr'>poteramus,</span> <span class='ocrx_word' id='word_1_196' title='bbox 2623 2770 2981 2844; x_wconf 89' lang='lat' dir='ltr'>nunquam</span> <span class='ocrx_word' id='word_1_197' title='bbox 3010 2749 3280 2843; x_wconf 91' lang='lat' dir='ltr'>aliquid</span> <span class='ocrx_word' id='word_1_198' title='bbox 3304 2770 3546 2823; x_wconf 89' lang='lat' dir='ltr'>eorum</span> <span class='ocrx_word' id='word_1_199' title='bbox 3584 2750 3871 2822; x_wconf 82' lang='lat' dir='ltr'>fecimus</span> 
     </span>
     <span class='ocr_line' id='line_1_20' title="bbox 1056 2872 3874 2970; baseline -0.001 -26"><span class='ocrx_word' id='word_1_200' title='bbox 1056 2893 1150 2944; x_wconf 83' lang='lat' dir='ltr'>ex</span> <span class='ocrx_word' id='word_1_201' title='bbox 1178 2881 1361 2946; x_wconf 86' lang='lat' dir='ltr'>certa</span> <span class='ocrx_word' id='word_1_202' title='bbox 1391 2875 1674 2947; x_wconf 85' lang='lat' dir='ltr'>scientia</span> <span class='ocrx_word' id='word_1_203' title='bbox 1704 2875 1811 2946; x_wconf 88' lang='lat' dir='ltr'>vel</span> <span class='ocrx_word' id='word_1_204' title='bbox 1840 2896 1934 2947; x_wconf 84' lang='lat' dir='ltr'>ex</span> <span class='ocrx_word' id='word_1_205' title='bbox 1966 2874 2199 2947; x_wconf 91' lang='lat' dir='ltr'>animo</span> <span class='ocrx_word' id='word_1_206' title='bbox 2225 2895 2366 2968; x_wconf 90' lang='lat' dir='ltr'>que</span> <span class='ocrx_word' id='word_1_207' title='bbox 2393 2872 2725 2947; x_wconf 90' lang='lat' dir='ltr'>deberent</span> <span class='ocrx_word' id='word_1_208' title='bbox 2749 2884 3032 2970; x_wconf 89' lang='lat' dir='ltr'>paterno</span> <span class='ocrx_word' id='word_1_209' title='bbox 3061 2875 3338 2948; x_wconf 83' lang='lat' dir='ltr'>affectui</span> <span class='ocrx_word' id='word_1_210' title='bbox 3367 2873 3729 2969; x_wconf 87' lang='lat' dir='ltr'>displicere</span> <span class='ocrx_word' id='word_1_211' title='bbox 3751 2881 3874 2946; x_wconf 90' lang='lat' dir='ltr'>aut</span> 
     </span>
     <span class='ocr_line' id='line_1_21' title="bbox 1052 2997 3150 3094; baseline 0.001 -26"><span class='ocrx_word' id='word_1_212' title='bbox 1052 2997 1257 3069; x_wconf 89' lang='lat' dir='ltr'>etiam</span> <span class='ocrx_word' id='word_1_213' title='bbox 1292 3020 1432 3091; x_wconf 92' lang='lat' dir='ltr'>que</span> <span class='ocrx_word' id='word_1_214' title='bbox 1469 2998 1817 3072; x_wconf 87' lang='lat' dir='ltr'>offendere</span> <span class='ocrx_word' id='word_1_215' title='bbox 1844 3008 2123 3094; x_wconf 89' lang='lat' dir='ltr'>possent</span> <span class='ocrx_word' id='word_1_216' title='bbox 2158 2999 2669 3094; x_wconf 88' lang='lat' dir='ltr'>imperatoriam</span> <span class='ocrx_word' id='word_1_217' title='bbox 2700 3001 3150 3091; x_wconf 86' lang='lat' dir='ltr'>majestatem.</span> 
     </span>
     <span class='ocr_line' id='line_1_22' title="bbox 1149 3122 2938 3219; baseline 0.003 -29"><span class='ocrx_word' id='word_1_218' title='bbox 1149 3122 1400 3192; x_wconf 84' lang='lat' dir='ltr'>Datum</span> <span class='ocrx_word' id='word_1_219' title='bbox 1430 3122 1619 3219; x_wconf 85' lang='lat' dir='ltr'>apud</span> <span class='ocrx_word' id='word_1_220' title='bbox 1654 3123 2094 3216; x_wconf 80' lang='lat' dir='ltr'>Ezzelingen‚</span> <span class='ocrx_word' id='word_1_221' title='bbox 2141 3125 2228 3195; x_wconf 91' lang='lat' dir='ltr'>IV</span> <span class='ocrx_word' id='word_1_222' title='bbox 2265 3144 2482 3197; x_wconf 89' lang='lat' dir='ltr'>nonas</span> <span class='ocrx_word' id='word_1_223' title='bbox 2507 3123 2938 3219; x_wconf 88' lang='lat' dir='ltr'>septembris.</span> 
     </span>
    </p>
   </div>
   <div class='ocr_carea' id='block_1_3' title="bbox 673 3654 3872 4697">
    <p class='ocr_par' dir='ltr' id='par_1_3' title="bbox 673 3654 3872 4697">
     <span class='ocr_line' id='line_1_23' title="bbox 673 3654 3869 3769; baseline -0.001 -26"><span class='ocrx_word' id='word_1_224' title='bbox 673 3700 970 3755; x_wconf 56' lang='lat' dir='ltr'>tapam,</span> <span class='ocrx_word' id='word_1_225' title='bbox 1158 3658 1314 3741; x_wconf 87' lang='lat' dir='ltr'>Rex</span> <span class='ocrx_word' id='word_1_226' title='bbox 1386 3655 1781 3738; x_wconf 86' lang='lat' dir='ltr'>Heinricus</span> <span class='ocrx_word' id='word_1_227' title='bbox 1846 3654 2270 3738; x_wconf 87' lang='lat' dir='ltr'>Bobardiae</span> <span class='ocrx_word' id='word_1_228' title='bbox 2350 3665 2804 3740; x_wconf 82' lang='lat' dir='ltr'>conventum</span> <span class='ocrx_word' id='word_1_229' title='bbox 2874 3660 3383 3766; x_wconf 88' lang='lat' dir='ltr'>quorumdam</span> <span class='ocrx_word' id='word_1_230' title='bbox 3439 3659 3869 3769; x_wconf 86' lang='lat' dir='ltr'>principum</span> 
     </span>
     <span class='ocr_line' id='line_1_24' title="bbox 679 3755 3869 3902; baseline 0.001 -28"><span class='ocrx_word' id='word_1_231' title='bbox 679 3755 957 3808; x_wconf 49' lang='lat' dir='ltr'>”mm</span> <span class='ocrx_word' id='word_1_232' title='bbox 1051 3791 1357 3898; x_wconf 79' lang='lat' dir='ltr'>habuit,</span> <span class='ocrx_word' id='word_1_233' title='bbox 1400 3789 1533 3872; x_wconf 91' lang='lat' dir='ltr'>ubi</span> <span class='ocrx_word' id='word_1_234' title='bbox 1572 3815 1617 3870; x_wconf 87' lang='lat' dir='ltr'>a</span> <span class='ocrx_word' id='word_1_235' title='bbox 1663 3788 2122 3898; x_wconf 89' lang='lat' dir='ltr'>quibusdam</span> <span class='ocrx_word' id='word_1_236' title='bbox 2172 3788 2481 3871; x_wconf 86' lang='lat' dir='ltr'>nefariis</span> <span class='ocrx_word' id='word_1_237' title='bbox 2538 3790 2942 3872; x_wconf 89' lang='lat' dir='ltr'>consilium</span> <span class='ocrx_word' id='word_1_238' title='bbox 2996 3791 3280 3900; x_wconf 85' lang='lat' dir='ltr'>accepit</span> <span class='ocrx_word' id='word_1_239' title='bbox 3331 3801 3418 3873; x_wconf 88' lang='lat' dir='ltr'>ut</span> <span class='ocrx_word' id='word_1_240' title='bbox 3478 3819 3560 3875; x_wconf 88' lang='lat' dir='ltr'>se</span> <span class='ocrx_word' id='word_1_241' title='bbox 3613 3821 3869 3902; x_wconf 90' lang='lat' dir='ltr'>oppo-</span> 
     </span>
     <span class='ocr_line' id='line_1_25' title="bbox 1052 3922 3868 4034; baseline 0 -28"><span class='ocrx_word' id='word_1_242' title='bbox 1052 3935 1259 4008; x_wconf 86' lang='lat' dir='ltr'>neret</span> <span class='ocrx_word' id='word_1_243' title='bbox 1295 3922 1730 4033; x_wconf 86' lang='lat' dir='ltr'>imperatori</span> <span class='ocrx_word' id='word_1_244' title='bbox 1767 3922 1964 4031; x_wconf 87' lang='lat' dir='ltr'>patri</span> <span class='ocrx_word' id='word_1_245' title='bbox 2003 3949 2169 4006; x_wconf 91' lang='lat' dir='ltr'>suo.</span> <span class='ocrx_word' id='word_1_246' title='bbox 2217 3923 2442 4021; x_wconf 88' lang='lat' dir='ltr'>Quod</span> <span class='ocrx_word' id='word_1_247' title='bbox 2480 3933 2552 4004; x_wconf 90' lang='lat' dir='ltr'>et</span> <span class='ocrx_word' id='word_1_248' title='bbox 2587 3922 2788 4004; x_wconf 83' lang='lat' dir='ltr'>fecit.</span> <span class='ocrx_word' id='word_1_249' title='bbox 2831 3922 3025 4006; x_wconf 87' lang='lat' dir='ltr'>Nam</span> <span class='ocrx_word' id='word_1_250' title='bbox 3062 3950 3157 4005; x_wconf 87' lang='lat' dir='ltr'>ex</span> <span class='ocrx_word' id='word_1_251' title='bbox 3192 3936 3375 4006; x_wconf 90' lang='lat' dir='ltr'>tunc</span> <span class='ocrx_word' id='word_1_252' title='bbox 3417 3928 3661 4034; x_wconf 87' lang='lat' dir='ltr'>coepit</span> <span class='ocrx_word' id='word_1_253' title='bbox 3698 3926 3868 4009; x_wconf 88' lang='lat' dir='ltr'>sol-</span> 
     </span>
     <span class='ocr_line' id='line_1_26' title="bbox 1050 4056 3868 4166; baseline 0.001 -27"><span class='ocrx_word' id='word_1_254' title='bbox 1050 4060 1338 4139; x_wconf 86' lang='lat' dir='ltr'>licitare</span> <span class='ocrx_word' id='word_1_255' title='bbox 1383 4083 1909 4166; x_wconf 81' lang='lat' dir='ltr'>quoscumque</span> <span class='ocrx_word' id='word_1_256' title='bbox 1954 4057 2201 4164; x_wconf 85' lang='lat' dir='ltr'>potuit</span> <span class='ocrx_word' id='word_1_257' title='bbox 2244 4056 2513 4163; x_wconf 81' lang='lat' dir='ltr'>miniS,</span> <span class='ocrx_word' id='word_1_258' title='bbox 2552 4082 2772 4164; x_wconf 88' lang='lat' dir='ltr'>prece</span> <span class='ocrx_word' id='word_1_259' title='bbox 2816 4065 2890 4138; x_wconf 88' lang='lat' dir='ltr'>et</span> <span class='ocrx_word' id='word_1_260' title='bbox 2932 4057 3207 4166; x_wconf 85' lang='lat' dir='ltr'>pretio,</span> <span class='ocrx_word' id='word_1_261' title='bbox 3268 4068 3356 4140; x_wconf 85' lang='lat' dir='ltr'>ut</span> <span class='ocrx_word' id='word_1_262' title='bbox 3407 4058 3550 4141; x_wconf 88' lang='lat' dir='ltr'>sibi</span> <span class='ocrx_word' id='word_1_263' title='bbox 3619 4060 3868 4141; x_wconf 85' lang='lat' dir='ltr'>assis—</span> 
     </span>
     <span class='ocr_line' id='line_1_27' title="bbox 1051 4188 3861 4301; baseline 0.001 -30"><span class='ocrx_word' id='word_1_264' title='bbox 1051 4200 1295 4271; x_wconf 84' lang='lat' dir='ltr'>terent</span> <span class='ocrx_word' id='word_1_265' title='bbox 1330 4200 1595 4270; x_wconf 83' lang='lat' dir='ltr'>contra</span> <span class='ocrx_word' id='word_1_266' title='bbox 1647 4199 1982 4296; x_wconf 84' lang='lat' dir='ltr'>patrem,</span> <span class='ocrx_word' id='word_1_267' title='bbox 2043 4198 2118 4270; x_wconf 85' lang='lat' dir='ltr'>et</span> <span class='ocrx_word' id='word_1_268' title='bbox 2169 4214 2324 4269; x_wconf 91' lang='lat' dir='ltr'>non</span> <span class='ocrx_word' id='word_1_269' title='bbox 2371 4214 2654 4296; x_wconf 84' lang='lat' dir='ltr'>paucos</span> <span class='ocrx_word' id='word_1_270' title='bbox 2709 4188 3018 4273; x_wconf 81' lang='lat' dir='ltr'>invenit.</span> <span class='ocrx_word' id='word_1_271' title='bbox 3064 4189 3382 4272; x_wconf 74' lang='lat' dir='ltr'>Gonsrn.</span> <span class='ocrx_word' id='word_1_272' title='bbox 3431 4191 3693 4274; x_wconf 66' lang='lat' dir='ltr'>Conon.</span> <span class='ocrx_word' id='word_1_273' title='bbox 3738 4219 3861 4301; x_wconf 87' lang='lat' dir='ltr'>ap.</span> 
     </span>
     <span class='ocr_line' id='line_1_28' title="bbox 1047 4320 3872 4433; baseline 0.002 -30"><span class='ocrx_word' id='word_1_274' title='bbox 1047 4323 1425 4429; x_wconf 73' lang='lat' dir='ltr'>Bossnmssn,</span> <span class='ocrx_word' id='word_1_275' title='bbox 1467 4329 1761 4416; x_wconf 78' lang='lat' dir='ltr'>Fontes,</span> <span class='ocrx_word' id='word_1_276' title='bbox 1808 4329 1867 4401; x_wconf 88' lang='lat' dir='ltr'>t.</span> <span class='ocrx_word' id='word_1_277' title='bbox 1911 4320 2008 4423; x_wconf 90' lang='lat'>11,</span> <span class='ocrx_word' id='word_1_278' title='bbox 2048 4346 2126 4428; x_wconf 93' lang='lat' dir='ltr'>p.</span> <span class='ocrx_word' id='word_1_279' title='bbox 2172 4323 2359 4402; x_wconf 75' lang='lat'>566.</span> <span class='ocrx_word' id='word_1_280' title='bbox 2391 4366 2501 4380; x_wconf 87' lang='lat'>——</span> <span class='ocrx_word' id='word_1_281' title='bbox 2530 4320 2692 4403; x_wconf 81' lang='lat' dir='ltr'>Hoc</span> <span class='ocrx_word' id='word_1_282' title='bbox 2726 4322 2955 4403; x_wconf 85' lang='lat' dir='ltr'>etiam</span> <span class='ocrx_word' id='word_1_283' title='bbox 2992 4348 3196 4404; x_wconf 87' lang='lat' dir='ltr'>anno</span> <span class='ocrx_word' id='word_1_284' title='bbox 3233 4321 3514 4433; x_wconf 70' lang='lat'>(1254)</span> <span class='ocrx_word' id='word_1_285' title='bbox 3553 4334 3721 4407; x_wconf 86' lang='lat' dir='ltr'>orta</span> <span class='ocrx_word' id='word_1_286' title='bbox 3756 4335 3872 4407; x_wconf 84' lang='lat' dir='ltr'>est</span> 
     </span>
     <span class='ocr_line' id='line_1_29' title="bbox 1048 4452 3866 4568; baseline 0 -31"><span class='ocrx_word' id='word_1_287' title='bbox 1048 4454 1426 4537; x_wconf 85' lang='lat' dir='ltr'>discordia</span> <span class='ocrx_word' id='word_1_288' title='bbox 1461 4454 1656 4535; x_wconf 88' lang='lat' dir='ltr'>inter</span> <span class='ocrx_word' id='word_1_289' title='bbox 1690 4454 2222 4560; x_wconf 84' lang='lat' dir='ltr'>imperatorem</span> <span class='ocrx_word' id='word_1_290' title='bbox 2261 4460 2335 4533; x_wconf 88' lang='lat' dir='ltr'>et</span> <span class='ocrx_word' id='word_1_291' title='bbox 2368 4452 2613 4536; x_wconf 89' lang='lat' dir='ltr'>filium</span> <span class='ocrx_word' id='word_1_292' title='bbox 2652 4479 2879 4536; x_wconf 86' lang='lat' dir='ltr'>suum</span> <span class='ocrx_word' id='word_1_293' title='bbox 2914 4454 3351 4538; x_wconf 89' lang='lat' dir='ltr'>Heinricum</span> <span class='ocrx_word' id='word_1_294' title='bbox 3390 4483 3692 4566; x_wconf 79' lang='lat' dir='ltr'>regem,</span> <span class='ocrx_word' id='word_1_295' title='bbox 3734 4458 3866 4568; x_wconf 91' lang='lat' dir='ltr'>qui</span> 
     </span>
     <span class='ocr_line' id='line_1_30' title="bbox 1047 4585 3871 4697; baseline 0 -27"><span class='ocrx_word' id='word_1_296' title='bbox 1047 4586 1382 4670; x_wconf 85' lang='lat' dir='ltr'>consiliis</span> <span class='ocrx_word' id='word_1_297' title='bbox 1441 4585 1775 4694; x_wconf 85' lang='lat' dir='ltr'>paternis</span> <span class='ocrx_word' id='word_1_298' title='bbox 1850 4586 2325 4694; x_wconf 84' lang='lat' dir='ltr'>acquiescere</span> <span class='ocrx_word' id='word_1_299' title='bbox 2396 4585 2664 4668; x_wconf 89' lang='lat' dir='ltr'>nolens</span> <span class='ocrx_word' id='word_1_300' title='bbox 2689 4647 2713 4694; x_wconf 86' lang='lat'>,</span> <span class='ocrx_word' id='word_1_301' title='bbox 2764 4586 3163 4670; x_wconf 84' lang='lat' dir='ltr'>manifeste</span> <span class='ocrx_word' id='word_1_302' title='bbox 3226 4614 3306 4670; x_wconf 90' lang='lat' dir='ltr'>se</span> <span class='ocrx_word' id='word_1_303' title='bbox 3361 4588 3430 4670; x_wconf 90' lang='lat' dir='ltr'>ei</span> <span class='ocrx_word' id='word_1_304' title='bbox 3490 4614 3871 4697; x_wconf 89' lang='lat' dir='ltr'>opponere</span> 
     </span>
    </p>
   </div>
  </div>
 </body>
</html>
