<?xml version="1.0" encoding="UTF-8"?>
<!DOCTYPE html PUBLIC "-//W3C//DTD XHTML 1.0 Transitional//EN"
    "http://www.w3.org/TR/xhtml1/DTD/xhtml1-transitional.dtd">
<html xmlns="http://www.w3.org/1999/xhtml" xml:lang="en" lang="en">
 <head>
  <title>
</title>
<meta http-equiv="Content-Type" content="text/html;charset=utf-8" />
  <meta name='ocr-system' content='tesseract 3.04.00' />
  <meta name='ocr-capabilities' content='ocr_page ocr_carea ocr_par ocr_line ocrx_word'/>
</head>
<body>
  <div class='ocr_page' id='page_1' title='image "./historiadiploma00empegoog_0440.png"; bbox 0 0 4500 5956; ppageno 0'>
   <div class='ocr_carea' id='block_1_1' title="bbox 1035 522 2953 622">
    <p class='ocr_par' dir='ltr' id='par_1_1' title="bbox 1035 522 2953 622">
     <span class='ocr_line' id='line_1_1' title="bbox 1035 522 2953 622; baseline 0.001 -4"><span class='ocrx_word' id='word_1_1' title='bbox 1035 556 1159 618; x_wconf 82' lang='lat'><strong>982</strong></span> <span class='ocrx_word' id='word_1_2' title='bbox 1948 560 2204 619; x_wconf 74' lang='lat' dir='ltr'><strong>mnnx</strong></span> <span class='ocrx_word' id='word_1_3' title='bbox 2256 522 2953 622; x_wconf 62' lang='lat' dir='ltr'><strong>nocuunmronmu„</strong></span> 
     </span>
    </p>
   </div>
   <div class='ocr_carea' id='block_1_2' title="bbox 1067 756 1286 831">
    <p class='ocr_par' dir='ltr' id='par_1_2' title="bbox 1067 756 1286 831">
     <span class='ocr_line' id='line_1_2' title="bbox 1067 756 1286 831; baseline 0.009 -2"><span class='ocrx_word' id='word_1_4' title='bbox 1067 756 1286 831; x_wconf 79' lang='lat'>1256</span> 
     </span>
    </p>
   </div>
   <div class='ocr_carea' id='block_1_3' title="bbox 1039 884 3877 2415">
    <p class='ocr_par' dir='ltr' id='par_1_3' title="bbox 1061 884 3877 1059">
     <span class='ocr_line' id='line_1_3' title="bbox 1061 884 3877 965; baseline 0.002 -23"><span class='ocrx_word' id='word_1_5' title='bbox 1061 893 1133 942; x_wconf 78' lang='lat'><strong>12</strong></span> <span class='ocrx_word' id='word_1_6' title='bbox 1154 900 1292 960; x_wconf 85' lang='lat' dir='ltr'><strong>aug.</strong></span> <span class='ocrx_word' id='word_1_7' title='bbox 1414 884 1484 945; x_wconf 94' lang='lat' dir='ltr'><strong>In</strong></span> <span class='ocrx_word' id='word_1_8' title='bbox 1509 900 1717 961; x_wconf 85' lang='lat' dir='ltr'><strong>campo</strong></span> <span class='ocrx_word' id='word_1_9' title='bbox 1817 917 1889 930; x_wconf 91' lang='lat'>—</span> <span class='ocrx_word' id='word_1_10' title='bbox 1931 886 2167 947; x_wconf 86' lang='lat' dir='ltr'><strong>Aldrico</strong></span> <span class='ocrx_word' id='word_1_11' title='bbox 2218 892 2494 965; x_wconf 88' lang='lat' dir='ltr'><strong>episcopo</strong></span> <span class='ocrx_word' id='word_1_12' title='bbox 2535 888 2881 949; x_wconf 77' lang='lat' dir='ltr'>Tridentino</span> <span class='ocrx_word' id='word_1_13' title='bbox 2916 887 3200 964; x_wconf 74' lang='lat' dir='ltr'><strong>praecipit</strong></span> <span class='ocrx_word' id='word_1_14' title='bbox 3248 886 3362 947; x_wconf 86' lang='lat' dir='ltr'><strong>suh</strong></span> <span class='ocrx_word' id='word_1_15' title='bbox 3413 903 3605 964; x_wconf 88' lang='lat' dir='ltr'><strong>poena</strong></span> <span class='ocrx_word' id='word_1_16' title='bbox 3656 889 3877 965; x_wconf 84' lang='lat' dir='ltr'><strong>gratiae</strong></span> 
     </span>
     <span class='ocr_line' id='line_1_4' title="bbox 1465 980 3874 1059; baseline -0.001 -17"><span class='ocrx_word' id='word_1_17' title='bbox 1465 985 1677 1043; x_wconf 89' lang='lat' dir='ltr'><strong>martio</strong></span> <span class='ocrx_word' id='word_1_18' title='bbox 1891 997 2033 1041; x_wconf 88' lang='lat' dir='ltr'><strong>suae</strong></span> <span class='ocrx_word' id='word_1_19' title='bbox 2072 997 2149 1041; x_wconf 90' lang='lat' dir='ltr'><strong>ne</strong></span> <span class='ocrx_word' id='word_1_20' title='bbox 2192 983 2417 1059; x_wconf 87' lang='lat' dir='ltr'><strong>aliquid</strong></span> <span class='ocrx_word' id='word_1_21' title='bbox 2452 983 2530 1042; x_wconf 92' lang='lat' dir='ltr'><strong>de</strong></span> <span class='ocrx_word' id='word_1_22' title='bbox 2554 982 2725 1043; x_wconf 89' lang='lat' dir='ltr'><strong>bonis</strong></span> <span class='ocrx_word' id='word_1_23' title='bbox 2753 984 3124 1058; x_wconf 81' lang='lat' dir='ltr'><strong>episcopatus</strong></span> <span class='ocrx_word' id='word_1_24' title='bbox 3147 997 3252 1057; x_wconf 87' lang='lat' dir='ltr'><strong>per</strong></span> <span class='ocrx_word' id='word_1_25' title='bbox 3276 980 3755 1059; x_wconf 63' lang='lat' dir='ltr'><strong>infamationem,</strong></span> <span class='ocrx_word' id='word_1_26' title='bbox 3783 984 3874 1056; x_wconf 90' lang='lat' dir='ltr'><strong>pi-</strong></span> 
     </span>
    </p>

    <p class='ocr_par' dir='ltr' id='par_1_4' title="bbox 1423 1078 3870 1156">
     <span class='ocr_line' id='line_1_5' title="bbox 1423 1078 3870 1156; baseline -0 -17"><span class='ocrx_word' id='word_1_27' title='bbox 1423 1079 1704 1139; x_wconf 88' lang='lat' dir='ltr'><strong>Tridenti.</strong></span> <span class='ocrx_word' id='word_1_28' title='bbox 1891 1081 2298 1155; x_wconf 83' lang='lat' dir='ltr'><strong>gnorationem</strong></span> <span class='ocrx_word' id='word_1_29' title='bbox 2325 1096 2431 1139; x_wconf 90' lang='lat' dir='ltr'><strong>seu</strong></span> <span class='ocrx_word' id='word_1_30' title='bbox 2456 1080 2656 1156; x_wconf 90' lang='lat' dir='ltr'><strong>aliquo</strong></span> <span class='ocrx_word' id='word_1_31' title='bbox 2684 1079 2861 1139; x_wconf 91' lang='lat' dir='ltr'><strong>modo</strong></span> <span class='ocrx_word' id='word_1_32' title='bbox 2888 1078 3141 1138; x_wconf 86' lang='lat' dir='ltr'><strong>alienare</strong></span> <span class='ocrx_word' id='word_1_33' title='bbox 3168 1085 3526 1153; x_wconf 83' lang='lat' dir='ltr'><strong>praesumat.</strong></span> <span class='ocrx_word' id='word_1_34' title='bbox 3757 1087 3870 1138; x_wconf 96' lang='grc'><strong>900</strong></span> 
     </span>
    </p>

    <p class='ocr_par' dir='ltr' id='par_1_5' title="bbox 1039 1168 3873 1348">
     <span class='ocr_line' id='line_1_6' title="bbox 1039 1168 3872 1254; baseline -0.001 -20"><span class='ocrx_word' id='word_1_35' title='bbox 1039 1168 1318 1254; x_wconf 72' lang='lat' dir='ltr'><strong>[august]</strong></span> <span class='ocrx_word' id='word_1_36' title='bbox 1364 1217 1779 1236; x_wconf 91' lang='grc'><strong>.......</strong></span> <span class='ocrx_word' id='word_1_37' title='bbox 1812 1206 1893 1218; x_wconf 89' lang='grc'><strong>-</strong></span> <span class='ocrx_word' id='word_1_38' title='bbox 1932 1174 2146 1234; x_wconf 82' lang='lat' dir='ltr'><strong>Scribit</strong></span> <span class='ocrx_word' id='word_1_39' title='bbox 2166 1176 2473 1252; x_wconf 85' lang='lat' dir='ltr'><strong>Romanis,</strong></span> <span class='ocrx_word' id='word_1_40' title='bbox 2504 1181 2760 1235; x_wconf 84' lang='lat' dir='ltr'><strong>veterem</strong></span> <span class='ocrx_word' id='word_1_41' title='bbox 2789 1174 3038 1253; x_wconf 75' lang='lat' dir='ltr'><strong>gloriam</strong></span> <span class='ocrx_word' id='word_1_42' title='bbox 3063 1173 3229 1234; x_wconf 86' lang='lat' dir='ltr'><strong>urbis</strong></span> <span class='ocrx_word' id='word_1_43' title='bbox 3254 1173 3478 1234; x_wconf 84' lang='lat' dir='ltr'><strong>Romae</strong></span> <span class='ocrx_word' id='word_1_44' title='bbox 3513 1189 3872 1234; x_wconf 89' lang='lat' dir='ltr'><strong>commemo-</strong></span> 
     </span>
     <span class='ocr_line' id='line_1_7' title="bbox 1891 1270 3873 1348; baseline 0 -18"><span class='ocrx_word' id='word_1_45' title='bbox 1891 1288 2031 1330; x_wconf 88' lang='lat' dir='ltr'><strong>rans</strong></span> <span class='ocrx_word' id='word_1_46' title='bbox 2072 1278 2131 1330; x_wconf 93' lang='lat' dir='ltr'><strong>et</strong></span> <span class='ocrx_word' id='word_1_47' title='bbox 2155 1271 2443 1330; x_wconf 83' lang='lat' dir='ltr'><strong>desidiam</strong></span> <span class='ocrx_word' id='word_1_48' title='bbox 2468 1274 2731 1348; x_wconf 87' lang='lat' dir='ltr'><strong>ipsorum</strong></span> <span class='ocrx_word' id='word_1_49' title='bbox 2772 1272 3112 1346; x_wconf 86' lang='lat' dir='ltr'><strong>increpans,</strong></span> <span class='ocrx_word' id='word_1_50' title='bbox 3155 1270 3515 1347; x_wconf 89' lang='lat' dir='ltr'><strong>mandatque</strong></span> <span class='ocrx_word' id='word_1_51' title='bbox 3549 1275 3620 1329; x_wconf 91' lang='lat' dir='ltr'><strong>ut</strong></span> <span class='ocrx_word' id='word_1_52' title='bbox 3655 1270 3873 1346; x_wconf 87' lang='lat' dir='ltr'><strong>legatos</strong></span> 
     </span>
    </p>

    <p class='ocr_par' dir='ltr' id='par_1_6' title="bbox 1891 1367 3869 1445">
     <span class='ocr_line' id='line_1_8' title="bbox 1891 1367 3869 1445; baseline 0.001 -19"><span class='ocrx_word' id='word_1_53' title='bbox 1891 1383 2042 1444; x_wconf 89' lang='lat' dir='ltr'><strong>quos</strong></span> <span class='ocrx_word' id='word_1_54' title='bbox 2068 1374 2211 1427; x_wconf 90' lang='lat' dir='ltr'><strong>tunc</strong></span> <span class='ocrx_word' id='word_1_55' title='bbox 2249 1368 2555 1445; x_wconf 81' lang='lat' dir='ltr'><strong>Augustae</strong></span> <span class='ocrx_word' id='word_1_56' title='bbox 2599 1374 2863 1428; x_wconf 86' lang='lat' dir='ltr'><strong>moratus</strong></span> <span class='ocrx_word' id='word_1_57' title='bbox 2898 1368 3011 1428; x_wconf 91' lang='lat' dir='ltr'><strong>sibi</strong></span> <span class='ocrx_word' id='word_1_58' title='bbox 3038 1368 3192 1427; x_wconf 88' lang='lat' dir='ltr'><strong>mitti</strong></span> <span class='ocrx_word' id='word_1_59' title='bbox 3219 1369 3468 1443; x_wconf 83' lang='lat' dir='ltr'><strong>petierat</strong></span> <span class='ocrx_word' id='word_1_60' title='bbox 3501 1383 3611 1427; x_wconf 88' lang='lat' dir='ltr'><strong>uec</strong></span> <span class='ocrx_word' id='word_1_61' title='bbox 3648 1369 3709 1426; x_wconf 91' lang='lat' dir='ltr'><strong>in</strong></span> <span class='ocrx_word' id='word_1_62' title='bbox 3747 1367 3869 1427; x_wconf 90' lang='lat' dir='ltr'><strong>Ita-</strong></span> 
     </span>
    </p>

    <p class='ocr_par' dir='ltr' id='par_1_7' title="bbox 1893 1465 3862 1542">
     <span class='ocr_line' id='line_1_9' title="bbox 1893 1465 3862 1542; baseline -0.001 -18"><span class='ocrx_word' id='word_1_63' title='bbox 1893 1465 2030 1524; x_wconf 84' lang='lat' dir='ltr'><strong>liam</strong></span> <span class='ocrx_word' id='word_1_64' title='bbox 2057 1467 2300 1524; x_wconf 84' lang='lat' dir='ltr'><strong>veniens</strong></span> <span class='ocrx_word' id='word_1_65' title='bbox 2326 1466 2583 1539; x_wconf 75' lang='lat' dir='ltr'><strong>invenit,</strong></span> <span class='ocrx_word' id='word_1_66' title='bbox 2609 1467 3045 1542; x_wconf 78' lang='lat' dir='ltr'><strong>promptissime</strong></span> <span class='ocrx_word' id='word_1_67' title='bbox 3068 1465 3404 1541; x_wconf 78' lang='lat' dir='ltr'><strong>expediant.</strong></span> <span class='ocrx_word' id='word_1_68' title='bbox 3755 1473 3862 1523; x_wconf 85' lang='grc'><strong>901</strong></span> 
     </span>
    </p>

    <p class='ocr_par' dir='ltr' id='par_1_8' title="bbox 1059 1561 3872 1734">
     <span class='ocr_line' id='line_1_10' title="bbox 1059 1561 3872 1638; baseline -0.001 -16"><span class='ocrx_word' id='word_1_69' title='bbox 1059 1572 1135 1623; x_wconf 79' lang='grc'><strong>20</strong></span> <span class='ocrx_word' id='word_1_70' title='bbox 1162 1567 1313 1638; x_wconf 87' lang='lat' dir='ltr'><strong>sept.</strong></span> <span class='ocrx_word' id='word_1_71' title='bbox 1373 1565 1441 1623; x_wconf 92' lang='lat' dir='ltr'><strong>In</strong></span> <span class='ocrx_word' id='word_1_72' title='bbox 1468 1564 1678 1623; x_wconf 88' lang='lat' dir='ltr'><strong>eastris</strong></span> <span class='ocrx_word' id='word_1_73' title='bbox 1703 1565 1766 1622; x_wconf 92' lang='lat' dir='ltr'><strong>in</strong></span> <span class='ocrx_word' id='word_1_74' title='bbox 1812 1592 1892 1606; x_wconf 88' lang='lat'><em>—</em></span> <span class='ocrx_word' id='word_1_75' title='bbox 1933 1563 2213 1638; x_wconf 84' lang='lat' dir='ltr'><strong>Gregorio</strong></span> <span class='ocrx_word' id='word_1_76' title='bbox 2260 1578 2446 1638; x_wconf 90' lang='lat' dir='ltr'><strong>papae</strong></span> <span class='ocrx_word' id='word_1_77' title='bbox 2490 1578 2663 1637; x_wconf 85' lang='lat' dir='ltr'><strong>super</strong></span> <span class='ocrx_word' id='word_1_78' title='bbox 2702 1561 2983 1622; x_wconf 90' lang='lat' dir='ltr'><strong>omnibus</strong></span> <span class='ocrx_word' id='word_1_79' title='bbox 3034 1562 3307 1638; x_wconf 90' lang='lat' dir='ltr'><strong>capitulis</strong></span> <span class='ocrx_word' id='word_1_80' title='bbox 3351 1561 3464 1622; x_wconf 85' lang='lat' dir='ltr'><strong>sibi</strong></span> <span class='ocrx_word' id='word_1_81' title='bbox 3505 1561 3748 1638; x_wconf 75' lang='lat' dir='ltr'><strong>objectis</strong></span> <span class='ocrx_word' id='word_1_82' title='bbox 3797 1561 3872 1620; x_wconf 89' lang='lat' dir='ltr'><strong>de</strong></span> 
     </span>
     <span class='ocr_line' id='line_1_11' title="bbox 1414 1658 3868 1734; baseline -0.001 -14"><span class='ocrx_word' id='word_1_83' title='bbox 1414 1659 1716 1720; x_wconf 74' lang='lat' dir='ltr'><strong>obsidione</strong></span> <span class='ocrx_word' id='word_1_84' title='bbox 1891 1659 2120 1718; x_wconf 89' lang='lat' dir='ltr'><strong>damnis</strong></span> <span class='ocrx_word' id='word_1_85' title='bbox 2145 1675 2299 1734; x_wconf 89' lang='lat' dir='ltr'><strong>quae</strong></span> <span class='ocrx_word' id='word_1_86' title='bbox 2324 1660 2581 1719; x_wconf 90' lang='lat' dir='ltr'><strong>ecclesiis</strong></span> <span class='ocrx_word' id='word_1_87' title='bbox 2608 1665 2669 1718; x_wconf 90' lang='lat' dir='ltr'><strong>et</strong></span> <span class='ocrx_word' id='word_1_88' title='bbox 2696 1659 3073 1718; x_wconf 85' lang='lat' dir='ltr'><strong>ecclesiarum</strong></span> <span class='ocrx_word' id='word_1_89' title='bbox 3096 1658 3373 1734; x_wconf 86' lang='lat' dir='ltr'><strong>praelatis</strong></span> <span class='ocrx_word' id='word_1_90' title='bbox 3411 1658 3653 1718; x_wconf 81' lang='lat' dir='ltr'><strong>fuerunt</strong></span> <span class='ocrx_word' id='word_1_91' title='bbox 3677 1658 3868 1731; x_wconf 88' lang='lat' dir='ltr'><strong>illata,</strong></span> 
     </span>
    </p>

    <p class='ocr_par' dir='ltr' id='par_1_9' title="bbox 1410 1755 3871 1932">
     <span class='ocr_line' id='line_1_12' title="bbox 1410 1755 3868 1831; baseline -0.002 -14"><span class='ocrx_word' id='word_1_92' title='bbox 1410 1757 1715 1817; x_wconf 85' lang='lat' dir='ltr'><strong>Mantuae.</strong></span> <span class='ocrx_word' id='word_1_93' title='bbox 1893 1757 2154 1815; x_wconf 82' lang='lat' dir='ltr'><strong>seriatim</strong></span> <span class='ocrx_word' id='word_1_94' title='bbox 2182 1755 2522 1831; x_wconf 80' lang='lat' dir='ltr'><strong>respondet,</strong></span> <span class='ocrx_word' id='word_1_95' title='bbox 2552 1757 2753 1815; x_wconf 88' lang='lat' dir='ltr'><strong>omnia</strong></span> <span class='ocrx_word' id='word_1_96' title='bbox 2781 1757 3043 1815; x_wconf 83' lang='lat' dir='ltr'><strong>vicissim</strong></span> <span class='ocrx_word' id='word_1_97' title='bbox 3071 1755 3331 1828; x_wconf 87' lang='lat' dir='ltr'><strong>diluens;</strong></span> <span class='ocrx_word' id='word_1_98' title='bbox 3353 1757 3706 1831; x_wconf 87' lang='lat' dir='ltr'><strong>nuntiatque</strong></span> <span class='ocrx_word' id='word_1_99' title='bbox 3734 1769 3868 1814; x_wconf 91' lang='lat' dir='ltr'><strong>cum</strong></span> 
     </span>
     <span class='ocr_line' id='line_1_13' title="bbox 1889 1852 3871 1932; baseline -0.001 -19"><span class='ocrx_word' id='word_1_100' title='bbox 1889 1854 2236 1914; x_wconf 87' lang='lat' dir='ltr'><strong>mandatum</strong></span> <span class='ocrx_word' id='word_1_101' title='bbox 2281 1871 2457 1914; x_wconf 90' lang='lat' dir='ltr'><strong>suum</strong></span> <span class='ocrx_word' id='word_1_102' title='bbox 2503 1854 2579 1914; x_wconf 90' lang='lat' dir='ltr'><strong>de</strong></span> <span class='ocrx_word' id='word_1_103' title='bbox 2620 1857 2786 1914; x_wconf 92' lang='lat' dir='ltr'><strong>curia</strong></span> <span class='ocrx_word' id='word_1_104' title='bbox 2823 1852 3055 1914; x_wconf 84' lang='lat' dir='ltr'><strong>Melflae</strong></span> <span class='ocrx_word' id='word_1_105' title='bbox 3100 1854 3513 1932; x_wconf 88' lang='lat' dir='ltr'><strong>congreganda</strong></span> <span class='ocrx_word' id='word_1_106' title='bbox 3563 1869 3740 1930; x_wconf 90' lang='lat' dir='ltr'><strong>super</strong></span> <span class='ocrx_word' id='word_1_107' title='bbox 3779 1853 3871 1912; x_wconf 87' lang='lat' dir='ltr'><strong>bis</strong></span> 
     </span>
    </p>

    <p class='ocr_par' dir='ltr' id='par_1_10' title="bbox 1891 1949 3871 2029">
     <span class='ocr_line' id='line_1_14' title="bbox 1891 1949 3871 2029; baseline 0 -20"><span class='ocrx_word' id='word_1_108' title='bbox 1891 1951 2334 2029; x_wconf 87' lang='lat' dir='ltr'><strong>gravaminibus</strong></span> <span class='ocrx_word' id='word_1_109' title='bbox 2381 1951 2747 2028; x_wconf 75' lang='lat' dir='ltr'><strong>corrigendis</strong></span> <span class='ocrx_word' id='word_1_110' title='bbox 2800 1949 2978 2010; x_wconf 84' lang='lat' dir='ltr'><strong>finem</strong></span> <span class='ocrx_word' id='word_1_111' title='bbox 3031 1966 3153 2010; x_wconf 92' lang='lat' dir='ltr'><strong>non</strong></span> <span class='ocrx_word' id='word_1_112' title='bbox 3208 1949 3511 2022; x_wconf 89' lang='lat' dir='ltr'><strong>babuerit,</strong></span> <span class='ocrx_word' id='word_1_113' title='bbox 3564 1966 3628 2010; x_wconf 82' lang='lat' dir='ltr'><strong>se</strong></span> <span class='ocrx_word' id='word_1_114' title='bbox 3679 1950 3871 2009; x_wconf 88' lang='lat' dir='ltr'><strong>denuo</strong></span> 
     </span>
    </p>

    <p class='ocr_par' dir='ltr' id='par_1_11' title="bbox 1890 2046 3867 2124">
     <span class='ocr_line' id='line_1_15' title="bbox 1890 2046 3867 2124; baseline -0.001 -16"><span class='ocrx_word' id='word_1_115' title='bbox 1890 2046 2281 2108; x_wconf 81' lang='lat' dir='ltr'><strong>familiaribus</strong></span> <span class='ocrx_word' id='word_1_116' title='bbox 2303 2048 2426 2106; x_wconf 88' lang='lat' dir='ltr'><strong>suis</strong></span> <span class='ocrx_word' id='word_1_117' title='bbox 2453 2047 2767 2107; x_wconf 85' lang='lat' dir='ltr'><strong>mandasse</strong></span> <span class='ocrx_word' id='word_1_118' title='bbox 2789 2053 2859 2107; x_wconf 91' lang='lat' dir='ltr'><strong>ut</strong></span> <span class='ocrx_word' id='word_1_119' title='bbox 2884 2046 3115 2124; x_wconf 87' lang='lat' dir='ltr'><strong>singula</strong></span> <span class='ocrx_word' id='word_1_120' title='bbox 3134 2047 3445 2124; x_wconf 87' lang='lat' dir='ltr'><strong>diligenter</strong></span> <span class='ocrx_word' id='word_1_121' title='bbox 3467 2054 3528 2106; x_wconf 90' lang='lat' dir='ltr'><strong>et</strong></span> <span class='ocrx_word' id='word_1_122' title='bbox 3547 2047 3721 2124; x_wconf 90' lang='lat' dir='ltr'><strong>plene</strong></span> <span class='ocrx_word' id='word_1_123' title='bbox 3737 2052 3867 2106; x_wconf 90' lang='lat' dir='ltr'><strong>stu-</strong></span> 
     </span>
    </p>

    <p class='ocr_par' dir='ltr' id='par_1_12' title="bbox 1890 2144 3864 2221">
     <span class='ocr_line' id='line_1_16' title="bbox 1890 2144 3864 2221; baseline -0.001 -16"><span class='ocrx_word' id='word_1_124' title='bbox 1890 2146 2073 2205; x_wconf 91' lang='lat' dir='ltr'><strong>deant</strong></span> <span class='ocrx_word' id='word_1_125' title='bbox 2095 2144 2436 2221; x_wconf 87' lang='lat' dir='ltr'><strong>adimplere.</strong></span> <span class='ocrx_word' id='word_1_126' title='bbox 3751 2153 3864 2203; x_wconf 82' lang='lat'><strong>905</strong></span> 
     </span>
    </p>

    <p class='ocr_par' dir='ltr' id='par_1_13' title="bbox 1085 2231 3867 2415">
     <span class='ocr_line' id='line_1_17' title="bbox 1085 2231 3865 2318; baseline 0.001 -19"><span class='ocrx_word' id='word_1_127' title='bbox 1085 2248 1118 2299; x_wconf 82' lang='lat'>7</span> <span class='ocrx_word' id='word_1_128' title='bbox 1145 2238 1276 2299; x_wconf 90' lang='lat' dir='ltr'><strong>dec.</strong></span> <span class='ocrx_word' id='word_1_129' title='bbox 1368 2231 1544 2308; x_wconf 75' lang='lat' dir='ltr'><strong>Apud</strong></span> <span class='ocrx_word' id='word_1_130' title='bbox 1560 2231 1760 2294; x_wconf 68' lang='lat' dir='ltr'><strong>Grall-</strong></span> <span class='ocrx_word' id='word_1_131' title='bbox 1807 2274 1890 2288; x_wconf 94' lang='lat'><em>-</em></span> <span class='ocrx_word' id='word_1_132' title='bbox 1928 2243 2299 2303; x_wconf 85' lang='lat' dir='ltr'><strong>conventum</strong></span> <span class='ocrx_word' id='word_1_133' title='bbox 2327 2241 2529 2301; x_wconf 80' lang='lat' dir='ltr'><strong>Sancti</strong></span> <span class='ocrx_word' id='word_1_134' title='bbox 2548 2239 2845 2300; x_wconf 89' lang='lat' dir='ltr'><strong>Lambcrti</strong></span> <span class='ocrx_word' id='word_1_135' title='bbox 2870 2242 2935 2300; x_wconf 93' lang='lat' dir='ltr'><strong>in</strong></span> <span class='ocrx_word' id='word_1_136' title='bbox 2956 2240 3320 2318; x_wconf 82' lang='lat' dir='ltr'><strong>Grazzluppa</strong></span> <span class='ocrx_word' id='word_1_137' title='bbox 3342 2257 3480 2301; x_wconf 89' lang='lat' dir='ltr'><strong>cum</strong></span> <span class='ocrx_word' id='word_1_138' title='bbox 3505 2239 3865 2313; x_wconf 89' lang='lat' dir='ltr'><strong>hominibus,</strong></span> 
     </span>
     <span class='ocr_line' id='line_1_18' title="bbox 1890 2335 3867 2415; baseline -0.001 -17"><span class='ocrx_word' id='word_1_139' title='bbox 1890 2339 2256 2415; x_wconf 80' lang='lat' dir='ltr'><strong>pertinentiis</strong></span> <span class='ocrx_word' id='word_1_140' title='bbox 2280 2343 2341 2395; x_wconf 89' lang='lat' dir='ltr'><strong>et</strong></span> <span class='ocrx_word' id='word_1_141' title='bbox 2374 2336 2543 2397; x_wconf 88' lang='lat' dir='ltr'><strong>bonis</strong></span> <span class='ocrx_word' id='word_1_142' title='bbox 2569 2340 2702 2414; x_wconf 85' lang='lat' dir='ltr'><strong>ejus</strong></span> <span class='ocrx_word' id='word_1_143' title='bbox 2739 2335 2852 2396; x_wconf 90' lang='lat' dir='ltr'><strong>sub</strong></span> <span class='ocrx_word' id='word_1_144' title='bbox 2882 2353 2992 2398; x_wconf 89' lang='lat' dir='ltr'><strong>sua</strong></span> <span class='ocrx_word' id='word_1_145' title='bbox 3015 2343 3077 2397; x_wconf 92' lang='lat' dir='ltr'><strong>et</strong></span> <span class='ocrx_word' id='word_1_146' title='bbox 3099 2338 3326 2413; x_wconf 87' lang='lat' dir='ltr'><strong>imperii</strong></span> <span class='ocrx_word' id='word_1_147' title='bbox 3357 2338 3712 2413; x_wconf 90' lang='lat' dir='ltr'><strong>protectione</strong></span> <span class='ocrx_word' id='word_1_148' title='bbox 3738 2353 3867 2397; x_wconf 86' lang='lat' dir='ltr'><strong>sus-</strong></span> 
     </span>
    </p>
   </div>
   <div class='ocr_carea' id='block_1_4' title="bbox 1044 860 1318 875">
    <p class='ocr_par' dir='ltr' id='par_1_14' title="bbox 1044 860 1318 875">
     <span class='ocr_line' id='line_1_19' title="bbox 1044 860 1318 875; baseline 0 0"><span class='ocrx_word' id='word_1_149' title='bbox 1044 860 1318 875; x_wconf 95' lang='lat' dir='ltr'><strong> </strong></span> 
     </span>
    </p>
   </div>
   <div class='ocr_carea' id='block_1_5' title="bbox 1034 2436 3871 3734">
    <p class='ocr_par' dir='ltr' id='par_1_15' title="bbox 1034 2436 3871 3194">
     <span class='ocr_line' id='line_1_20' title="bbox 1885 2436 3866 2512; baseline -0.001 -18"><span class='ocrx_word' id='word_1_150' title='bbox 1885 2436 2050 2512; x_wconf 83' lang='lat' dir='ltr'><strong>cipit.</strong></span> <span class='ocrx_word' id='word_1_151' title='bbox 3579 2440 3721 2504; x_wconf 79' lang='grc'>925,</span> <span class='ocrx_word' id='word_1_152' title='bbox 3751 2442 3866 2493; x_wconf 81' lang='grc'><strong>926</strong></span> 
     </span>
     <span class='ocr_line' id='line_1_21' title="bbox 1083 2528 3869 2607; baseline -0 -15"><span class='ocrx_word' id='word_1_153' title='bbox 1083 2532 1275 2607; x_wconf 85' lang='lat' dir='ltr'><strong>[anuo</strong></span> <span class='ocrx_word' id='word_1_154' title='bbox 1359 2565 1775 2587; x_wconf 85' lang='lat'><strong>·······</strong></span> <span class='ocrx_word' id='word_1_155' title='bbox 1809 2565 1889 2578; x_wconf 92' lang='lat'>—</span> <span class='ocrx_word' id='word_1_156' title='bbox 1928 2532 2080 2592; x_wconf 92' lang='lat' dir='ltr'><strong>Cum</strong></span> <span class='ocrx_word' id='word_1_157' title='bbox 2120 2546 2339 2607; x_wconf 88' lang='lat' dir='ltr'><strong>magno</strong></span> <span class='ocrx_word' id='word_1_158' title='bbox 2376 2530 2687 2605; x_wconf 81' lang='lat' dir='ltr'><strong>praeconio</strong></span> <span class='ocrx_word' id='word_1_159' title='bbox 2724 2529 2928 2589; x_wconf 82' lang='lat' dir='ltr'><strong>scribit</strong></span> <span class='ocrx_word' id='word_1_160' title='bbox 2966 2531 3400 2591; x_wconf 75' lang='lat' dir='ltr'><strong>Panormitanis</strong></span> <span class='ocrx_word' id='word_1_161' title='bbox 3442 2528 3555 2589; x_wconf 90' lang='lat' dir='ltr'><strong>sibi</strong></span> <span class='ocrx_word' id='word_1_162' title='bbox 3596 2530 3672 2589; x_wconf 88' lang='lat' dir='ltr'><strong>de</strong></span> <span class='ocrx_word' id='word_1_163' title='bbox 3715 2546 3869 2591; x_wconf 83' lang='lat' dir='ltr'><strong>nova</strong></span> 
     </span>
     <span class='ocr_line' id='line_1_22' title="bbox 1036 2625 3866 2704; baseline -0 -17"><span class='ocrx_word' id='word_1_164' title='bbox 1036 2628 1315 2702; x_wconf 75' lang='lat' dir='ltr'><strong>exeunte]</strong></span> <span class='ocrx_word' id='word_1_165' title='bbox 1888 2633 2155 2690; x_wconf 82' lang='lat' dir='ltr'><strong>consorte</strong></span> <span class='ocrx_word' id='word_1_166' title='bbox 2183 2643 2292 2686; x_wconf 88' lang='lat' dir='ltr'><strong>sua</strong></span> <span class='ocrx_word' id='word_1_167' title='bbox 2326 2632 2528 2686; x_wconf 87' lang='lat' dir='ltr'><strong>natam</strong></span> <span class='ocrx_word' id='word_1_168' title='bbox 2562 2643 2692 2687; x_wconf 77' lang='lat' dir='ltr'><strong>esse</strong></span> <span class='ocrx_word' id='word_1_169' title='bbox 2719 2625 2934 2698; x_wconf 81' lang='lat' dir='ltr'><strong>iiliam3</strong></span> <span class='ocrx_word' id='word_1_170' title='bbox 2965 2643 3117 2702; x_wconf 89' lang='lat' dir='ltr'><strong>quae</strong></span> <span class='ocrx_word' id='word_1_171' title='bbox 3158 2627 3398 2704; x_wconf 89' lang='lat' dir='ltr'><strong>quidem</strong></span> <span class='ocrx_word' id='word_1_172' title='bbox 3433 2626 3730 2686; x_wconf 85' lang='lat' dir='ltr'><strong>masculae</strong></span> <span class='ocrx_word' id='word_1_173' title='bbox 3768 2643 3866 2686; x_wconf 91' lang='lat' dir='ltr'><strong>so-</strong></span> 
     </span>
     <span class='ocr_line' id='line_1_23' title="bbox 1888 2729 3865 2805; baseline -0.002 -15"><span class='ocrx_word' id='word_1_174' title='bbox 1888 2730 2041 2791; x_wconf 86' lang='lat' dir='ltr'><strong>bolis</strong></span> <span class='ocrx_word' id='word_1_175' title='bbox 2068 2745 2234 2805; x_wconf 90' lang='lat' dir='ltr'><strong>spem</strong></span> <span class='ocrx_word' id='word_1_176' title='bbox 2260 2729 2650 2789; x_wconf 86' lang='lat' dir='ltr'><strong>certissimam</strong></span> <span class='ocrx_word' id='word_1_177' title='bbox 2676 2729 2989 2804; x_wconf 90' lang='lat' dir='ltr'><strong>promittit.</strong></span> <span class='ocrx_word' id='word_1_178' title='bbox 3751 2736 3865 2789; x_wconf 81' lang='lat'><strong>929</strong></span> 
     </span>
     <span class='ocr_line' id='line_1_24' title="bbox 1086 2819 3871 2902; baseline -0.003 -10"><span class='ocrx_word' id='word_1_179' title='bbox 1086 2819 1264 2902; x_wconf 74' lang='grc'><strong>[1111110</strong></span> <span class='ocrx_word' id='word_1_180' title='bbox 1365 2859 1776 2892; x_wconf 91' lang='lat'><strong>·······</strong></span> <span class='ocrx_word' id='word_1_181' title='bbox 1808 2860 1888 2872; x_wconf 93' lang='lat'>—</span> <span class='ocrx_word' id='word_1_182' title='bbox 1930 2826 2224 2887; x_wconf 90' lang='lat' dir='ltr'><strong>Omnibus</strong></span> <span class='ocrx_word' id='word_1_183' title='bbox 2253 2825 2592 2884; x_wconf 84' lang='lat' dir='ltr'><strong>civitatibus</strong></span> <span class='ocrx_word' id='word_1_184' title='bbox 2617 2830 2678 2883; x_wconf 90' lang='lat' dir='ltr'><strong>et</strong></span> <span class='ocrx_word' id='word_1_185' title='bbox 2712 2822 2984 2885; x_wconf 80' lang='lat' dir='ltr'><strong>fidelibus</strong></span> <span class='ocrx_word' id='word_1_186' title='bbox 3012 2826 3135 2884; x_wconf 89' lang='lat' dir='ltr'><strong>suis</strong></span> <span class='ocrx_word' id='word_1_187' title='bbox 3175 2826 3342 2902; x_wconf 82' lang='lat' dir='ltr'><strong>regni</strong></span> <span class='ocrx_word' id='word_1_188' title='bbox 3371 2824 3601 2884; x_wconf 75' lang='lat' dir='ltr'><strong>Siclliae</strong></span> <span class='ocrx_word' id='word_1_189' title='bbox 3626 2826 3871 2885; x_wconf 90' lang='lat' dir='ltr'><strong>mandat</strong></span> 
     </span>
     <span class='ocr_line' id='line_1_25' title="bbox 1034 2913 3865 3002; baseline -0 -21"><span class='ocrx_word' id='word_1_190' title='bbox 1034 2913 1315 3000; x_wconf 73' lang='lat' dir='ltr'><strong>exeunte-J</strong></span> <span class='ocrx_word' id='word_1_191' title='bbox 1890 2924 2051 3002; x_wconf 91' lang='lat' dir='ltr'><strong>quod</strong></span> <span class='ocrx_word' id='word_1_192' title='bbox 2087 2922 2311 2983; x_wconf 82' lang='lat' dir='ltr'><strong>faciant</strong></span> <span class='ocrx_word' id='word_1_193' title='bbox 2334 2923 2391 2982; x_wconf 91' lang='lat' dir='ltr'><strong>ei</strong></span> <span class='ocrx_word' id='word_1_194' title='bbox 2421 2920 2785 2993; x_wconf 89' lang='lat' dir='ltr'><strong>subsidium,</strong></span> <span class='ocrx_word' id='word_1_195' title='bbox 2818 2937 3003 2999; x_wconf 90' lang='lat' dir='ltr'><strong>quum</strong></span> <span class='ocrx_word' id='word_1_196' title='bbox 3028 2919 3143 2981; x_wconf 88' lang='lat' dir='ltr'><strong>hac</strong></span> <span class='ocrx_word' id='word_1_197' title='bbox 3169 2922 3298 2981; x_wconf 79' lang='lat' dir='ltr'><strong>vics</strong></span> <span class='ocrx_word' id='word_1_198' title='bbox 3324 2936 3460 2980; x_wconf 92' lang='lat' dir='ltr'><strong>cum</strong></span> <span class='ocrx_word' id='word_1_199' title='bbox 3497 2926 3665 2981; x_wconf 87' lang='lat' dir='ltr'><strong>tanto</strong></span> <span class='ocrx_word' id='word_1_200' title='bbox 3700 2936 3865 2980; x_wconf 82' lang='lat' dir='ltr'><strong>exer-</strong></span> 
     </span>
     <span class='ocr_line' id='line_1_26' title="bbox 1889 3017 3867 3096; baseline -0.003 -16"><span class='ocrx_word' id='word_1_201' title='bbox 1889 3023 2014 3080; x_wconf 90' lang='lat' dir='ltr'><strong>citu</strong></span> <span class='ocrx_word' id='word_1_202' title='bbox 2046 3018 2467 3080; x_wconf 87' lang='lat' dir='ltr'><strong>Lombardiam</strong></span> <span class='ocrx_word' id='word_1_203' title='bbox 2505 3019 2732 3096; x_wconf 83' lang='lat' dir='ltr'><strong>ingredi</strong></span> <span class='ocrx_word' id='word_1_204' title='bbox 2770 3018 3043 3094; x_wconf 87' lang='lat' dir='ltr'><strong>disponat</strong></span> <span class='ocrx_word' id='word_1_205' title='bbox 3085 3017 3246 3094; x_wconf 89' lang='lat' dir='ltr'><strong>quod</strong></span> <span class='ocrx_word' id='word_1_206' title='bbox 3284 3017 3588 3077; x_wconf 87' lang='lat' dir='ltr'><strong>rebellium</strong></span> <span class='ocrx_word' id='word_1_207' title='bbox 3628 3032 3867 3078; x_wconf 87' lang='lat' dir='ltr'><strong>suorum</strong></span> 
     </span>
     <span class='ocr_line' id='line_1_27' title="bbox 1887 3117 3864 3194; baseline -0.001 -18"><span class='ocrx_word' id='word_1_208' title='bbox 1887 3119 2183 3194; x_wconf 85' lang='lat' dir='ltr'><strong>protervia</strong></span> <span class='ocrx_word' id='word_1_209' title='bbox 2208 3117 2605 3176; x_wconf 85' lang='lat' dir='ltr'><strong>conculcetur.</strong></span> <span class='ocrx_word' id='word_1_210' title='bbox 3748 3123 3864 3174; x_wconf 85' lang='grc'><strong>930</strong></span> 
     </span>
    </p>

    <p class='ocr_par' dir='ltr' id='par_1_16' title="bbox 1068 3586 3465 3734">
     <span class='ocr_line' id='line_1_28' title="bbox 1068 3586 3465 3734; baseline -0.002 -75"><span class='ocrx_word' id='word_1_211' title='bbox 1068 3660 1108 3734; x_wconf 66' lang='lat'>¹</span> <span class='ocrx_word' id='word_1_212' title='bbox 1121 3659 1280 3734; x_wconf 67' lang='lat'><strong>231</strong></span> <span class='ocrx_word' id='word_1_213' title='bbox 2213 3587 2565 3679; x_wconf 62' lang='lat' dir='ltr'><strong>Gregorius</strong></span> <span class='ocrx_word' id='word_1_214' title='bbox 2616 3589 2712 3657; x_wconf 85' lang='lat' dir='ltr'><strong>IX</strong></span> <span class='ocrx_word' id='word_1_215' title='bbox 2758 3607 3055 3658; x_wconf 76' lang='lat' dir='ltr'><strong>summus</strong></span> <span class='ocrx_word' id='word_1_216' title='bbox 3096 3586 3465 3679; x_wconf 76' lang='lat' dir='ltr'><strong>pontisem:</strong></span> 
     </span>
    </p>
   </div>
   <div class='ocr_carea' id='block_1_6' title="bbox 1033 3762 1307 3777">
    <p class='ocr_par' dir='ltr' id='par_1_17' title="bbox 1033 3762 1307 3777">
     <span class='ocr_line' id='line_1_29' title="bbox 1033 3762 1307 3777; baseline 0 0"><span class='ocrx_word' id='word_1_217' title='bbox 1033 3762 1307 3777; x_wconf 95' lang='lat' dir='ltr'><strong> </strong></span> 
     </span>
    </p>
   </div>
   <div class='ocr_carea' id='block_1_7' title="bbox 1055 3780 3868 4716">
    <p class='ocr_par' dir='ltr' id='par_1_18' title="bbox 1066 3780 3868 4153">
     <span class='ocr_line' id='line_1_30' title="bbox 1066 3780 3863 3864; baseline -0.002 -19"><span class='ocrx_word' id='word_1_218' title='bbox 1066 3795 1103 3845; x_wconf 81' lang='lat'><strong>4</strong></span> <span class='ocrx_word' id='word_1_219' title='bbox 1130 3793 1281 3864; x_wconf 82' lang='lat' dir='ltr'><strong>sept.</strong></span> <span class='ocrx_word' id='word_1_220' title='bbox 1458 3781 1663 3841; x_wconf 83' lang='lat' dir='ltr'><strong>Reate.</strong></span> <span class='ocrx_word' id='word_1_221' title='bbox 1806 3813 1887 3829; x_wconf 93' lang='lat'><em>-</em></span> <span class='ocrx_word' id='word_1_222' title='bbox 1926 3785 2272 3863; x_wconf 85' lang='lat' dir='ltr'><strong>Reginensi,</strong></span> <span class='ocrx_word' id='word_1_223' title='bbox 2311 3784 2669 3855; x_wconf 82' lang='lat' dir='ltr'><strong>Mutinensi,</strong></span> <span class='ocrx_word' id='word_1_224' title='bbox 2711 3783 3006 3842; x_wconf 84' lang='lat' dir='ltr'><strong>Brixiensi</strong></span> <span class='ocrx_word' id='word_1_225' title='bbox 3048 3781 3338 3857; x_wconf 87' lang='lat' dir='ltr'><strong>episcopis</strong></span> <span class='ocrx_word' id='word_1_226' title='bbox 3373 3785 3434 3839; x_wconf 90' lang='lat' dir='ltr'><strong>et</strong></span> <span class='ocrx_word' id='word_1_227' title='bbox 3475 3780 3660 3840; x_wconf 89' lang='lat' dir='ltr'><strong>electo</strong></span> <span class='ocrx_word' id='word_1_228' title='bbox 3695 3780 3863 3840; x_wconf 83' lang='lat' dir='ltr'><strong>Man-</strong></span> 
     </span>
     <span class='ocr_line' id='line_1_31' title="bbox 1884 3878 3866 3959; baseline -0.002 -20"><span class='ocrx_word' id='word_1_229' title='bbox 1884 3886 2069 3942; x_wconf 78' lang='lat' dir='ltr'><strong>tuano</strong></span> <span class='ocrx_word' id='word_1_230' title='bbox 2115 3882 2318 3941; x_wconf 84' lang='lat' dir='ltr'><strong>scribit</strong></span> <span class='ocrx_word' id='word_1_231' title='bbox 2365 3879 2660 3959; x_wconf 89' lang='lat' dir='ltr'><strong>quomodo</strong></span> <span class='ocrx_word' id='word_1_232' title='bbox 2703 3879 3041 3940; x_wconf 88' lang='lat' dir='ltr'><strong>Fridericus</strong></span> <span class='ocrx_word' id='word_1_233' title='bbox 3096 3878 3501 3938; x_wconf 83' lang='lat' dir='ltr'><strong>Romanorum</strong></span> <span class='ocrx_word' id='word_1_234' title='bbox 3555 3879 3866 3953; x_wconf 86' lang='lat' dir='ltr'><strong>imperator</strong></span> 
     </span>
     <span class='ocr_line' id='line_1_32' title="bbox 1884 3972 3868 4055; baseline -0.001 -19"><span class='ocrx_word' id='word_1_235' title='bbox 1884 3981 2188 4055; x_wconf 87' lang='lat' dir='ltr'><strong>negotium</strong></span> <span class='ocrx_word' id='word_1_236' title='bbox 2215 3976 2608 4039; x_wconf 89' lang='lat' dir='ltr'><strong>Lombardiae</strong></span> <span class='ocrx_word' id='word_1_237' title='bbox 2635 3991 2746 4036; x_wconf 85' lang='lat' dir='ltr'><strong>suo</strong></span> <span class='ocrx_word' id='word_1_238' title='bbox 2784 3974 3028 4035; x_wconf 89' lang='lat' dir='ltr'><strong>arbitrio</strong></span> <span class='ocrx_word' id='word_1_239' title='bbox 3052 3972 3405 4034; x_wconf 83' lang='lat' dir='ltr'><strong>fiducialiter</strong></span> <span class='ocrx_word' id='word_1_240' title='bbox 3429 3975 3787 4034; x_wconf 88' lang='lat' dir='ltr'><strong>commiserit</strong></span> <span class='ocrx_word' id='word_1_241' title='bbox 3808 3981 3868 4034; x_wconf 86' lang='lat' dir='ltr'><strong>et</strong></span> 
     </span>
     <span class='ocr_line' id='line_1_33' title="bbox 1883 4069 3860 4153; baseline -0.003 -18"><span class='ocrx_word' id='word_1_242' title='bbox 1883 4076 2244 4153; x_wconf 87' lang='lat' dir='ltr'><strong>colloquium</strong></span> <span class='ocrx_word' id='word_1_243' title='bbox 2266 4074 2582 4152; x_wconf 81' lang='lat' dir='ltr'><strong>pacificum</strong></span> <span class='ocrx_word' id='word_1_244' title='bbox 2603 4075 2668 4133; x_wconf 90' lang='lat' dir='ltr'><strong>in</strong></span> <span class='ocrx_word' id='word_1_245' title='bbox 2693 4074 2962 4149; x_wconf 85' lang='lat' dir='ltr'><strong>proximo</strong></span> <span class='ocrx_word' id='word_1_246' title='bbox 2990 4069 3284 4132; x_wconf 89' lang='lat' dir='ltr'><strong>celebrare</strong></span> <span class='ocrx_word' id='word_1_247' title='bbox 3310 4069 3598 4130; x_wconf 87' lang='lat' dir='ltr'><strong>intendat.</strong></span> <span class='ocrx_word' id='word_1_248' title='bbox 3749 4078 3860 4130; x_wconf 78' lang='grc'><strong>995</strong></span> 
     </span>
    </p>

    <p class='ocr_par' dir='ltr' id='par_1_19' title="bbox 1055 4167 3864 4716">
     <span class='ocr_line' id='line_1_34' title="bbox 1055 4167 3864 4251; baseline -0.002 -19"><span class='ocrx_word' id='word_1_249' title='bbox 1055 4182 1127 4232; x_wconf 82' lang='lat'><strong>27</strong></span> <span class='ocrx_word' id='word_1_250' title='bbox 1157 4180 1302 4251; x_wconf 87' lang='lat' dir='ltr'><strong>sept.</strong></span> <span class='ocrx_word' id='word_1_251' title='bbox 1455 4171 1656 4232; x_wconf 82' lang='lat' dir='ltr'><strong>Beate.</strong></span> <span class='ocrx_word' id='word_1_252' title='bbox 1802 4203 1884 4218; x_wconf 95' lang='lat'>—</span> <span class='ocrx_word' id='word_1_253' title='bbox 1923 4172 2279 4234; x_wconf 82' lang='lat' dir='ltr'><strong>vercellensi</strong></span> <span class='ocrx_word' id='word_1_254' title='bbox 2306 4178 2367 4233; x_wconf 89' lang='lat' dir='ltr'><strong>et</strong></span> <span class='ocrx_word' id='word_1_255' title='bbox 2392 4173 2683 4234; x_wconf 84' lang='lat' dir='ltr'><strong>Brixiensi</strong></span> <span class='ocrx_word' id='word_1_256' title='bbox 2711 4171 3003 4246; x_wconf 85' lang='lat' dir='ltr'><strong>episcopis</strong></span> <span class='ocrx_word' id='word_1_257' title='bbox 3023 4168 3330 4244; x_wconf 87' lang='lat' dir='ltr'><strong>electoque</strong></span> <span class='ocrx_word' id='word_1_258' title='bbox 3355 4167 3686 4228; x_wconf 83' lang='lat' dir='ltr'><strong>Mantuano</strong></span> <span class='ocrx_word' id='word_1_259' title='bbox 3711 4169 3864 4227; x_wconf 84' lang='lat' dir='ltr'><strong>scri-</strong></span> 
     </span>
     <span class='ocr_line' id='line_1_35' title="bbox 1882 4261 3864 4346; baseline -0.003 -17"><span class='ocrx_word' id='word_1_260' title='bbox 1882 4269 1973 4329; x_wconf 91' lang='lat' dir='ltr'><strong>bit</strong></span> <span class='ocrx_word' id='word_1_261' title='bbox 1996 4270 2158 4346; x_wconf 90' lang='lat' dir='ltr'><strong>quod</strong></span> <span class='ocrx_word' id='word_1_262' title='bbox 2185 4285 2326 4329; x_wconf 93' lang='lat' dir='ltr'><strong>cum</strong></span> <span class='ocrx_word' id='word_1_263' title='bbox 2350 4269 2688 4331; x_wconf 86' lang='lat' dir='ltr'><strong>Fridericus</strong></span> <span class='ocrx_word' id='word_1_264' title='bbox 2707 4309 2725 4340; x_wconf 93' lang='lat'><strong>,</strong></span> <span class='ocrx_word' id='word_1_265' title='bbox 2755 4268 3156 4328; x_wconf 83' lang='lat' dir='ltr'><strong>Romanorum</strong></span> <span class='ocrx_word' id='word_1_266' title='bbox 3187 4266 3525 4341; x_wconf 86' lang='lat' dir='ltr'><strong>imperator,</strong></span> <span class='ocrx_word' id='word_1_267' title='bbox 3562 4280 3702 4325; x_wconf 89' lang='lat' dir='ltr'><strong>cum</strong></span> <span class='ocrx_word' id='word_1_268' title='bbox 3743 4261 3864 4323; x_wconf 81' lang='lat' dir='ltr'><strong>filio</strong></span> 
     </span>
     <span class='ocr_line' id='line_1_36' title="bbox 1882 4362 3864 4444; baseline -0.004 -16"><span class='ocrx_word' id='word_1_269' title='bbox 1882 4370 2013 4444; x_wconf 71' lang='lat' dir='ltr'><strong>eius</strong></span> <span class='ocrx_word' id='word_1_270' title='bbox 2077 4376 2139 4427; x_wconf 92' lang='lat' dir='ltr'><strong>et</strong></span> <span class='ocrx_word' id='word_1_271' title='bbox 2203 4367 2588 4428; x_wconf 85' lang='lat' dir='ltr'><strong>Alemanniae</strong></span> <span class='ocrx_word' id='word_1_272' title='bbox 2640 4365 3009 4443; x_wconf 87' lang='lat' dir='ltr'><strong>principibus</strong></span> <span class='ocrx_word' id='word_1_273' title='bbox 3077 4363 3439 4440; x_wconf 76' lang='lat' dir='ltr'><strong>colloquium</strong></span> <span class='ocrx_word' id='word_1_274' title='bbox 3485 4364 3551 4422; x_wconf 93' lang='lat' dir='ltr'><strong>in</strong></span> <span class='ocrx_word' id='word_1_275' title='bbox 3602 4362 3864 4440; x_wconf 84' lang='lat' dir='ltr'><strong>partibus</strong></span> 
     </span>
     <span class='ocr_line' id='line_1_37' title="bbox 1878 4459 3863 4538; baseline -0.004 -14"><span class='ocrx_word' id='word_1_276' title='bbox 1878 4464 2267 4524; x_wconf 87' lang='lat' dir='ltr'><strong>Lombardiae</strong></span> <span class='ocrx_word' id='word_1_277' title='bbox 2300 4463 2515 4524; x_wconf 88' lang='lat' dir='ltr'><strong>habere</strong></span> <span class='ocrx_word' id='word_1_278' title='bbox 2556 4463 2827 4523; x_wconf 87' lang='lat' dir='ltr'><strong>intendat</strong></span> <span class='ocrx_word' id='word_1_279' title='bbox 2841 4506 2861 4536; x_wconf 90' lang='lat'><strong>,</strong></span> <span class='ocrx_word' id='word_1_280' title='bbox 2902 4462 3019 4538; x_wconf 86' lang='lat' dir='ltr'><strong>ipsi</strong></span> <span class='ocrx_word' id='word_1_281' title='bbox 3058 4465 3342 4519; x_wconf 90' lang='lat' dir='ltr'><strong>moneant</strong></span> <span class='ocrx_word' id='word_1_282' title='bbox 3376 4464 3631 4519; x_wconf 89' lang='lat' dir='ltr'><strong>rectores</strong></span> <span class='ocrx_word' id='word_1_283' title='bbox 3668 4459 3863 4519; x_wconf 88' lang='lat' dir='ltr'><strong>socie-</strong></span> 
     </span>
     <span class='ocr_line' id='line_1_38' title="bbox 1877 4554 3863 4637; baseline -0.003 -18"><span class='ocrx_word' id='word_1_284' title='bbox 1877 4562 2017 4620; x_wconf 87' lang='lat' dir='ltr'><strong>tatis</strong></span> <span class='ocrx_word' id='word_1_285' title='bbox 2044 4560 2435 4621; x_wconf 88' lang='lat' dir='ltr'><strong>Lombardiae</strong></span> <span class='ocrx_word' id='word_1_286' title='bbox 2470 4576 2546 4620; x_wconf 90' lang='lat' dir='ltr'><strong>ne</strong></span> <span class='ocrx_word' id='word_1_287' title='bbox 2588 4559 2731 4637; x_wconf 87' lang='lat' dir='ltr'><strong>quid</strong></span> <span class='ocrx_word' id='word_1_288' title='bbox 2771 4557 3177 4634; x_wconf 90' lang='lat' dir='ltr'><strong>impedimenti</strong></span> <span class='ocrx_word' id='word_1_289' title='bbox 3213 4555 3356 4616; x_wconf 87' lang='lat' dir='ltr'><strong>huic</strong></span> <span class='ocrx_word' id='word_1_290' title='bbox 3394 4554 3688 4632; x_wconf 88' lang='lat' dir='ltr'><strong>colloquio</strong></span> <span class='ocrx_word' id='word_1_291' title='bbox 3713 4554 3863 4615; x_wconf 77' lang='lat' dir='ltr'><strong>affe-</strong></span> 
     </span>
     <span class='ocr_line' id='line_1_39' title="bbox 1877 4660 3859 4716; baseline -0.003 0"><span class='ocrx_word' id='word_1_292' title='bbox 1877 4663 2031 4716; x_wconf 78' lang='lat' dir='ltr'><strong>rant.</strong></span> <span class='ocrx_word' id='word_1_293' title='bbox 3746 4660 3859 4712; x_wconf 80' lang='lat'><strong>267</strong></span> 
     </span>
    </p>
   </div>
  </div>
 </body>
</html>
