4500 5956
574 647 771 705 Ixmcr.
805 641 891 722 9.]
1478 639 1867 700 HISTORIA
1924 633 2507 697 DIPLOMATICA.
3278 632 3394 693 881

576 774 784 855 diam
824 787 898 855 et
933 771 1333 880 praecipue
1363 768 2039 852 Mediolanensium
2075 767 2451 849 civitatem
2489 765 2620 846 ubi
2667 774 2778 846 tot
2820 765 3167 845 haereses
3204 763 3396 871 pul-

576 905 861 1012 lulant,
903 905 1239 1011 primum
1276 901 1767 983 debellandas
1802 901 2104 982 habeat.

739 1091 923 1164 (Edit.
957 1105 1054 1166 ap.
1087 1089 1294 1148 Man.
1324 1088 1561 1159 Panis„
1602 1086 1757 1146 Hist.
1795 1086 2002 1165 major.
2033 1081 2306 1165 Anqlor„
2335 1100 2395 1160 p.
2431 1091 2568 1153 296,
2607 1081 2685 1140 ad
2719 1097 2858 1141 ann.
2907 1090 3090 1154 12863
3131 1088 3192 1142 et
3227 1083 3393 1142 Bn-

819 1212 1031 1267 num,
1053 1193 1216 1253 Arm.
1240 1189 1429 1254 eccles.
1451 1192 1529 1253 ad
1546 1209 1687 1252 ann.
1718 1200 1894 1265 1236,
1917 1192 2075 1263 5111,
2099 1207 2174 1249 ex
2193 1190 2472 1258 Smomo,
2494 1188 2645 1248 Hm.
2668 1203 2833 1267 reqn.
2853 1185 3017 1258 Ital„
3040 1187 3144 1247 lib.
3166 1189 3390 1260 XVIII,

814 1319 874 1379 p.
910 1311 1004 1361 80.
1040 1301 1238 1374 Quum
1265 1300 1600 1360 authentica
1620 1299 1866 1376 epistola
1891 1315 2041 1376 quae
2066 1297 2205 1356 huic
2247 1295 2597 1372 compendio
2623 1296 2943 1355 certissime
2967 1290 3164 1354 locum
3206 1294 3388 1367 dedit,

810 1423 1102 1484 nusquam
1146 1410 1444 1483 appareat,
1474 1405 1871 1482 fragmentum
1916 1407 2011 1464 cui
2055 1403 2199 1462 nihil
2245 1403 2591 1462 sinceritatis
2632 1402 2863 1461 insolita
2899 1416 3007 1461 sua
3050 1400 3239 1460 forma
3275 1400 3393 1460 de-

816 1516 1021 1589 trahit,
1050 1521 1119 1575 ut
1144 1514 1525 1586 arbitramur,
1553 1530 1625 1573 ex
1653 1519 1889 1573 auctore
1915 1527 2131 1572 coaevo
2156 1510 2555 1582 exhibemus.)

679 1676 1083 1769 [Imperator
1109 1674 1389 1746 domino
1424 1669 1922 1768 papae.]1talia
1956 1669 2298 1743 hereditas
2342 1689 2498 1739 mea
2540 1676 2677 1754 est,
2734 1675 2804 1737 et
2852 1666 2985 1738 hoc
3022 1676 3256 1739 notum
3291 1677 3395 1738 est

580 1798 702 1870 toti
735 1799 910 1870 orbi.
956 1796 1300 1869 Anhelare
1338 1794 1430 1868 ad
1471 1796 1692 1867 aliena
1749 1805 1819 1867 et
1864 1794 2138 1889 propria
2193 1793 2579 1885 relinquere
2617 1790 3057 1862 ambitiosum
3108 1800 3286 1862 esset
3326 1800 3396 1863 et

577 1941 897 2008 enorme3
936 1920 1294 2015 presertim
1324 1941 1484 1991 cum
1512 1919 1930 2006 Italicorum,
1958 1917 2286 2012 precipue
2313 1913 2953 1998 Mediolanensium‚
2983 1936 3096 1985 me
3127 1914 3395 2006 injuriis

578 2044 924 2116 lacessivit
974 2044 1379 2132 insolentia,
1442 2044 1515 2113 in
1566 2043 1753 2114 nullo
1799 2042 1968 2112 mihi
2020 2040 2326 2112 debitam
2353 2038 2693 2111 exhibens
2720 2039 3197 2110 reverentiam.
3234 2040 3394 2111 Pre-

576 2178 761 2239 terea
799 2167 1212 2238 christianus
1236 2189 1392 2238 sum
1422 2176 1492 2238 et
1513 2167 2042 2259 qualiscumque
2070 2186 2317 2236 servus
2357 2162 2686 2255 indignus
2722 2162 3001 2252 Christi,
3048 2165 3397 2235 accinctus

574 2290 665 2362 ad
704 2292 927 2363 crucis
951 2291 1266 2361 inimicos
1293 2288 1770 2362 debellandos.
1806 2289 1976 2360 Cum
2007 2289 2219 2380 igitur
2258 2298 2355 2359 tot
2389 2287 2664 2358 hereses
2692 2307 2828 2357 non
2865 2297 3128 2357 tantum
3167 2288 3335 2386 Q
3366 2330 3398 2342 -

577 2414 752 2497 lent,
800 2417 940 2488 imo
981 2418 1375 2510 sngescant
1412 2414 1484 2485 in
1522 2414 1747 2503 ltalia,
1789 2423 1859 2484 et
1885 2415 2029 2504 jam
2073 2412 2332 2510 2123&
2384 2419 2650 2503 segetes
2686 2410 3019 2504 incipiant
3066 2411 3398 2484 suffocare

578 2519 702 2630 pe‘r
743 2538 1057 2611 civitates
1110 2538 1409 2628 Italicas,
1456 2537 1783 2632 precipue
1822 2535 2471 2622 Mediolanensium,
2521 2532 2808 2604 transire
2851 2534 2944 2606 ad
2985 2535 3396 2606 Sarracenos

577 2661 912 2733 hostiliter
954 2661 1462 2755 expugnandos
1493 2670 1562 2731 et
1605 2659 1758 2732 illos
1807 2659 2220 2731 incorrectos
2252 2656 2667 2751 pertransire
2691 2665 2874 2727 esset
2892 2657 3150 2727 vulnus
3176 2655 3397 2729 infixo

575 2784 757 2857 ferro
787 2785 1107 2856 fomentis
1135 2783 1686 2880 superficialibus
1708 2781 2021 2871 delinire,
2047 2794 2115 2853 et
2140 2780 2525 2853 cicatricem
2555 2778 2956 2868 desormem,
2982 2800 3120 2851 non
3158 2778 3396 2852 mede-

578 2908 710 2980 lam
739 2929 1131 3003 procurare.
1163 2909 1331 2980 Item
1356 2909 1545 2981 solus
1578 2928 1735 2980 sum
1769 2916 1840 2978 et
1868 2905 2075 2977 homo
2098 2927 2289 2991 sum,
2334 2923 2463 2974 nec
2491 2903 2586 2975 ad
2617 2911 2884 2973 tantum
2917 2903 3220 2976 laborem
3250 2904 3395 2974 suf-

579 3029 734 3103 ficio
770 3041 848 3102 ut
874 3032 1189 3104 inimicos
1227 3031 1451 3103 crucis
1481 3032 1628 3102 sine
1678 3051 1932 3122 magno
1960 3030 2283 3101 comitatu
2328 3027 2575 3099 adeam
2611 3027 3113 3118 debellaturuS,
3171 3030 3394 3101 incre-

577 3153 775 3227 dulos
812 3157 933 3249 qui
974 3166 1071 3228 tot
1108 3166 1366 3227 suntet
1396 3165 1534 3227 tam
1564 3156 1768 3226 fortes
1800 3152 2297 3247 expugnando.
2359 3153 2609 3223 Iterum
2666 3174 2824 3222 cum
2871 3153 3022 3224 sine
3062 3153 3400 3226 thesauris

577 3278 849 3370 magnis
881 3279 975 3350 ad
1002 3290 1142 3350 tam
1175 3278 1475 3352 arduum
1513 3278 1868 3371 negotium
1902 3297 2314 3369 consurgere
2343 3298 2466 3371 per
2499 3298 2610 3347 me
2633 3298 2767 3347 non
2800 3277 3173 3366 sufficiam,
3234 3298 3401 3372 opes

576 3400 885 3491 ejusdem
915 3411 1093 3472 terre
1115 3398 1188 3471 in
1215 3421 1424 3496 opem
1450 3410 1520 3473 et
1546 3403 1877 3473 ultionem
1904 3398 2231 3471 Crucifixi
2262 3411 2659 3472 convertere
2686 3400 3051 3472 destinavi.
3070 3401 3402 3475 Abundat

577 3523 864 3616 quidem
891 3525 1085 3596 Italia
1117 3525 1327 3596 armis
1347 3578 1366 3616 ,
1405 3526 1603 3619 equis
1630 3534 1700 3597 et
1733 3525 2031 3621 opibus:
2065 3524 2200 3596 hoc
2234 3532 2410 3597 terra
2447 3526 2640 3597 novit
2670 3526 2994 3597 universa
3018 3524 3150 3620 (4).

1533 3694 2478 3703 ——--——.—.——-.-————-—-————·
2505 3693 2740 3700 ..mn—...—

3349 3691 3389 3700 ..a

646 3773 719 3846 (4)
754 3774 837 3831 Ad
872 3775 975 3832 hoc
1011 3792 1225 3849 quoque
1261 3776 1529 3850 pertinere
1558 3783 1770 3852 tempus
1805 3778 2072 3835 credimus
2097 3777 2359 3849 quasdam
2395 3776 2636 3847 Gregorii
2675 3791 2848 3848 papae
2885 3774 3089 3832 litteras
3124 3777 3177 3831 in
3218 3778 3401 3835 codice

580 3869 823 3927 biblioth.
838 3871 1064 3929 vindob.
1095 3872 1293 3930 Philol.
1318 3877 1423 3930 427
1444 3874 1607 3947 (637),
1629 3876 1716 3930 cui
1742 3875 1927 3932 titulus
1946 3875 2212 3933 Gnidonis
2235 3873 2468 3946 epistole,
2495 3872 2534 3928 f.
2560 3874 2663 3929 428
2688 3881 2848 3942 r⁰·v⁰,
2871 3872 3102 3929 insertas
3122 3891 3135 3927 ε
3154 3875 3263 3930 «G.
3287 3876 3398 3946 epi-

580 3987 606 4019 »
628 3983 843 4042 scopuS,
883 3983 1074 4026 servus
1100 3986 1377 4028 servorum
1404 3972 1531 4041 Dei,
1556 3972 1768 4028 dilectis
1806 3973 1862 4027 in
1898 3972 2107 4029 Christo
2144 3970 2267 4027 filiis
2305 3969 2554 4027 omnibus
2590 3968 2953 4041 Longobardis
2985 3971 3323 4041 presentibus
3346 3979 3402 4029 et

578 4082 605 4115 n
626 4064 821 4120 futuris
852 4065 1076 4122 salutem
1110 4073 1165 4124 et
1202 4068 1547 4141 apostolicam
1573 4068 2013 4126 benedictionem.
2032 4067 2206 4124 Aures
2234 4065 2523 4140 apostolice
2553 4063 2823 4137 dignitatis
2847 4070 2994 4122 tanto
3017 4082 3116 4123 nos
3141 4067 3295 4124 decet
3321 4068 3401 4123 in-

577 4179 604 4212 »
626 4161 828 4218 clinare
853 4161 1138 4234 benignius
1156 4164 1223 4220 ad
1243 4164 1536 4221 audiendas
1559 4165 1974 4239 supplicantium
1991 4165 2313 4247 voluntateS,
2334 4167 2533 4234 quanto
2559 4162 2614 4218 id
2639 4162 2782 4234 quod
2805 4163 3058 4219 suadetur
3083 4169 3139 4219 et
3158 4165 3402 4236 queritur

577 4275 604 4308 n
624 4259 954 4331 peramplius
992 4262 1241 4317 convenit
1280 4261 1539 4318 exaudiri.
1567 4263 1798 4335 Ideoque
1820 4263 1981 4335 justis
2022 4261 2274 4336 precibus
2315 4260 2509 4316 vestris
2550 4265 2871 4327 annuentes,
2902 4260 3058 4317 vobis
3083 4262 3139 4318 in
3165 4263 3402 4335 presenti

575 4372 603 4403 n
627 4354 902 4427 privilegio
929 4356 1198 4413 licentiam
1221 4357 1411 4414 damus
1437 4364 1494 4415 et
1516 4360 1856 4415 concedimus
1880 4358 2105 4416 liberam
2132 4363 2448 4432 potestatem
2477 4363 2538 4412 ut
2567 4357 3042 4431 quotienscumque
3074 4359 3274 4416 intrare
3305 4375 3401 4417 vo-

576 4450 784 4507 »luerit
815 4453 1109 4526 imperator
1135 4455 1401 4512 Romanus
1423 4456 1662 4513 Italicam
1695 4457 1995 4529 regionem,
2022 4457 2159 4513 sicut
2185 4456 2240 4511 in
2276 4454 2558 4513 concordia
2584 4453 2943 4511 illustrissime
2977 4454 3085 4512 filie
3119 4455 3261 4514 bone
3290 4473 3403 4515 me-

580 4568 605 4597 ·
626 4548 798 4604 morie
823 4550 1005 4621 regine
1033 4551 1344 4609 Constantia
1371 4553 1414 4625 (!
1433 4552 1477 4626 l)
1505 4554 1823 4622 continetur,
1847 4554 2064 4626 possitis
2089 4553 2399 4610 societatem
2423 4551 2599 4607 facere
2625 4557 2681 4607 et
2693 4552 3009 4624 juramentis
3024 4559 3082 4611 et
3097 4554 3403 4627 promissio-

578 4662 606 4695 »
631 4644 790 4701 nibus
829 4661 928 4702 vos
972 4647 1135 4719 ligare
1171 4666 1270 4722 pro
1298 4652 1491 4707 vestris
1519 4652 1807 4708 rationibus
1833 4650 2241 4722 conservandis,
2272 4651 2432 4707 salvis
2465 4649 2758 4707 honoribus
2789 4658 2843 4708 et
2877 4652 3117 4709 serviciis
3143 4651 3407 4709 universis

581 4760 607 4791 ι)
628 4758 734 4814 que
760 4743 1015 4800 Romanis
1042 4746 1375 4820 principibus
1401 4748 1493 4819 qui
1518 4763 1616 4822 pro
1643 4753 1883 4821 tempore
1913 4748 2110 4804 suerint
2131 4753 2374 4821 prestare
2402 4746 2609 4804 dehetis
2632 4747 2701 4805 de
2727 4752 2883 4821 pacto
2911 4747 2996 4804 vel
3024 4748 3405 4805 consuetudine

736 4843 842 4902 lv.
885 4856 998 4900 Pus
1024 4860 1068 4901 2.
2976 4852 3081 4905 111

3507 1048 3747 1192 Μ
