4500 5956
1000 562 1119 624 936
2095 565 2711 628 ADDITAMENTA.

1005 700 1153 794 ipse
1188 697 1435 771 nostris
1464 697 1768 770 consiliis
1789 699 2271 772 obsecundans
2300 700 2579 774 arbitrio
2617 708 2846 773 nostro
2880 698 3294 773 fiducialiter
3325 723 3401 774 se
3433 702 3809 794 commisit,

1005 821 1182 894 sicut
1214 844 1307 894 ex
1342 821 1581 895 litteris
1605 824 1755 913 ejus
1780 843 1988 895 aurea
2017 821 2207 895 bulla
2233 823 2542 915 munitis,
2576 845 2872 918 quarum
2904 833 3207 895 tenorem
3234 823 3433 896 vobis
3462 826 3594 896 sub
3626 825 3817 898 bulla

1002 955 1232 1019 nostra
1268 945 1813 1037 transmittimus,
1856 947 2138 1042 potestis
2169 949 2438 1042 plenius
2468 948 2747 1021 intueri.
2778 931 2950 1020 Cum
2985 947 3195 1041 igitur
3226 947 3594 1042 imperator
3628 948 3816 1043 paci·

1007 1067 1133 1142 fice
1164 1070 1528 1162 cujuslibet
1565 1069 1888 1143 violentie
1915 1072 2305 1167 suspicione
2337 1080 2708 1161 summota,
2742 1094 2900 1143 cum
2936 1069 3076 1145 filio
3107 1080 3178 1143 et
3212 1070 3638 1166 principibus
3672 1071 3817 1142 suis

1004 1192 1315 1265 intendat
1365 1193 1781 1288 colloquium
1840 1193 2188 1267 celebrare
2244 1206 2322 1267 ut
2372 1193 2838 1268 reconciliatio
2899 1197 3099 1289 plena
3156 1193 3307 1285 fiat,
3370 1215 3499 1267 nec
3551 1204 3812 1266 tantum

1000 1318 1259 1389 bonum
1308 1316 1541 1411 aliquo
1584 1317 1810 1390 valeat
1861 1317 2060 1389 obice
2105 1317 2486 1413 prepediti,
2528 1318 3001 1390 discretionem
3037 1327 3335 1390 vestram
3376 1338 3701 1409 rogamus
3747 1326 3816 1389 et

1002 1461 1364 1514 monemus
1416 1450 1668 1513 attente
1713 1461 1836 1535 per
1878 1440 2271 1536 Apostolica
2315 1440 2517 1513 vobis
2551 1441 2804 1535 scripta
2849 1439 3256 1512 mandantes
3302 1448 3642 1533 quatenus
3693 1438 3815 1511 di-

1002 1566 1193 1637 lectis
1230 1562 1385 1635 filiis
1416 1564 1796 1637 rectoribus
1829 1563 2169 1637 societatis
2203 1565 2514 1656 ejusdem
2548 1565 2676 1636 hec
2699 1564 2929 1637 omnia
2964 1571 3386 1658 exponentes
3423 1571 3492 1635 et
3532 1583 3816 1635 enume-

1002 1698 1231 1760 rantes
1294 1687 1598 1781 pericula
1646 1709 1785 1781 que
1845 1688 2330 1761 inevitabiliter
2377 1688 2845 1777 imminerent,
2890 1688 3073 1782 ipsos
3120 1686 3452 1759 moneatis
3507 1684 3813 1780 pruden-

1002 1825 1103 1884 ter
1141 1821 1210 1884 et
1242 1810 1606 1883 efficaciter
1630 1811 1975 1884 inducatis
2010 1822 2090 1883 ut
2116 1812 2319 1884 saluti
2353 1822 2423 1884 et
2448 1811 2667 1906 quieti
2701 1832 2827 1883 sue
2868 1810 3184 1883 studeant
3218 1807 3610 1904 providere.
3664 1809 3814 1893 Que

1007 1945 1234 2007 autem
1282 1934 1481 2007 vobis
1533 1934 1860 2007 duxerint
1899 1935 2418 2030 respondenda,
2470 1935 2672 2008 nobis
2715 1935 3023 2007 celeriter
3071 1956 3198 2028 per
3244 1943 3506 2006 vestras
3558 1933 3813 2006 litteras

1006 2061 1321 2131 intimare
1357 2058 1632 2130 curetis.
1671 2058 1875 2143 Quod
1901 2059 1960 2130 si
1993 2081 2132 2131 non
2168 2080 2441 2145 omnes,
2480 2069 2645 2145 etc.,
2689 2058 2830 2131 duo
2861 2067 3200 2147 vestrum,
3237 2067 3369 2131 etc.

1101 2185 1347 2255 Datum
1384 2184 1615 2269 Reate,
1647 2184 1702 2254 11
1732 2205 1949 2256 nonas
1976 2184 2408 2278 septembris,
2452 2181 2890 2277 pontificatus
2923 2183 3134 2255 nostri
3167 2203 3350 2255 anno
3385 2181 3469 2254 V.

1104 2431 1426 2524 Sequitur
1462 2429 1672 2502 altera
1718 2428 2000 2524 epistola
2049 2427 2311 2501 eisdem
2358 2428 2617 2501 directa
2663 2438 2732 2500 et
2776 2430 2874 2500 illi
2917 2451 3129 2523 quam
3168 2450 3261 2502 ex
3296 2428 3650 2525 Raynaldo
3684 2427 3809 2500 de·

1009 2554 1237 2628 dimus
1270 2553 1390 2644 (cf.
1431 2574 1673 2648 supra,
1721 2575 1792 2647 p.
1832 2553 2005 2645 268)
2038 2555 2177 2625 fere
2221 2552 2459 2647 quoad
2499 2575 2776 2626 sensum
2820 2553 3224 2638 consimilis,
3271 2553 3403 2625 nisi
3444 2551 3634 2646 quod
3680 2550 3808 2624 ad·

1004 2679 1190 2750 ditur
1225 2706 1243 2750 :
1290 2703 1325 2747 (ι
1359 2679 1445 2751 Ut
1485 2687 1713 2749 autem
1750 2676 2196 2749 dubitationis
2231 2678 2600 2771 scrupulus
2642 2676 2732 2749 de
2781 2676 3247 2749 vacillantium
3285 2676 3609 2748 cordibus
3659 2696 3813 2747 me-

1006 2802 1136 2874 lius
1188 2805 1558 2891 auferatur,
1603 2800 1884 2896 probate
1939 2799 2102 2872 fidei
2159 2799 2384 2871 virum
2448 2800 2772 2873 dilectum
2830 2799 3047 2871 filium
3105 2801 3507 2893 magistrum
3565 2799 3811 2872 domus

999 2926 1356 3022 hospitalis
1387 2928 1634 2999 Sancte
1670 2925 1881 2998 Mario
1928 2924 2534 3014 Theutonicorum,
2572 2927 2769 3019 cujus
2805 2925 3439 3021 circumspectionis
3472 2924 3809 2997 industria

1002 3048 1231 3122 reddit
1279 3051 1507 3145 ipsum
1550 3049 1792 3121 merito
1844 3049 2255 3141 gratiosum,
2325 3049 2415 3122 ad
2473 3059 2700 3143 partes
2767 3050 3178 3123 Lombardie
3237 3050 3606 3144 imperator
3664 3049 3811 3142 ipse

1004 3175 1395 3245 transmittit
1429 3194 1547 3267 per
1580 3194 1786 3265 quem
1823 3193 1907 3244 ea
1942 3173 2212 3245 tractari
2261 3195 2617 3267 speramus
2653 3194 2794 3266 que
2841 3172 2935 3245 ad
2974 3174 3163 3268 pacis
3199 3173 3538 3267 pertinent
3580 3171 3809 3243 firma·

1009 3306 1343 3370 mentum.
1414 3296 1717 3388 Ideoque
1771 3295 2168 3367 fraternitati
2231 3306 2459 3369 vestre
2505 3318 2628 3391 per
2664 3296 3058 3391 Apostolica
3111 3296 3360 3390 scripta
3400 3294 3811 3367 mandamus

1011 3431 1352 3514 quatenus
1392 3418 1462 3488 in
1514 3418 1650 3489 hiis
1696 3438 1834 3511 que
1875 3416 2056 3488 idem
2103 3418 2427 3511 magister
2471 3440 2563 3491 ex
2611 3429 2802 3513 parte
2853 3419 3072 3513 ipsius
3115 3419 3543 3514 imperatoris
3586 3427 3807 3491 recto-

1005 3544 1201 3616 ribus
1233 3542 1513 3637 prefatis
1548 3550 1878 3635 exponet,
1921 3541 2054 3611 sibi
2086 3541 2309 3613 taliter
2349 3541 2678 3614 assistatis
2719 3540 2912 3635 quod
2952 3562 3076 3635 per
3101 3542 3253 3633 ejus
3289 3553 3359 3614 et
3390 3551 3617 3613 vestre
3659 3540 3811 3614 dis-

1002 3666 1317 3741 cretionis
1357 3665 1666 3738 studium
1707 3664 1900 3759 quod
1946 3663 2038 3736 de
2088 3666 2425 3758 colloquio
2466 3666 2873 3760 premissum
2926 3677 3031 3736 est
3071 3664 3163 3737 ad
3206 3663 3533 3737 honorem
3579 3665 3703 3737 Dei
3744 3676 3811 3736 et

1001 3792 1304 3865 Ecclesie
1351 3812 1433 3862 ac
1478 3790 1906 3884 imperatoris
1965 3788 2278 3880 ejusdem
2331 3809 2599 3861 necnon
2631 3808 2871 3883 pacem
2925 3797 2993 3859 et
3040 3787 3597 3881 tranquillitatem
3646 3807 3810 3883 pro-

999 3917 1228 3988 vincie
1254 3913 1659 3986 Lombardie
1684 3911 1992 3985 debitum
2021 3922 2481 4006 consequatur
2507 3912 2848 3984 effectum.
2880 3911 3197 3983 Ceterum
3228 3920 3306 3983 ut
3336 3912 3591 4006 liqueat
3609 3911 3809 3984 vobis

999 4040 1295 4134 qualiter
1327 4038 1552 4112 eidem
1599 4037 1992 4131 imperatori
2035 4037 2510 4131 scripserimus
2544 4036 2613 4107 in
2648 4036 2778 4106 hac
2808 4044 3039 4128 parte,
3095 4035 3574 4130 transcriptum
3628 4034 3806 4106 litte-

999 4186 1232 4236 rarum
1279 4171 1660 4234 nostrarum
1693 4181 1857 4232 ecce
1898 4160 2097 4231 vobis
2139 4161 2272 4232 sub
2303 4159 2490 4231 bulla
2533 4167 2762 4232 nostra
2809 4157 3142 4229 duximus
3177 4157 3799 4230 transmittendum.

1098 4313 1135 4356 »
1179 4288 1428 4356 Datum
1466 4284 1708 4375 Reate,
1748 4285 1807 4355 V
1835 4281 2166 4354 kalendas
2197 4282 2533 4367 octobris,
2565 4303 2747 4354 anno
2780 4283 2865 4353 V.
2903 4306 2939 4350 »

1090 4411 1192 4480 De
1224 4430 1299 4479 re
1332 4407 1573 4480 eadem
1606 4416 1676 4479 et
1708 4427 1865 4478 cum
1901 4406 2080 4478 notis
2107 4406 2606 4498 chronologicis
2636 4404 2896 4477 eisdem
2934 4404 3257 4497 scriptum
3290 4412 3396 4475 est
3429 4403 3807 4476 rectoribus

988 4530 1335 4605 societatis
1389 4528 1835 4602 Lombardiae
1893 4539 1963 4600 et
2017 4530 2341 4624 episcopo
2404 4527 2913 4621 Ratisponensi,
2973 4527 3339 4621 imperialis
3391 4529 3589 4600 aulae
3632 4547 3806 4599 can-

986 4643 1285 4728 cellariO.
