4500 5956
1119 610 1240 670 714
2158 609 2499 668 HENRICI
2553 606 2888 670 sssP'rml
3564 609 3725 693 [Arne.
3761 610 3927 672 1235.

1225 1262 1593 1346 Henricus
1608 1323 1631 1369 ,
1698 1259 2220 1343 Romanorum
2283 1285 2416 1341 rex
2440 1320 2464 1364 ,
2529 1258 3076 1341 monasterium
3137 1260 3235 1342 de
3306 1258 3585 1344 Sancto
3640 1262 3932 1347 Urbano

1125 1394 1270 1478 sub
1307 1421 1449 1477 sua
1509 1394 1967 1503 protectione
2029 1391 2321 1500 recipit,
2388 1400 2463 1472 et
2515 1390 2831 1473 sculteto
2891 1391 2989 1472 de
3042 1390 3411 1476 Solodoro
3470 1396 3928 1506 caeterisque

1119 1524 1609 1636 Burgundiae
1671 1523 2090 1606 rectoribus
2144 1523 2461 1605 mandat
2512 1532 2599 1604 ut
2650 1546 2779 1604 eos
2841 1522 2976 1632 qui
3029 1524 3576 1609 monasterium
3636 1525 3930 1609 laedere

1117 1654 1798 1767 praesumpserint,
1837 1655 2246 1763 reprimere
2282 1679 2438 1737 non
2475 1654 2854 1737 omittant.

1283 1897 1472 1971 (Edit.
1504 1912 1601 1972 ap.
1641 1892 1864 1956 Soloth.
1915 1890 2332 1965 Wochenblatt,
2372 1910 2530 1954 anno
2577 1902 2763 1969 1828,
2792 1902 2858 1954 n·
2882 1902 2992 1968 41,
3041 1911 3103 1971 p.
3147 1902 3291 1957 446.
3317 1926 3397 1940 -
3425 1893 3501 1956 Et
3541 1912 3639 1973 ap.
3692 1894 3928 1957 Vel-mla

1359 2002 1518 2061 einer
1559 1997 1817 2062 dormit.
1868 1998 1965 2060 des
2007 1996 2138 2079 ctist
2179 1995 2539 2080 Enqelberq,
2568 2017 2623 2076 p.
2666 2008 2813 2074 113,
2845 2007 2912 2059 n⁰
2952 2008 3021 2078 5,
3060 2016 3134 2061 ex
3169 2001 3435 2079 orlgtualt
3461 2002 3630 2061 unde
3672 2002 3926 2079 sigillum

1355 2124 1590 2168 cereum
1617 2107 1834 2183 pendet
1859 2122 1997 2166 cum
2043 2107 2426 2183 inscriptione
2451 2105 2643 2180 solita,
2675 2110 2907 2181 praeter
2939 2096 3103 2183 quod
3141 2105 3218 2166 ad
3250 2106 3533 2167 thronum
3573 2107 3790 2185 legltur
3830 2106 3928 2167 ΕΤ

1351 2209 1873 2289 nux-svnvm.)

1212 2426 1339 2513 11„
1377 2426 1504 2498 Dei
1544 2425 1766 2517 gratia
1807 2425 2268 2497 Romanorum
2308 2443 2436 2494 rex
2479 2432 2550 2495 et
2593 2443 2868 2518 semper
2901 2433 3240 2518 augustus
3260 2476 3280 2513 ,
3320 2425 3607 2497 sculteto
3659 2423 3751 2497 de
3792 2426 3930 2498 So-

1118 2549 1355 2623 lodoro
1386 2556 1456 2621 et
1494 2548 1737 2621 ceteris
1780 2544 2180 2639 Burgundio
2232 2544 2616 2618 rectoribus
2670 2545 2804 2619 sub
2844 2545 3105 2620 ditione
3154 2568 3282 2619 sua
3325 2546 3736 2640 degentibus
3770 2569 3926 2640 gra-

1116 2674 1282 2745 tiam
1316 2693 1515 2747 suam
1557 2681 1625 2744 et
1668 2691 1875 2745 omne
1914 2669 2199 2741 bonum.
2241 2668 2421 2752 Quia
2468 2666 2690 2740 honor
2745 2669 2930 2761 regis
2982 2680 3088 2741 est
3132 2669 3480 2760 judicium
3529 2670 3818 2764 diligere
3861 2680 3930 2743 et

1113 2796 1407 2869 Domino
1452 2795 1861 2867 famulantes
1896 2792 2028 2864 sub
2076 2791 2517 2887 protectionis
2551 2811 2677 2862 sue
2710 2791 3096 2865 munimine
3139 2813 3585 2882 conservare,
3631 2814 3794 2866 nam
3843 2813 3929 2866 eo

1112 2919 1491 2993 studiosius
1533 2938 1661 3011 pro
1700 2917 1845 2988 vita
1890 2915 2075 3007 regis
2114 2913 2555 3008 filiorumque
2586 2915 2738 3005 ejus
2771 2911 2873 3007 (⁴)
2906 2934 3106 2987 orare
3142 2923 3463 3011 poterunt
3493 2937 3635 3010 quo
3669 2916 3924 2990 fuerint

1112 3064 1154 3114 a
1190 3044 1488 3113 tumultu
1537 3061 1761 3112 rerum
1806 3039 2216 3112 secularium
2254 3038 2540 3129 seclusi,
2574 3037 2766 3131 quod
2800 3036 2946 3111 fieri
2985 3059 3124 3111 nou
3164 3047 3388 3134 potest
3422 3040 3555 3113 nisi
3586 3042 3926 3136 predones

1112 3172 1477 3237 arceantur
1530 3173 1601 3233 et
1634 3162 1973 3234 bonorum
2023 3162 2227 3234 saluti
2271 3160 2660 3233 invidentes
2699 3171 3209 3253 semoveantur,
3247 3162 3554 3257 alioquin
3595 3163 3672 3235 id
3711 3163 3930 3237 effec-

1115 3293 1262 3359 tum
1327 3306 1466 3358 non
1529 3282 1849 3373 habebit3
1901 3283 2092 3357 unde
2147 3284 2472 3358 omnibus
2529 3283 2711 3358 hanc
2752 3285 3078 3379 paginam
3132 3285 3649 3379 inspicientibus
3702 3296 3931 3382 pateat

1114 3409 1308 3504 quod
1353 3409 1846 3483 monasterium
1896 3407 1986 3481 de
2023 3410 2275 3482 Sancto
2336 3409 2608 3482 Urbano
2661 3431 2820 3482 cum
2875 3411 3204 3483 omnibus
3245 3412 3671 3506 pertinentiis
3730 3414 3874 3487 suis
3904 3471 3921 3499 ,

1112 3534 1364 3607 intuitu
1392 3533 1518 3606 Dei
1555 3536 1849 3626 eJ'usque
1876 3532 2307 3606 sanctissime
2339 3534 2725 3625 Genitricis,
2764 3534 2897 3607 sub
2929 3536 3420 3629 protectionem
3457 3546 3754 3609 nostram
3804 3558 3928 3609 re—

1114 3660 1464 3754 cepimus,
1544 3678 1921 3750 eorumque
2002 3655 2334 3729 offensam
2387 3658 2605 3730 veluti
2654 3665 2952 3731 nostram
3011 3679 3441 3734 execramus.
3501 3660 3928 3756 Quapropter

1110 3783 1316 3857 vobis
1362 3780 1782 3878 precipimus
1840 3789 1910 3853 et
1955 3780 2089 3852 sub
2142 3780 2434 3853 obtentu
2489 3782 2707 3874 gratie
2744 3790 2974 3854 nostre
3024 3783 3468 3878 precipiendo
3515 3784 3925 3858 mandamus

1185 4137 1256 4210 (4)
1295 4137 1396 4193 Hic
1434 4151 1648 4210 quoque
1672 4135 1847 4209 prima
1874 4141 1929 4191 et
1964 4134 2123 4191 unica
2155 4134 2275 4192 vice
2312 4133 2404 4190 filii
2440 4135 2581 4207 regis
2608 4142 2988 4207 memorantur,
3013 4138 3273 4196 Henricus
3306 4138 3509 4196 scilicet
3535 4145 3590 4197 et
3623 4140 3924 4198 Fridericus

1114 4235 1311 4292 vocati.
1339 4234 1442 4304 Qui
1474 4233 1633 4290 ambo
1670 4233 1846 4289 adhuc
1874 4232 2082 4307 parvuli
2107 4237 2230 4304 post
2257 4232 2643 4305 depositionem
2668 4233 2834 4306 patris
2856 4249 2966 4292 una
3000 4250 3125 4291 cum
3166 4236 3284 4309 ipso
3321 4235 3538 4292 filerunt
3578 4236 3633 4292 iu
3677 4237 3922 4312 Apuliam

1113 4330 1353 4401 relegati.
1381 4329 1670 4385 Henricum
1695 4328 1982 4384 immatura
2009 4333 2180 4385 morte
2207 4334 2558 4399 praeventum
2593 4344 2713 4386 esse
2746 4330 3040 4403 credimus,
3068 4330 3198 4388 dum
3222 4330 3423 4388 nullum
3450 4333 3519 4389 de
3549 4348 3615 4391 eo
3641 4334 3924 4406 vestigium

1113 4425 1366 4498 supersit.
1398 4425 1696 4482 Fridericus
1721 4440 1851 4482 vero
1888 4424 1940 4480 in
1979 4424 2256 4499 privilegio
2284 4424 2369 4480 avi
2397 4426 2481 4482 sui
2520 4426 2590 4483 de
2626 4442 2813 4484 mense
2841 4428 3036 4486 martio
3076 4431 3216 4487 4245
3242 4430 3395 4487 testis
3429 4435 3485 4487 et
3518 4430 3573 4486 in
3601 4437 3920 4490 testamento

1116 4522 1356 4595 ejusdem
1379 4521 1448 4577 de
1474 4535 1663 4577 mense
1696 4519 1969 4577 decembri
2010 4523 2149 4577 4250
2173 4520 2367 4578 haeres
2394 4528 2633 4596 apparet.
2660 4527 2814 4581 Anno
2847 4527 2985 4582 4252
3025 4525 3175 4582 obiit.
3206 4525 3379 4594 Quem
3406 4543 3615 4585 veneno
3653 4529 3921 4586 sublatum

1118 4620 1264 4677 fama
1292 4617 1410 4688 suit,
1440 4615 1565 4674 licet
1589 4617 1865 4674 Conradus
1897 4632 1991 4673 rex
2025 4617 2157 4673 tanti
2184 4617 2401 4676 sceleris
2420 4619 2626 4677 crimen
2651 4621 2755 4679 sibi
2778 4621 3097 4681 intentatum
3123 4623 3279 4681 valde
3304 4625 3448 4698 apud
3489 4641 3687 4700 papam
3711 4627 3925 4685 refelle-

1114 4717 1204 4777 rit.
1237 4716 1317 4776 Cf.
1342 4716 1523 4775 Mur.
1549 4714 1758 4784 Parus„
1781 4712 2077 4782 Additum„
2105 4730 2160 4788 p.
2186 4717 2310 4773 426.
