4500 5956
1105 578 1224 638 734
2097 579 2525 641 rmnssmcl
2575 582 2919 643 sncnnm
3538 582 3696 666 [An.
3738 583 3907 645 1235.

1267 712 1475 790 (Edid.
1506 712 1784 792 Bonan,
1818 711 2076 775 Golden-te
2115 716 2438 797 Anzeiqen,
2487 722 2637 790 etc.,
2677 726 2864 791 1849,
2907 735 2968 796 p.
3003 725 3117 780 994
3162 722 3223 777 et
3260 733 3427 796 seqq.
3470 723 3530 780 et
3561 715 3775 780 Archiv
3795 715 3914 797 fia·

1345 816 1557 879 Kunde
1588 817 1835 881 oesterr.
1868 818 2058 883 Gesch.
2084 819 2337 904 qroellen,
2376 832 2552 903 1850,
2581 830 2629 884 t.
2657 826 2711 902 1,
2741 842 2804 902 p.
2836 834 2976 900 59⁴,
3005 832 3073 884 n·
3098 823 3208 897 IV,
3239 832 3300 884 2.
3330 825 3629 902 originale
3660 829 3823 885 extat
3847 826 3912 885 ln

1343 926 1585 986 archivo
1609 926 2027 1006 Bambergensi
2052 927 2157 989 ubl
2184 929 2390 990 eadem
2418 946 2601 990 manu
2628 930 2707 990 ad
2730 937 2963 1008 tergum
2990 946 3372 1008 pergamenae
3395 931 3608 1007 legitur
3637 948 3654 989 z
3687 928 3914 990 domim

1340 1031 1730 1092 Romanorum
1757 1034 2125 1112 imperatori,
2156 1041 2216 1095 et
2241 1034 2397 1095 infra
2427 1036 2495 1097 C.
2538 1033 2608 1095 de
2630 1033 2956 1095 ΗσΙιιπΙοι-Ιι
2973 1080 2990 1108 ,
3020 1042 3134 1096 etc.
3169 1035 3376 1114 Cujus,
3406 1037 3561 1096 sIeut
3604 1041 3665 1096 et
3704 1038 3913 1113 prioris

1341 1138 1702 1212 documenti,
1739 1139 1833 1200 fac
1858 1141 2048 1200 simile
2075 1140 2294 1200 ibidem
2321 1140 2596 1201 exhibuit
2621 1142 2842 1203 Hc‘ifler.
2871 1142 3113 1204 Nullum
3139 1141 3315 1218 sigilli
3349 1138 3708 1218 vestigium.)

1199 1297 1643 1369 Serenissimo
1673 1296 1953 1369 domiuo
1979 1318 2106 1369 suo
2131 1299 2240 1371 Fr.
2282 1298 2742 1372 Romanorum
2774 1300 3165 1395 imperatori
3197 1321 3466 1395 semper
3493 1298 3903 1394 augusto,C.

1106 1420 1193 1492 de
1222 1420 1619 1493 Hohenloch
1655 1441 1880 1492 comes
1903 1422 2260 1509 Romanie,
2299 1423 2380 1494 Η.
2426 1422 2888 1495 marschalcus
2912 1423 3002 1495 de
3031 1422 3410 1517 Bapinhain
3442 1432 3513 1494 et
3533 1424 3609 1496 C.
3648 1422 3739 1494 de
3763 1424 3912 1495 Blo-

1102 1544 1393 1638 ohingen
1419 1544 1728 1615 debitum
1765 1553 1833 1614 et
1865 1553 2176 1639 paratum
2213 1545 2284 1615 in
2317 1547 2640 1618 omnibus
2673 1546 3361 1641 obsequium.Vestra
3385 1546 3560 1618 scire
3592 1546 3912 1640 dignetur

1098 1668 1501 1742 excellentia
1547 1667 1739 1760 quod
1788 1689 2015 1741 comes
2062 1669 2284 1760 Egino
2330 1669 2420 1741 de
2466 1670 2806 1742 Vriburch
2855 1668 2957 1765 (l)
3006 1670 3076 1741 in
3110 1670 3328 1742 Urach
3365 1645 3671 1743 munitus
3695 1670 3910 1742 multa

1101 1790 1494 1864 collectione
1533 1790 1824 1861 militum
1855 1799 1923 1863 et
1959 1772 2249 1863 aliorum
2275 1793 2633 1865 hominum
2680 1816 2756 1866 se
2786 1793 3038 1865 locavit
3069 1793 3140 1863 in
3178 1793 3562 1888 dampnum
3612 1802 3680 1865 et
3710 1792 3910 1886 igno-

1099 1914 1378 1985 miniam
1413 1914 1845 2008 imperatorie
1865 1916 2262 2007 majestatie,
2297 1916 2712 2011 pretendens
2739 1915 2930 2011 quod
2964 1916 3120 1988 siin
3154 1917 3354 1989 bonis
3387 1917 3534 1989 suis
3560 1917 3650 1988 ab
3678 1916 3909 2009 aliquo

1100 2039 1522 2126 offendatur,
1583 2040 1753 2110 velit
1786 2060 1910 2133 pro
1943 2039 2209 2111 viribus
2245 2040 2628 2134 prohibere.
2666 2042 2808 2114 Nec
2849 2049 3078 2113 tamen
3119 2062 3277 2113 eum
3312 2040 3408 2112 ibi
3445 2041 3626 2113 bona
3656 2060 3910 2134 cogno·

1100 2162 1331 2233 vimus
1370 2162 1600 2255 aliqua
1642 2163 1961 2234 retinere.
1998 2163 2317 2236 Preterea
2358 2164 2534 2237 scire
2569 2164 2949 2259 dignemini
2980 2164 3171 2259 quod
3221 2187 3377 2236 cum
3413 2163 3779 2258 Nipharius
3805 2161 3911 2258 (2)

1098 2306 1319 2379 nuper
1343 2285 1624 2357 domum
1648 2297 1807 2357 ante
1819 2285 2106 2357 Achalm
2139 2296 2610 2381 expugnasset
2630 2298 2699 2360 et
2727 2288 2824 2359 ibi
2847 2297 3114 2361 nostros
3141 2288 3456 2360 homines
3472 2288 3905 2381 captivasset,

1098 2409 1322 2482 dictus
1354 2432 1581 2482 comes
1615 2411 1837 2504 Egino
1862 2432 1981 2483 eos
2031 2411 2103 2480 in
2142 2411 2366 2483 Urach
2399 2412 2682 2507 recepit,
2710 2419 2781 2485 et
2810 2410 3043 2483 adhuc
3087 2412 3186 2482 ibi
3222 2432 3379 2482 cum
3410 2432 3493 2483 eo
3520 2420 3904 2505 morantur,

1094 2543 1161 2606 et
1198 2545 1472 2629 propter
1507 2533 1638 2605 hoc
1690 2534 1782 2606 ad
1819 2533 2249 2606 obsidionem
2297 2536 2500 2606 castri
2541 2536 2808 2629 Niphen
2853 2535 3092 2608 venire
3137 2555 3276 2607 non
3313 2556 3715 2629 possumus,
3777 2533 3910 2604 nisi

1093 2659 1365 2754 copiam
1392 2658 1747 2731 hominum
1779 2657 1970 2753 quod
2005 2658 2350 2751 possimus
2381 2658 2484 2730 eis
2517 2659 2832 2731 resistere
2860 2658 3262 2730 habeamus.
3300 2658 3484 2743 Quid
3523 2678 3732 2752 super
3777 2656 3911 2729 hiis

1094 2783 1339 2854 facturi
1378 2783 1597 2855 simus
1640 2782 1841 2855 nobis
1891 2790 2119 2854 vestra
2165 2778 2549 2855 dominatio
2599 2781 2802 2854 citius
2851 2778 3178 2872 dignetur
3221 2780 3618 2853 rescribere.
3672 2779 3911 2852 Dictus

1094 2906 1280 2978 enim
1316 2929 1546 2981 comes
1580 2906 1828 3002 Egino,
1871 2914 2236 3003 postquam
2265 2906 2638 3002 Spannagil
2673 2904 2771 3003 (3)
2795 2928 2839 2978 a
2871 2905 3070 2981 nobis
3092 2906 3414 2997 recessit,
3449 2904 3716 2980 laborat
3746 2927 3909 2978 om-

1095 3031 1303 3102 nibus
1338 3031 1561 3130 modis
1593 3030 1685 3105 ad
1719 3032 2034 3105 homines
2062 3031 2521 3125 acquirendos
2552 3027 2679 3125 (t).

1165 3254 1239 3327 (4)
1279 3254 1468 3313 Comes
1501 3255 1590 3312 ille
1630 3256 1717 3312 cui
1761 3254 1943 3312 multis
1994 3255 2152 3313 bonis
2195 3260 2254 3312 et
2293 3255 2588 3313 honoribus
2633 3269 2729 3311 rex
2773 3255 3034 3313 Henricus
3073 3255 3411 3330 providerat,
3451 3254 3579 3314 belli
3621 3255 3678 3312 in
3717 3256 3908 3315 Suevia

1093 3351 1345 3409 summoti
1373 3357 1539 3423 caput
1568 3357 1625 3407 et
1656 3351 1811 3423 quasi
1842 3351 2093 3425 princeps
2132 3352 2298 3409 fuisse
2328 3351 2560 3409 videtur.
2588 3351 2839 3410 Devictus
2861 3357 3042 3409 tamen
3079 3352 3224 3409 haud
3252 3352 3420 3411 multo
3450 3359 3571 3428 post
3599 3352 3762 3425 obiit,
3806 3353 3906 3412 sci·

1091 3449 1215 3506 licet
1234 3451 1303 3506 23
1324 3448 1442 3521 julii
1462 3450 1621 3505 ⁴236.
1646 3447 1726 3504 Cf.
1749 3450 2122 3520 Scaosrnrn,
2150 3450 2300 3506 Hist.
2323 3448 2746 3518 lan-Bm„
2764 3449 2860 3507 lib.
2889 3449 2956 3521 H,
2982 3453 3011 3517 5
3034 3450 3152 3521 VII,
3171 3468 3224 3524 p.
3249 3453 3373 3509 229.

1162 3546 1232 3620 (2)
1268 3546 1415 3609 Idem
1438 3547 1529 3618 qui
1552 3561 1734 3618 supra,
1761 3545 2010 3603 videlicet
2031 3546 2310 3604 Heinricus
2336 3547 2406 3604 de
2433 3547 2611 3606 Nifen.

1164 3645 1236 3720 (3)
1271 3645 1350 3701 Ex
1389 3643 1587 3699 familia
1636 3643 2026 3702 Stauffensibus
2069 3644 2433 3702 addictissima
2472 3645 2691 3702 nuntius
2734 3644 2821 3702 ille
2868 3644 2971 3701 fuit
2987 3685 3004 3714 ,
3052 3643 3181 3702 licet
3221 3643 3279 3701 in
3323 3645 3615 3720 privilegiis
3658 3647 3906 3706 Friderici

1091 3743 1311 3800 secundi
1356 3757 1464 3798 non
1512 3741 1687 3799 adhuc
1724 3742 2052 3814 apparuerit.
2098 3742 2381 3817 Spannagil
2409 3741 2627 3815 quidam
2663 3742 2878 3799 nomine
2913 3743 3189 3800 conradus
3230 3742 3285 3799 in
3316 3743 3466 3799 curia
3508 3743 3735 3819 Philippi
3770 3745 3910 3820 regis

1094 3857 1218 3899 ann.
1246 3842 1384 3897 ⁴200
1415 3844 1469 3896 et
1495 3841 1635 3896 ⁴205
1663 3840 1912 3910 affuerat,
1941 3840 2096 3913 cujus
2139 3839 2279 3896 filius
2303 3839 2388 3897 vel
2415 3855 2582 3912 nepos
2608 3840 2838 3897 nominis
2862 3839 3104 3912 ejusdem
3137 3839 3195 3895 in
3232 3840 3506 3915 privilegio
3532 3842 3811 3899 ConradIni
3840 3843 3908 3900 de

1094 3954 1230 3995 anno
1258 3938 1419 4009 ⁴262,
1449 3939 1516 3992 46
1544 3936 1772 4010 augusti,
1808 3937 1965 3994 testis
1992 3952 2207 4010 quoque
2233 3936 2561 3994 inscribitur.

1166 4034 1238 4108 (t)
1277 4037 1389 4092 Has
1431 4040 1490 4091 et
1531 4050 1671 4107 quae
1701 4034 2028 4107 praecedunt
2072 4034 2277 4091 litteras
2296 4077 2311 4105 ,
2347 4049 2512 4106 quum
2553 4032 2627 4090 ibi
2667 4032 2843 4090 desint
2884 4031 3099 4090 omnino
3142 4032 3546 4106 chronologicae
3585 4039 3769 4105 notae,
3801 4049 3905 4091 non

1093 4138 1217 4189 ante
1251 4137 1536 4189 exeuntem
1561 4131 1771 4203 junium
1807 4147 1915 4204 quo
1950 4137 2190 4204 tempore
2236 4132 2530 4204 imperator
2564 4130 2712 4187 circa
2756 4133 2938 4204 partes
2968 4130 3196 4187 Sueviae
3228 4130 3536 4201 advenerit,
3564 4147 3739 4204 neque
3785 4139 3908 4206 post

1092 4228 1293 4286 curiam
1334 4230 1690 4301 maguntinam
1747 4228 1840 4285 ubi
1891 4246 1957 4286 ex
1994 4229 2228 4285 unanimi
2266 4230 2569 4302 principum
2604 4243 2826 4285 assensu
2865 4227 3120 4285 Friderici
3164 4228 3587 4287 adversariorum
3625 4234 3738 4287 tota
3781 4245 3908 4304 spes

1091 4325 1306 4383 evanuit
1332 4367 1346 4396 ,
1376 4326 1708 4398 reponendas
1751 4340 1872 4382 esse
1915 4339 2218 4382 censemus.
2252 4325 2419 4381 Nobis
2467 4325 2786 4382 sententiam
2812 4324 3009 4384 Hotleri
3040 4341 3106 4382 ex
3142 4326 3525 4383 commentario
3564 4326 3908 4399 praelaudato

1081 4423 1201 4496 jam
1246 4421 1665 4493 assectantibus,
1695 4437 1892 4478 novam
1930 4421 2199 4479 Staelinus
2247 4421 2377 4478 huic
2415 4422 2651 4495 opinioni
2696 4422 2821 4480 fidei
2865 4437 3088 4480 causam
3125 4423 3329 4495 attulit,
3367 4428 3482 4479 tum
3516 4437 3582 4479 ex
3615 4422 3902 4484 Wirtemb.

1093 4517 1442 4587 Jahrbiicher,
1471 4519 1635 4588 4848,
1681 4523 1722 4574 t.
1750 4519 1802 4589 1,
1831 4534 1891 4590 p.
1926 4520 2189 4588 lto-tu,
2225 4523 2340 4574 tum
2388 4533 2457 4575 ex
2498 4518 2722 4592 epistola
2764 4535 2873 4593 qua
2906 4520 2976 4577 ad
3001 4536 3117 4577 rem
3147 4519 3514 4577 elucidandam
3539 4534 3639 4576 nos
3677 4519 3909 4577 salutare

1094 4616 1248 4674 solita
1278 4614 1591 4672 liberalitate
1628 4614 1816 4671 voluit.
1867 4615 2022 4673 Unde
2049 4629 2235 4671 mense
2268 4614 2398 4687 julio
2439 4620 2497 4672 et
2532 4616 2754 4675 forsitan
2791 4617 2921 4675 dum
2961 4617 3249 4692 imperator
3289 4616 3623 4676 Wormatiae
3658 4617 3905 4690 degeret,

1085 4714 1193 4772 duo
1221 4713 1576 4771 instrumenta
1616 4711 1781 4769 ruisse
1818 4711 2018 4784 scripta
2044 4712 2375 4784 conjicimus.
