4500 5956
1533 539 1801 602 ,mnnx
1848 537 2543 599 DOCUMENTORUM.
3341 538 3463 602 989

630 743 884 861 32—36

647 877 724 930 29
740 853 899 931 novs
972 869 1332 930 interamne.
1405 898 1487 912 —
1521 864 1902 944 Aquilegensi
1929 874 1990 927 et
2023 865 2310 927 Gradensi
2337 865 2709 943 pattiarchis,
2740 866 3072 926 Ravennati
3101 871 3159 924 et
3182 865 3464 926 Januensi

1481 962 1929 1040 archiepiscopis
1963 978 2284 1039 eorumque
2319 961 2711 1040 suffraganeis
2753 964 3092 1037 episcopum
3130 962 3462 1022 Ostiensem

1480 1066 1541 1120 et
1564 1061 1813 1121 Sanctae
1833 1059 2086 1120 Sabinae
2107 1059 2514 1137 presbyterum
2541 1058 2899 1120 cardinalem
2916 1058 3311 1130 commendat,
3328 1061 3460 1136 qui-

1480 1155 1595 1216 bus
1632 1159 1696 1214 in
1734 1156 2124 1229 Lombardia,
2153 1155 2421 1215 Marchia
2447 1155 2786 1226 Tervisina,
2825 1155 3172 1215 Romauiola
3217 1160 3277 1214 et
3317 1171 3457 1230 par-

1477 1252 1638 1312 tibus
1663 1253 2043 1314 Venetiamm
2070 1253 2375 1329 legationis
2401 1251 2666 1313 officium
2699 1252 3022 1323 commisit,
3047 1256 3117 1324 ut
3141 1250 3223 1310 ibi
3248 1265 3454 1327 pacem

1478 1347 1796 1409 reformare
1821 1356 2158 1424 procurent.
3336 1354 3453 1423 925

652 1715 862 1794 123¹
1795 1668 2119 1738 isenricus
2160 1670 2182 1757 <
2197 1665 2346 1761 VII)
2384 1668 2826 1737 Romanorum
2883 1689 3063 1738 rem:

626 1847 894 1907 1⁰octob.
1045 1850 1257 1913 Ballis.
1396 1877 1474 1892 -
1513 1847 1859 1923 Praeposito
1884 1855 1944 1909 et
1966 1851 2286 1909 conventui
2314 1850 2390 1909 de
2415 1848 2801 1910 Denkendorf
2828 1851 3238 1926 proprietatem
3272 1851 3452 1910 unius

1471 1943 1722 2019 patellae
1746 1945 1885 2004 salis
1921 1948 1984 2003 in
2011 1946 2250 2004 civitate
2277 1961 2387 2005 sua
2430 1944 2618 2006 Hallis
2660 1944 2838 2005 libere
2870 1945 3186 2006 tenendam
3222 1951 3282 2005 et
3315 1962 3450 2022 per-

1469 2045 1647 2115 petuo
1673 2040 2088 2116 possidendam
2114 2040 2355 2101 confert.
3332 2049 3447 2100 555

651 2142 722 2195 19
748 2141 869 2197 oct.
1053 2139 1233 2216 Apud
1388 2163 1471 2177 -
1510 2133 1731 2195 Notum
1760 2134 1901 2195 iacit
1924 2135 2085 2212 quod
2114 2137 2446 2214 Berngerus
2483 2135 2774 2212 Spirensis
2809 2138 3116 2215 episcopus
3151 2137 3260 2196 sibi
3301 2153 3448 2197 con-

959 2235 1318 2316 Augustam‚
1469 2231 1608 2291 tulit
1641 2232 2011 2293 advocatiam
2062 2234 2135 2293 de
2171 2232 2452 2293 Luzheim
2491 2234 2552 2292 in
2591 2233 2786 2304 feudo,
2815 2234 2920 2294 tali
2966 2241 3140 2311 pacto
3186 2240 3254 2295 ut
3293 2235 3446 2295 hanc

1466 2316 2031 2391 advocatinm‘nuno
2049 2332 2227 2392 modo
2254 2332 2330 2392 ab
2353 2333 2597 2408 imperio
2623 2331 2926 2392 alienaret.
3330 2340 3445 2392 556

657 2438 693 2489 5
715 2445 854 2491 nov.
1050 2430 1228 2509 Apud
1329 2444 1340 2450 ·
1391 2459 1468 2470 —
1506 2427 1604 2487 Ad
1649 2428 2139 2505 supplicationem
2183 2428 2526 2489 Theoderici
2573 2429 2946 2490 'treverensis
2988 2427 3439 2506 archiepiscopi,

955 2523 1307 2606 Augustam.
1464 2527 1814 2585 monasterio
1840 2526 1917 2586 de
1942 2525 2340 2586 Hemmenrod
2364 2527 2428 2584 in
2450 2524 2687 2585 Eifi'alia
2707 2525 3011 2585 ecclesiam
3033 2525 3190 2601 apud
3212 2525 3445 2603 Altripp

1464 2620 1691 2682 confert
1728 2638 1866 2682 cum
1915 2625 2190 2684 omnibus
2232 2623 2600 2701 pertinentiis
2642 2623 2772 2697 ejus
2807 2629 2867 2681 et
2898 2625 3035 2698 jure
3070 2627 3436 2698 patronatus.

3097 2725 3208 2777 557
3240 2724 3299 2777 et
3322 2726 3438 2777 950

627 2821 702 2874 22
729 2830 869 2876 ro.
928 2813 1048 2894 Ap.
1067 2816 1327 2881 Ulmam.
1385 2846 1461 2862 —
1498 2816 1795 2876 Ecclesiae
1821 2813 2184 2893 Augustensi
2223 2817 2587 2893 recoffloscit
2622 2821 2681 2874 et
2720 2812 3029 2874 confirmat
3064 2814 3439 2874 medietatem

1462 2914 1855 2991 precariarum
1888 2930 1990 2973 seu
2031 2914 2408 2974 collectarum
2444 2928 2594 2991 quas
2620 2915 2744 2991 ipse
2770 2928 2807 2973 a
2842 2911 3072 2973 civibus
3101 2910 3440 2989 Augusteu-

1459 3011 1622 3072 sibus
1649 3010 1923 3088 deinceps
1950 3011 2187 3071 duxerit
2208 3010 2553 3089 exigendas.
3321 3019 3435 3071 557

629 3111 696 3165 21
729 3106 859 3169 dec.
1037 3108 1217 3188 Apud
1380 3141 1462 3157 —
1499 3111 1762 3171 Sculteto
1789 3117 1851 3171 et
1888 3110 2121 3172 civibus
2154 3111 2229 3170 de
2256 3110 2444 3171 Hallis
2471 3111 2717 3171 mandat
2742 3116 2811 3171 ut
2839 3110 3063 3170 nullam
3091 3110 3167 3170 ab
3199 3110 3442 3171 ecclesia

956 3205 1309 3285 Haguenau.
1459 3207 1535 3268 de
1561 3207 1879 3270 Schonthal
1904 3210 2230 3285 precariam
2264 3211 2510 3286 exigant
2534 3209 2608 3270 de
2632 3210 2794 3269 omni
2821 3207 2943 3269 sale
2966 3223 3089 3286 quo
3113 3214 3439 3268 conventus

1457 3306 1706 3383 indiget.
3319 3314 3435 3365 558

629 3400 696 3454 31
731 3393 859 3458 dec.
1041 3400 1219 3477 Apud
1379 3433 1458 3447 —
1496 3403 1716 3464 Villam
1751 3403 2041 3463 TatInriet
2077 3400 2280 3482 (Delie)
2324 3401 2401 3463 ab
2440 3404 2690 3482 Hugoue
2732 3402 2945 3464 abbate
2979 3401 3347 3464 Morbacensi
3374 3405 3433 3462 in

946 3496 1304 3575 Hagenowe.
1455 3506 1682 3560 rectum
1709 3499 1953 3560 feudum
1983 3506 2264 3577 perpetuo
2298 3501 2709 3577 possidendam
2735 3503 2964 3578 recipit,
2991 3517 3062 3561 ea
3102 3501 3436 3560 conditione

1454 3601 1525 3656 ut
1545 3597 1764 3656 ibidem
1790 3597 2074 3673 oppidum
2094 3602 2404 3658 construat
2422 3601 2593 3675 cujus
2611 3604 2932 3674 proventus
2953 3599 3275 3673 aequaliter
3298 3612 3435 3656 cum

1452 3690 1667 3753 abbate
1693 3693 1947 3766 dividet,
1989 3709 2295 3770 nunquam
2340 3694 2707 3770 praedictum
2743 3694 3024 3770 oppidum
3060 3708 3435 3770 quocumque

630 3751 846 3830 1232
1450 3790 1624 3849 titulo
1651 3788 1728 3850 ab
1756 3792 2002 3867 imperio
2027 3791 2413 3851 alienaturus.
3314 3795 3430 3848 559

639 3887 697 3940 1·
716 3883 846 3957 jan.
1033 3880 1215 3958 Apud
1370 3919 1452 3934 —
1490 3888 1880 3948 Donationem
1927 3904 2107 3965 quam
2149 3894 2317 3965 pater
2364 3903 2509 3948 suus
2561 3893 2622 3949 et
2667 3888 2793 3963 ipse
2844 3886 3110 3947 fecerunt
3154 3884 3426 3962 hospitali

941 3978 1305 4058 Hagenowe.
1450 3984 1699 4044 Sanctae
1741 3984 1968 4044 Mariae
2013 3983 2509 4044 Tbeutonicorum
2548 3983 2624 4043 de
2662 3983 2907 4043 ecclesia
2947 3982 3192 4052 Kunitz,
3233 3981 3427 4041 denuo

1448 4076 1780 4150 confirmat,
1806 4094 1926 4138 non
1945 4077 2317 4138 obstantibus
2341 4077 2549 4138 litteris
2574 4093 2681 4154 per
2704 4077 2968 4153 iniquam
2995 4075 3426 4152 suggestionem

1449 4189 1486 4234 a
1511 4189 1575 4234 se
1601 4174 1857 4235 obtentis
1882 4175 1978 4234 vel
2003 4191 2156 4251 quae
2182 4176 2247 4234 in
2273 4180 2573 4252 posterum
2597 4172 2817 4233 fuerint
2841 4171 3135 4232 obtentae.
3307 4179 3423 4231 560

628 4273 698 4327 15
721 4269 848 4346 jan.
1033 4269 1212 4348 Apud
1369 4301 1451 4316 —
1488 4268 1730 4330 Civibus
1755 4269 1831 4330 de
1856 4270 2269 4343 Frankinfort,
2301 4269 2660 4348 Wepflaria,
2687 4267 3006 4345 Friedberg
3038 4273 3100 4326 et
3124 4266 3426 4328 Gelnhau-

923 4366 1310 4446 Nuremberg.
1450 4383 1554 4428 sen
1581 4370 1875 4445 promittit
1900 4368 2061 4446 quod
2096 4383 2404 4446 nunquam
2445 4368 2701 4446 aliquem
2726 4382 2930 4427 eorum
2966 4372 3138 4444 coget
3175 4366 3252 4427 ad
3292 4384 3425 4428 ma-

1447 4465 1739 4526 ritandam
1764 4463 1950 4526 filiam
1974 4482 2143 4526 suam
2170 4467 2348 4526 alicui
2373 4464 2448 4526 de
2475 4467 2638 4525 curia
2673 4466 2764 4525 vel
2793 4470 2961 4524 extra
2987 4466 3211 4526 curiam
3228 4507 3246 4542 ‚
3276 4473 3336 4526 et
3363 4470 3425 4528 in

1448 4565 1739 4640 praesenti
1785 4562 1972 4623 filiam
2014 4563 2302 4624 Johannis
2339 4562 2645 4625 Goldstein
2687 4563 2763 4623 de
2806 4562 3204 4624 Frankenfort
3242 4581 3279 4624 a
3320 4566 3424 4625 tali

1446 4661 1746 4721 coacuoue
1773 4660 2002 4720 eximit.
2386 4687 2389 4690 ·
3308 4669 3415 4721 561
