4500 5956
602 597 795 659 iamet.
829 595 923 672 9.]
1496 589 1889 652 HISTORIA
1936 590 2521 655 DIPLOMATmA.
3294 596 3410 658 851

603 743 858 804 trorum
905 729 1189 803 consilio
1226 727 1649 823 principum,
1692 728 1881 822 apud
1922 728 2338 802 Placentiam
2372 730 2474 823 (a)
2511 731 2861 804 solennem
2894 731 3159 803 curiam
3205 730 3416 804 duxi·

605 877 755 926 mus
788 850 1266 940 indicendam,
1303 848 1398 922 ad
1430 870 1644 942 quam
1667 849 1757 922 ab
1787 851 1968 924 Urbe
2003 852 2168 924 citra
2190 853 2501 924 omnium
2528 854 2883 925 civitatum
2911 853 3103 925 Italie
3131 854 3423 926 nuncios

606 978 1004 1049 invitamus,
1047 975 1292 1069 Ibique
1326 974 1773 1068 quamplures
1808 974 2168 1046 nobiscum
2213 976 2561 1070 principes
2589 986 2855 1048 nostros
2892 976 3308 1049 habebimus
3351 977 3424 1048 in

607 1098 987 1173 honorabili
1041 1096 1406 1184 comitiva3
1463 1098 1724 1188 legatos
1757 1097 1961 1168 etiam
2022 1099 2330 1169 omnium
2383 1120 2625 1190 regum
2674 1099 3202 1172 occidentalium
3262 1123 3421 1195 par-

603 1224 772 1294 tium
797 1279 814 1309 ,
854 1241 1032 1314 quos
1086 1221 1229 1292 fere
1263 1239 1504 1292 omnes
1537 1218 1888 1290 affinitatis
1932 1220 2130 1292 nobis
2177 1222 2534 1294 vinculum
2588 1222 2949 1293 unanimes
2992 1224 3134 1313 jam
3172 1222 3422 1312 effecit,

606 1346 861 1419 ibidem
906 1345 1145 1438 procul
1191 1342 1407 1415 dubio
1464 1363 1590 1413 nos
1637 1342 1984 1415 credimus
2019 1342 2412 1438 habituroS,
2459 1354 2534 1415 ut
2577 1345 2976 1417 intentionis
3022 1355 3251 1417 nostre
3303 1368 3429 1418 sa-

605 1469 800 1542 lubre
839 1468 1203 1541 consilium
1258 1487 1341 1538 ac
1402 1465 1826 1560 propositum
1844 1520 1864 1557 ,
1908 1465 2099 1559 quod
2151 1467 2241 1540 de
2290 1466 2599 1540 subsidio
2648 1470 2851 1540 Terre
2901 1469 3025 1541 Dei
3080 1477 3150 1542 et
3199 1473 3429 1543 refor-

610 1594 907 1666 matione
948 1591 1210 1684 jurium
1264 1589 1571 1661 Ecclesie
1608 1596 1677 1660 et
1729 1589 2000 1683 imperii
2061 1590 2132 1661 in
2190 1591 2384 1664 Italia
2443 1602 2513 1663 et
2563 1600 2745 1663 statu
2796 1591 3084 1687 pacifico
3132 1595 3433 1686 regionis

610 1718 919 1808 ejusdem
957 1715 1075 1810 pia
1109 1722 1337 1786 mente
1373 1713 1839 1807 concepimus,
1880 1713 1951 1783 in
1988 1714 2340 1786 solennem
2373 1723 2442 1787 et
2486 1715 2833 1809 publicam
2877 1716 3164 1811 prodeat
3199 1719 3434 1791 notio-

614 1862 809 1929 nem;
847 1848 916 1911 et
964 1840 1024 1911 si
1075 1847 1264 1910 tanta
1316 1837 1677 1909 rebellium
1724 1837 1929 1908 fuerit
1983 1839 2264 1910 inventa
2316 1839 2753 1932 protervitas,
2790 1840 2982 1933 quod
3018 1862 3148 1912 nec
3182 1840 3275 1913 ad
3309 1841 3435 1914 Dei

613 1964 960 2054 negotium
1011 1983 1140 2034 nec
1176 1961 1268 2035 ad
1307 1960 1524 2033 decus
1558 1960 1824 2055 imperii
1865 1969 1936 2032 et
1968 1961 2269 2034 Ecclesie
2309 1961 2526 2034 velint
2552 1962 2811 2035 babere
2846 1975 3258 2058 respectum,
3294 1974 3432 2037 tam

612 2087 897 2160 celebris
948 2085 1311 2158 tribunalis
1345 2085 1422 2157 in
1458 2105 1578 2157 eos
1621 2083 1955 2157 sententie
1988 2083 2268 2176 gladius
2302 2094 2625 2159 exeratur
2666 2112 2683 2156 ε
2724 2108 2863 2181 que
2900 2087 3156 2160 nullius
3194 2090 3439 2183 appel-

612 2212 884 2285 lationis
934 2232 1063 2284 nec
1127 2208 1654 2305 supplicationis
1706 2209 2012 2282 remedio
2064 2208 2551 2303 suspendetur,
2604 2210 2732 2282 sed
2782 2212 2854 2281 in
2903 2233 3046 2283 rem
3099 2213 3438 2286 transiens

609 2335 1028 2427 judicatam,
1072 2332 1392 2407 effectum
1444 2330 1653 2404 dante
1711 2332 2003 2404 Domino
2052 2332 2362 2406 debitum
2401 2355 2441 2405 e
2476 2334 2771 2426 vestigio
2824 2344 3307 2429 consequetur.
3350 2337 3437 2408 Et

617 2469 689 2530 nt
749 2461 820 2530 in
868 2457 1192 2531 omnibus
1235 2457 1566 2548 antiquus
1615 2463 1683 2528 et
1734 2456 2014 2530 debitus
2057 2478 2208 2529 mos
2254 2466 2324 2528 et
2373 2456 2593 2530 honor
2630 2459 2900 2552 imperii
2960 2470 3430 2546 conservetur,

618 2604 778 2655 ecce
811 2582 1004 2677 quod
1039 2590 1200 2655 ante
1244 2581 1490 2654 faciem
1537 2589 1840 2652 nostram
1875 2580 1965 2653 de
2019 2581 2451 2675 principibus
2503 2583 2750 2653 nostris
2801 2583 3103 2676 aliquem
3147 2583 3437 2677 premit-

617 2717 880 2795 temus,
938 2707 1051 2777 cui
1125 2706 1500 2800 plenariam
1564 2704 1888 2777 dabimus
1943 2713 2345 2799 potestatem
2417 2706 2895 2778 universitates
2950 2706 3293 2800 quaslibet
3355 2728 3438 2778 ac

619 2832 820 2903 etiam
870 2850 1201 2926 personas
1260 2827 1646 2923 singulares
1693 2837 1894 2899 extra
1942 2828 2266 2900 culminis
2303 2828 2514 2900 nostri
2551 2829 2840 2921 gratiam
2892 2828 2963 2901 in
3015 2829 3246 2900 banno
3299 2829 3438 2900 im-

616 2956 787 3050 perii
841 2954 1253 3046 existenteS,
1314 2953 1387 3025 in
1445 2951 1944 3047 plenitudinem
1988 2961 2220 3025 nostre
2269 2953 2488 3045 gratie
2530 2953 2874 3049 recipere,
2934 2965 3139 3051 prout
3194 2954 3438 3028 honori

617 3089 848 3153 nostro
900 3089 971 3152 et
1017 3078 1286 3174 imperii
1355 3074 1612 3149 viderit
1672 3077 2030 3171 expedire.
2087 3076 2549 3150 Premittendo
2593 3078 2800 3151 etiam
2859 3079 3152 3174 principi
3210 3089 3440 3173 potes·

619 3213 821 3275 tatem
878 3204 1186 3275 conferre
1252 3201 1692 3274 decrevimus
1758 3200 1828 3271 in
1897 3211 2339 3273 contumaces
2407 3222 2589 3274 nova
2644 3202 2876 3275 banna
2942 3201 3310 3275 decernere
3373 3212 3443 3276 et

620 3326 848 3400 debita
904 3348 1024 3399 eos
1081 3324 1681 3398 animadversione
1733 3324 2014 3419 punire3
2067 3325 2182 3397 ilio
2229 3326 2666 3420 presentibus
2709 3326 3089 3420 expressim
3141 3327 3434 3419 inserto,

619 3451 807 3546 quod
843 3472 969 3522 nos
999 3450 1461 3545 promittimus
1506 3448 1995 3523 inviolabiliter
2041 3450 2442 3541 observare,
2485 3460 2555 3522 et
2590 3450 2944 3522 observari
2980 3451 3067 3523 ab
3104 3452 3446 3524 universis

620 3584 686 3647 et
747 3576 1043 3667 singulis
1109 3572 1379 3668 imperii
1431 3572 1752 3645 fidelibus
1799 3583 1871 3645 et
1913 3573 2345 3668 principibus
2395 3548 2722 3647 faciemus
2762 3573 3096 3668 quicquid
3140 3575 3229 3648 de
3287 3597 3448 3647 res-

623 3700 1003 3773 tauratione
1034 3698 1251 3788 gratie
1283 3706 1513 3769 nostre
1553 3718 1712 3768 cum
1747 3697 2170 3790 quibuslibet
2206 3697 2771 3770 universitatibus
2812 3719 2936 3769 seu
2972 3699 3283 3791 personis
3325 3720 3450 3793 per

623 3825 845 3917 ipsum
890 3823 1193 3897 extiterit
1231 3820 1621 3894 ordinatum
1674 3846 1691 3890 :
1747 3842 1875 3891 nec
1921 3820 2150 3891 minus
2200 3819 2442 3891 honori
2483 3829 2553 3890 et
2597 3820 2932 3891 voluntati
2964 3830 3195 3892 nostre
3241 3822 3445 3893 satis-

622 3949 876 4020 factum
903 3947 1317 4020 habebimus
1349 3945 1779 4038 quicunque,
1827 3943 2011 4015 dicto
2052 3943 2361 4037 principe
2404 3941 2773 4029 mediante,
2818 3943 3107 4035 gratiam
3145 3954 3446 4017 nostram

624 4072 854 4146 debita
885 4070 1252 4144 devotione
1276 4069 1688 4164 poposcerit,
1715 4088 1927 4160 quam
1956 4066 2015 4137 si
2051 4088 2092 4139 a
2123 4065 2325 4137 nobis
2362 4066 2581 4160 ipsam
2615 4067 3044 4160 presentibus
3077 4066 3439 4141 obtineret.

623 4198 720 4268 Tu
754 4217 950 4286 vero,
994 4195 1185 4267 velut
1216 4192 1438 4266 fidelis
1470 4204 1539 4266 et
1565 4191 1901 4287 prudens,
1935 4191 2226 4285 teipsum
2266 4189 2358 4263 ad
2391 4189 2653 4261 curiam
2690 4211 2899 4283 supra
2941 4190 3191 4263 dictam
3229 4191 3447 4265 hono·

702 4486 786 4558 (a)
831 4484 903 4543 In
938 4485 1111 4559 epist.
1136 4482 1290 4541 Petr.
1329 4481 1403 4541 de
1428 4480 1616 4539 Vinea
1641 4485 1700 4539 et
1728 4483 1788 4539 in
1815 4481 1997 4540 Paris.
2033 4479 2220 4539 codic.
2252 4478 2574 4554 Pamnam;
2601 4479 2800 4537 minus
2824 4482 3023 4537 tamen
3045 4484 3226 4553 recte,
3256 4496 3445 4557 quum

626 4607 698 4650 ex
744 4592 876 4652 aliis
919 4592 1215 4651 discamus
1258 4589 1614 4649 testimoniis
1649 4587 1874 4646 curiam
1912 4586 2072 4664 apud
2108 4586 2470 4659 Placentiam
2499 4584 2780 4646 indictam
2817 4600 2892 4644 ex
2929 4583 3219 4662 legatione
3241 4586 3448 4647 Jacobi

627 4697 953 4758 Prenestini
979 4697 1236 4775 episcopi
1259 4695 1604 4771 impeditam
1632 4695 1917 4754 extitisse.
