4500 5956
1815 633 2437 697 ADmTAuENTA.
3404 626 3526 689 937

1215 931 1551 942 —————

813 1204 1358 1314 Fragmentum
1415 1202 1511 1285 de
1554 1201 1937 1312 colloquio
1999 1228 2047 1284 0
2097 1201 2517 1285 rectoribus
2581 1200 2954 1284 societatis
3024 1201 3523 1287 Lombardiae

712 1339 915 1448 apud
949 1337 1375 1420 Bononiam
1426 1333 1842 1441 celebrato,
1882 1335 1979 1417 de
2030 1336 2360 1419 adventu
2423 1334 2848 1444 legatorum
2900 1345 2977 1417 et
3008 1336 3104 1418 de
3135 1335 3526 1444 inopinato

710 1469 1186 1579 imperatoris
1222 1494 1270 1550 0
1302 1468 1661 1551 Ravenna
1696 1466 2063 1549 discessu.

880 1695 1126 1776 (Inedit.
1168 1713 1248 1757 ex
1279 1696 1483 1757 codice
1521 1692 1799 1756 Bibliotb.
1829 1694 2041 1770 imper.
2068 1692 2285 1768 Paris„
2312 1709 2445 1754 ane.
2481 1690 2667 1773 fonds
2714 1690 2885 1768 latin,
2915 1702 2983 1754 n⁰
3012 1703 3190 1769 4931,
3230 1695 3334 1756 fol.
3385 1706 3524 1773 108,

955 1802 1368 1881 recto-verso.)

816 1997 1244 2087 MCCXXXI,
1308 1996 1682 2069 indictione
1724 1996 1884 2086 1111,
1935 1995 2026 2068 de
2075 2015 2314 2067 meuse
2364 1994 2693 2082 octubris,
2757 1995 3099 2068 societatis
3150 1997 3535 2073 Loubardie

721 2132 1015 2196 rectores
1052 2124 1122 2193 in
1162 2121 1470 2195 Bononie
1504 2121 1783 2194 civitate
1827 2128 2211 2192 statuerunt
2244 2120 2694 2213 colloquium.
2747 2121 2927 2191 Dum
2961 2131 3189 2194 autem
3222 2123 3294 2193 in
3322 2145 3405 2196 ea
3440 2124 3538 2196 ci-

726 2247 939 2319 vitate
973 2245 1109 2342 ipsi
1151 2253 1448 2317 rectores
1486 2242 1971 2316 convenissent
2004 2264 2126 2338 per
2162 2244 2424 2334 legatos
2469 2264 2707 2316 eorum
2749 2244 2935 2317 viros
2979 2245 3245 2318 nobiles
3277 2259 3345 2320 et
3374 2270 3539 2341 pru-

727 2370 967 2443 dentes
991 2424 1010 2457 ,
1077 2369 1527 2463 potestatibus
1594 2376 1664 2440 et
1728 2365 2110 2439 rectoribus
2198 2367 2751 2463 uniuscujusque
2835 2370 3133 2443 civitatis
3197 2373 3539 2447 societatis

725 2493 1036 2586 ejusdem
1080 2493 1153 2563 in
1201 2492 1545 2565 mandatis
1590 2489 1937 2564 dederunt
1962 2500 2038 2561 ut
2074 2490 2165 2563 ad
2203 2490 2379 2563 illud
2408 2491 2805 2565 festinanter
2854 2493 3185 2568 deberent
3217 2498 3544 2573 accedere

729 2616 1173 2711 colloquium.
1218 2616 1529 2710 Cumque
1573 2615 1646 2686 in
1697 2615 1847 2710 ipsa
1895 2615 2174 2687 civitate
2205 2624 2434 2687 essent
2484 2615 2887 2706 coadunati,
2936 2615 3029 2689 de
3065 2621 3427 2694 commodo
3472 2632 3544 2694 et

729 2742 987 2814 honore
1016 2762 1101 2813 ac
1132 2739 1422 2812 utilitate
1457 2738 1799 2812 societatis
1842 2737 2153 2833 predicte
2187 2737 2282 2810 ad
2324 2738 2622 2811 invicem
2666 2748 3027 2813 tractantes
3057 2752 3126 2813 et
3172 2764 3382 2837 super
3421 2766 3546 2818 ne-

729 2864 932 2959 gotiis
949 2863 1336 2937 Loubardie
1367 2862 1733 2956 diligenter
1761 2862 2118 2952 instantes,
2166 2882 2406 2933 omnes
2437 2863 2851 2935 unanimiter
2874 2864 3009 2936 leto
3041 2865 3271 2938 animo
3308 2875 3375 2938 et
3406 2865 3548 2941 fide

729 3011 904 3085 pura
937 2987 1363 3062 concorditer
1398 2996 1778 3061 statuentes
1818 2985 1967 3081 (sic)
2012 2987 2230 3081 ipsam
2268 2983 2723 3059 confirmandi
2766 2997 2834 3060 et
2864 2988 3280 3064 reformandi
3312 2993 3550 3066 socie-

732 3122 967 3185 tatem.
1001 3111 1157 3195 Quo
1201 3112 1379 3183 facto
1422 3120 1493 3184 et
1540 3110 1634 3182 ita
1683 3109 2023 3198 ordinato,
2058 3109 2175 3182 die
2223 3107 2569 3182 dominico
2607 3110 2725 3182 VII
2775 3110 3108 3185 kalendas
3151 3116 3549 3190 novembris

734 3236 855 3329 (26
901 3235 1257 3330 octobris),
1300 3235 1372 3305 iu
1410 3235 1613 3329 plena
1648 3233 1962 3305 contione
1998 3233 2068 3304 in
2107 3231 2354 3304 eadem
2400 3233 2682 3306 civitate
2733 3233 3057 3309 decenter
3084 3247 3152 3310 et
3187 3238 3553 3333 magnifice

736 3357 1042 3450 collecta,
1086 3358 1403 3432 eamdem
1424 3360 1817 3452 juramento
1865 3358 2414 3429 reformaverunt
2461 3367 2530 3429 et
2574 3357 3154 3433 confirmaverunt
3204 3363 3553 3438 civitatem

737 3484 898 3580 (leq.
952 3481 1411 3579 societatem).
1466 3484 1646 3556 Inter
1698 3505 1775 3555 se
1820 3479 2123 3554 vicissim
2170 3481 2569 3576 pollicentes
2617 3493 2687 3555 et
2733 3498 3157 3558 sacramento
3207 3485 3556 3560 firmantes

737 3627 1142 3679 succursum
1178 3606 1430 3700 pariter
1472 3616 1543 3678 et
1585 3606 1929 3680 auxilium
1981 3605 2275 3676 militum
2299 3659 2317 3692 ,
2357 3604 2666 3699 peditum
2704 3618 2773 3678 et
2828 3606 3348 3681 balestariorum
3399 3611 3554 3681 uni-

738 3731 993 3823 cuique
1041 3729 1305 3802 civitati
1346 3729 1690 3802 societatis
1727 3728 1947 3824 ipsius
1981 3737 2051 3800 et
2093 3727 2397 3800 maxime
2446 3727 2751 3799 Bononie
2794 3739 2862 3800 et
2902 3730 3177 3802 Faeutie
3225 3752 3378 3804 esse
3418 3733 3560 3806 da·-

739 3866 928 3927 tnros
955 3864 1194 3926 contra
1227 3875 1467 3926 omues
1514 3853 1831 3925 homines
1864 3862 1935 3924 et
1967 3871 2290 3945 personas
2315 3871 2434 3921 eos
2459 3849 2811 3922 offendere
2836 3861 2905 3923 et
2940 3852 3009 3922 in
3043 3861 3289 3925 terram
3318 3876 3557 3928 eorum

741 3977 1077 4050 violenter
1110 3978 1366 4050 intrare
1411 3978 1743 4050 volentes.
1786 3977 1862 4047 In
1894 3973 2235 4069 presentia
2278 3973 2528 4043 horum
2570 3974 2881 4045 similiter
2927 3986 3382 4069 proponentes
3415 3981 3559 4053 dis-

743 4100 1186 4173 tributionem
1226 4111 1295 4173 et
1348 4099 1889 4193 designationem
1940 4097 2070 4168 tria
2118 4095 2384 4168 milium
2435 4097 2744 4189 equitum
2782 4106 2852 4169 et
2896 4096 3132 4170 decem
3181 4100 3373 4173 milia
3427 4124 3564 4197 pe-

745 4223 966 4296 ditum
1002 4235 1071 4298 et
1108 4224 1296 4296 mille
1337 4223 1870 4319 quingentorum
1917 4218 2441 4293 balestariorum
2484 4240 2610 4313 pro
2668 4240 3087 4314 unaquaque
3128 4223 3407 4297 civitate
3449 4248 3562 4300 so·

747 4347 1032 4439 cietatis,
1068 4358 1273 4443 prout
1305 4347 1684 4441 unicuique
1721 4345 2052 4440 competit
2089 4344 2339 4432 facere,
2374 4343 2498 4436 qui
2534 4363 2803 4438 semper
2828 4344 2965 4416 sint
2988 4354 3057 4417 et
3080 4367 3233 4420 esse
3266 4347 3567 4424 debeant

748 4471 990 4543 intenti
1042 4479 1112 4544 et
1163 4470 1385 4564 parati
1429 4469 1628 4563 equis
1678 4477 1747 4542 et
1796 4467 2007 4540 armis
2062 4476 2133 4539 et
2183 4465 2338 4537 aliis
2386 4465 2594 4538 rebus
2647 4467 3049 4540 necessariis
3092 4470 3453 4564 equitandi
3497 4485 3568 4548 et

752 4591 1227 4688 proficiscendi
1266 4593 1530 4688 ubique
1572 4592 1664 4665 ad
1713 4595 2137 4664 voluntatem
2171 4599 2540 4662 rectorum.
2587 4590 2842 4664 Iterum
2874 4613 3000 4688 pro
3043 4593 3228 4668 bono
3262 4598 3456 4691 pacis
3498 4608 3568 4672 et

751 4717 1115 4791 concordie
1142 4726 1213 4790 et
1240 4739 1330 4791 ne
1365 4717 1600 4812 aliqua
1627 4716 1884 4789 sintilla
1909 4714 2073 4788 mali
2101 4714 2281 4787 inter
2309 4715 2787 4811 imperatorem
2815 4724 2885 4790 et
2915 4718 3318 4793 Loubardos
3358 4723 3571 4817 possit

946 4842 1056 4904 lv.
1093 4855 1205 4900 rm
1227 4857 1274 4901 2.
3148 4851 3259 4902 ns

3609 1214 3790 1258 Octobri
3810 1214 3916 1257 1²³1

3608 1270 3778 1313 uuae
3797 1269 3918 1311 lm
