4500 5956
1112 650 1232 710 724
2154 655 2497 716 namuel
2548 653 2883 714 SEPTIMI
3547 656 3705 734 [Anu.
3744 657 3915 718 1235.

1210 786 1328 873 H„
1369 786 1490 858 Dei
1538 788 1753 880 gratia
1796 791 2259 864 Romanorum
2300 811 2424 862 rex
2458 798 2525 860 et
2558 809 2827 882 semper
2864 794 3238 879 augustus,
3282 787 3624 860 universis
3653 790 3918 885 imperii

1113 905 1435 981 fidelibus
1470 921 1820 1004 presentes
1854 913 2112 986 litteras
2148 912 2558 1007 inspecturis
2581 910 2867 1004 gratiam
2903 929 3102 981 suam
3138 919 3208 981 et
3234 930 3441 981 omne
3484 910 3766 983 bonum.
3811 912 3920 984 Ad

1112 1032 1416 1103 notitiam
1448 1035 1874 1126 singulorum
1896 1039 2220 1109 volumus
2242 1035 2606 1131 pervenire
2630 1032 2822 1128 quod
2856 1054 2980 1105 nos
3014 1032 3265 1103 intuitu
3295 1032 3684 1106 devotionis
3708 1056 3916 1128 quam

1111 1154 1201 1228 ad
1224 1176 1348 1226 nos
1370 1154 1580 1228 habet
1604 1156 1892 1230 dilectus
1918 1160 2241 1253 princeps
2272 1170 2499 1230 noster
2527 1156 2939 1231 venerabilis
2954 1156 3497 1248 Osnaburgensis
3522 1159 3914 1253 episcopm,

1110 1278 1333 1350 locum
1356 1280 1861 1372 argentifodine
1893 1282 1964 1353 in
2003 1282 2242 1377 predio
2280 1281 2568 1355 ecclesie
2590 1302 2717 1353 sue
2747 1280 2939 1374 quod
2984 1280 3166 1374 Huyl
3198 1288 3265 1350 et
3297 1280 3719 1353 Stertbrinke
3752 1283 3918 1354 vul-

1109 1403 1361 1494 gariter
1383 1404 1805 1498 appellatur,
1847 1404 2075 1476 sibiet
2099 1406 2246 1476 suis
2274 1405 2784 1477 successoribus
2817 1412 2885 1476 et
2917 1402 3203 1475 ecclesie
3222 1403 3733 1497 Osnaburgensi
3760 1427 3916 1476 cum

1103 1526 1292 1597 omni
1316 1527 1475 1617 jure
1507 1539 1577 1598 et
1609 1527 1999 1621 integritate
2048 1551 2130 1601 ac
2179 1529 2327 1599 suis
2362 1528 2787 1623 pertinentiis
2834 1527 3031 1599 titulo
3081 1526 3497 1599 contulimus
3544 1527 3805 1600 feudali
3848 1538 3918 1600 et

1104 1670 1340 1720 eorum
1378 1650 1731 1744 perpetuis
1764 1651 2005 1722 usibus
2047 1652 2486 1747 deputamus.
2542 1652 2630 1723 Ut
2673 1651 2883 1744 igitur
2932 1648 3061 1722 hec
3110 1651 3460 1723 concessio
3514 1661 3746 1724 nostra
3786 1651 3911 1746 ipsi

1101 1771 1424 1866 episcopo
1459 1782 1528 1843 et
1557 1774 1702 1844 suis
1736 1776 2246 1848 successoribus
2283 1798 2366 1848 ac
2399 1775 2688 1848 ecclesie
2715 1784 3084 1847 memorate
3112 1782 3259 1847 rata
3286 1783 3679 1869 permaneat
3706 1784 3776 1846 et
3800 1774 3910 1845 in-

1102 1897 1460 1986 convulsa,
1502 1907 1886 1990 presentem
1925 1900 2247 1994 paginam
2286 1899 2451 1972 inde
2487 1899 2941 1993 conscriptam
2977 1898 3400 1993 appensione
3432 1899 3642 1993 sigilli
3688 1909 3915 1971 nostre

1100 2018 1524 2091 celsitudinis
1550 2021 1840 2093 fecimus
1874 2024 2307 2095 communiri.

1197 2143 1443 2212 Datum
1483 2144 1672 2236 apud
1699 2146 2131 2240 Oppenhein‚
2171 2168 2354 2217 anno
2394 2146 2734 2219 dominice
2777 2145 3265 2218 incarnationis
3296 2145 3392 2218 M⁰
3414 2144 3540 2217 CC⁰
3562 2147 3780 2217 XXX⁰
3799 2148 3907 2241 Ψ,

1102 2266 1417 2341 kalendis
1450 2268 1715 2359 aprilis,
1764 2269 2136 2342 indictione
2173 2271 2342 2342 VIII.

1556 2556 2049 2569 Ἣ,.-ο

1202 2764 1396 2845 Cum
1442 2790 1573 2847 rex
1618 2790 1755 2872 per
1797 2789 2082 2872 poenas
2137 2790 2460 2874 magnas
2513 2766 2712 2848 cives
2762 2766 3361 2848 wormacienses
3414 2765 3713 2847 vincere
3754 2788 3910 2845 non

999 2868 1016 2892 ’
1093 2907 1373 3002 posset,
1419 2896 1676 2978 statim
1720 2906 1892 3005 post
1928 2895 2217 2981 Pascha
2255 2895 2351 3007 (8
2389 2897 2652 3007 april.)
2700 2923 2903 2980 anno
2947 2897 3439 3003 MCCXXXV‚
3482 2895 3909 2978 convocatis

1090 3032 1447 3115 omnibus
1496 3033 1654 3116 suis
1699 3031 2128 3114 fautoribus
2174 3034 2253 3113 in
2311 3033 2655 3141 partibus
2709 3033 2914 3139 istis,
2964 3032 3215 3139 venit,
3272 3042 3347 3113 et
3397 3039 3911 3115 convenerunt

1089 3165 1293 3270 apud
1346 3164 1849 3271 Oppenheim.
1893 3164 1989 3246 Et
2041 3164 2121 3244 in
2167 3165 2292 3246 die
2331 3166 2570 3248 sancti
2615 3166 2845 3250 Marci
2891 3164 3420 3273 ewangelistae
3458 3164 3605 3271 (23
3642 3160 3904 3271 april.)

1088 3295 1392 3378 mittens
1432 3295 1626 3406 (sic)
1664 3322 1796 3378 eos
1845 3297 2351 3380 Wormatiam
2388 3323 2565 3380 cum
2603 3298 2944 3409 quinque
2980 3296 3190 3379 mille
3236 3296 3549 3378 armatis
3599 3305 3673 3377 et
3724 3294 3908 3404 plu-

1085 3427 1327 3509 ribus,
1355 3427 1506 3525 Qui
1559 3427 1939 3510 venientes
1994 3428 2185 3511 hora
2247 3430 2531 3536 prima,
2584 3429 2917 3512 volentes
2980 3428 3256 3511 civitati
3319 3453 3590 3509 nocere
3614 3488 3636 3532 ‚
3699 3425 3904 3535 quod

1088 3561 1502 3671 adimplere
1538 3588 1692 3644 non
1737 3571 2123 3670 poteraut3
2166 3563 2301 3645 sed
2335 3574 2590 3646 tamen
2629 3565 2707 3644 in
2755 3562 3123 3646 suburbio
3168 3561 3490 3644 civitatis
3525 3560 3734 3670 quod
3767 3559 3903 3639 di-

1088 3694 1282 3776 citur
1354 3696 1452 3776 ad
1519 3705 1867 3780 sanctum
1936 3695 2375 3780 Michaelem
2404 3759 2426 3803 ,
2472 3697 2782 3807 triginta
2853 3699 3123 3780 domos
3177 3694 3293 3777 vel
3347 3694 3581 3801 paulo
3651 3691 3903 3799 plures

1085 3827 1694 3911 combusserunt.
1732 3828 1797 3909 A
1860 3829 2150 3911 civibus
2222 3855 2401 3912 vero
2472 3830 2722 3911 taliter
2781 3829 3020 3912 coacti
3089 3826 3383 3937 sagittis
3448 3836 3521 3907 et
3582 3821 3896 3933 pugnis,

1090 3962 1344 4042 statim
1389 3962 1580 4044 hora
1626 3972 1834 4044 sexta
1885 3962 2164 4047 reversi
2224 3973 2403 4045 sunt
2453 3963 2928 4073 Oppenheim
2974 3963 3072 4043 ad
3120 3985 3347 4043 suum
3391 3983 3680 4067 regem.
3723 3954 3903 4036 Erat

1088 4105 1343 4175 autem
1393 4092 1587 4174 inter
1621 4119 1752 4176 eos
1783 4095 1839 4177 F
1843 4094 2208 4178 ridericus
2243 4121 2499 4178 comes
2543 4097 2639 4178 de
2690 4094 3060 4202 Liningen
3117 4100 3193 4173 et
3245 4089 3601 4171 Silvester
3651 4109 3901 4168 comes

1087 4235 1161 4307 et
1197 4225 1325 4306 alii
1371 4226 1592 4306 multi
1646 4228 1960 4309 comites
2015 4237 2090 4309 et
2141 4228 2476 4330 nobiles,
2517 4253 2847 4338 quorum
2903 4225 3140 4334 aliqui
3195 4221 3498 4303 interim
3544 4244 3724 4300 cum
3785 4216 3901 4297 ci-

1087 4356 1310 4438 vibus
1364 4370 1954 4464 composuerunt
2007 4368 2168 4440 tam
2229 4361 2719 4468 petitionibus
2772 4384 3010 4468 quam
3080 4356 3310 4439 etiam
3364 4351 3697 4436 denariis
3741 4347 3889 4458 (1).

1088 4489 1349 4567 Annal.
1406 4492 1752 4568 Wormat.
1795 4514 1919 4597 ap.
1963 4490 2342 4598 Bossnmssn,
2385 4499 2672 4588 Fontes,
2716 4499 2776 4572 t.
2820 4489 2924 4595 11,
2964 4516 3044 4598 p.
3095 4489 3273 4568 179.

1157 4749 1227 4823 (t)
1265 4750 1381 4805 Huc
1423 4747 1563 4805 bene
1602 4748 1851 4807 convenit
1890 4751 2034 4822 quod
2088 4750 2316 4824 legimus
2360 4751 2415 4807 in
2452 4752 2654 4809 Amal.
2704 4753 2925 4825 Arqem.
2971 4766 3061 4824 ap.
3104 4749 3405 4818 Bonum,
3445 4744 3664 4810 Fontes,
3711 4747 3751 4796 t.
3795 4739 3894 4811 111,
