<?xml version="1.0" encoding="UTF-8"?>
<!DOCTYPE html PUBLIC "-//W3C//DTD XHTML 1.0 Transitional//EN"
    "http://www.w3.org/TR/xhtml1/DTD/xhtml1-transitional.dtd">
<html xmlns="http://www.w3.org/1999/xhtml" xml:lang="en" lang="en">
 <head>
  <title>
</title>
<meta http-equiv="Content-Type" content="text/html;charset=utf-8" />
  <meta name='ocr-system' content='tesseract 3.04.00' />
  <meta name='ocr-capabilities' content='ocr_page ocr_carea ocr_par ocr_line ocrx_word'/>
</head>
<body>
  <div class='ocr_page' id='page_1' title='image "./historiadiploma00empegoog_0403.png"; bbox 0 0 4500 5956; ppageno 0'>
   <div class='ocr_carea' id='block_1_1' title="bbox 1709 580 3413 642">
    <p class='ocr_par' dir='ltr' id='par_1_1' title="bbox 1709 580 3413 642">
     <span class='ocr_line' id='line_1_1' title="bbox 1709 580 3413 642; baseline -0.001 0"><span class='ocrx_word' id='word_1_1' title='bbox 1709 580 2329 642; x_wconf 74' lang='lat' dir='ltr'><strong>ADMTAMENTA.</strong></span> <span class='ocrx_word' id='word_1_2' title='bbox 3293 580 3413 641; x_wconf 79' lang='lat'><strong>945</strong></span> 
     </span>
    </p>
   </div>
   <div class='ocr_carea' id='block_1_2' title="bbox 762 712 3412 1001">
    <p class='ocr_par' dir='ltr' id='par_1_2' title="bbox 762 712 3412 1001">
     <span class='ocr_line' id='line_1_2' title="bbox 762 712 3412 794; baseline -0.001 -17"><span class='ocrx_word' id='word_1_3' title='bbox 762 716 886 794; x_wconf 81' lang='lat' dir='ltr'>(Cf.</span> <span class='ocrx_word' id='word_1_4' title='bbox 917 732 1124 793; x_wconf 81' lang='lat' dir='ltr'><strong>supra,</strong></span> <span class='ocrx_word' id='word_1_5' title='bbox 1155 733 1217 792; x_wconf 84' lang='lat' dir='ltr'><strong>p.</strong></span> <span class='ocrx_word' id='word_1_6' title='bbox 1266 724 1407 776; x_wconf 78' lang='grc'><strong><em>535.</em></strong></span> <span class='ocrx_word' id='word_1_7' title='bbox 1436 716 1680 776; x_wconf 82' lang='lat' dir='ltr'><strong>Initium</strong></span> <span class='ocrx_word' id='word_1_8' title='bbox 1722 722 1781 776; x_wconf 87' lang='lat' dir='ltr'><strong>et</strong></span> <span class='ocrx_word' id='word_1_9' title='bbox 1807 716 2060 777; x_wconf 85' lang='lat' dir='ltr'><strong>caudam</strong></span> <span class='ocrx_word' id='word_1_10' title='bbox 2095 715 2275 791; x_wconf 79' lang='lat' dir='ltr'><strong>hujus</strong></span> <span class='ocrx_word' id='word_1_11' title='bbox 2300 713 2606 791; x_wconf 83' lang='lat' dir='ltr'><strong>epistolae,</strong></span> <span class='ocrx_word' id='word_1_12' title='bbox 2635 729 2820 791; x_wconf 82' lang='lat' dir='ltr'><strong>quum</strong></span> <span class='ocrx_word' id='word_1_13' title='bbox 2844 713 3004 790; x_wconf 85' lang='lat' dir='ltr'><strong>apud</strong></span> <span class='ocrx_word' id='word_1_14' title='bbox 3039 712 3412 790; x_wconf 82' lang='lat' dir='ltr'><strong>Baynaldum</strong></span> 
     </span>
     <span class='ocr_line' id='line_1_3' title="bbox 838 818 3411 900; baseline 0 -20"><span class='ocrx_word' id='word_1_15' title='bbox 838 821 1055 894; x_wconf 80' lang='lat' dir='ltr'><strong>desint,</strong></span> <span class='ocrx_word' id='word_1_16' title='bbox 1089 837 1250 881; x_wconf 89' lang='lat' dir='ltr'><strong>nunc</strong></span> <span class='ocrx_word' id='word_1_17' title='bbox 1288 836 1366 881; x_wconf 86' lang='lat' dir='ltr'><strong>ex</strong></span> <span class='ocrx_word' id='word_1_18' title='bbox 1411 821 1751 882; x_wconf 75' lang='lat' dir='ltr'><strong>collectione</strong></span> <span class='ocrx_word' id='word_1_19' title='bbox 1784 821 2034 900; x_wconf 77' lang='lat' dir='ltr'><strong>Luporte</strong></span> <span class='ocrx_word' id='word_1_20' title='bbox 2066 822 2150 881; x_wconf 82' lang='lat' dir='ltr'><strong>du</strong></span> <span class='ocrx_word' id='word_1_21' title='bbox 2174 820 2343 881; x_wconf 83' lang='lat' dir='ltr'><strong>Theil</strong></span> <span class='ocrx_word' id='word_1_22' title='bbox 2377 820 2455 879; x_wconf 84' lang='lat' dir='ltr'><strong>ad</strong></span> <span class='ocrx_word' id='word_1_23' title='bbox 2480 824 2888 880; x_wconf 86' lang='lat' dir='ltr'><strong>ornamentum</strong></span> <span class='ocrx_word' id='word_1_24' title='bbox 2915 818 3252 880; x_wconf 83' lang='lat' dir='ltr'><strong>documenti</strong></span> <span class='ocrx_word' id='word_1_25' title='bbox 3292 819 3411 880; x_wconf 80' lang='lat' dir='ltr'><strong>ad-</strong></span> 
     </span>
     <span class='ocr_line' id='line_1_4' title="bbox 837 926 1082 1001; baseline 0 -15"><span class='ocrx_word' id='word_1_26' title='bbox 837 926 1082 1001; x_wconf 84' lang='lat' dir='ltr'><strong>dimus.)</strong></span> 
     </span>
    </p>
   </div>
   <div class='ocr_carea' id='block_1_3' title="bbox 599 1109 3414 2813">
    <p class='ocr_par' dir='ltr' id='par_1_3' title="bbox 599 1109 3414 2690">
     <span class='ocr_line' id='line_1_5' title="bbox 697 1109 3409 1208; baseline -0 -25"><span class='ocrx_word' id='word_1_27' title='bbox 697 1112 1269 1184; x_wconf 84' lang='lat' dir='ltr'><strong>Reverentissimo</strong></span> <span class='ocrx_word' id='word_1_28' title='bbox 1309 1111 1381 1182; x_wconf 91' lang='lat' dir='ltr'><strong>in</strong></span> <span class='ocrx_word' id='word_1_29' title='bbox 1431 1111 1694 1183; x_wconf 88' lang='lat' dir='ltr'><strong>Christo</strong></span> <span class='ocrx_word' id='word_1_30' title='bbox 1732 1111 1910 1208; x_wconf 89' lang='lat' dir='ltr'><strong>patri</strong></span> <span class='ocrx_word' id='word_1_31' title='bbox 1969 1111 2248 1184; x_wconf 91' lang='lat' dir='ltr'><strong>domino</strong></span> <span class='ocrx_word' id='word_1_32' title='bbox 2297 1109 2620 1204; x_wconf 81' lang='lat' dir='ltr'><strong>Gregorio</strong></span> <span class='ocrx_word' id='word_1_33' title='bbox 2639 1164 2658 1201; x_wconf 91' lang='lat'><strong>,</strong></span> <span class='ocrx_word' id='word_1_34' title='bbox 2704 1111 2828 1183; x_wconf 92' lang='lat' dir='ltr'><strong>Dei</strong></span> <span class='ocrx_word' id='word_1_35' title='bbox 2874 1110 3092 1204; x_wconf 84' lang='lat' dir='ltr'><strong>gratia</strong></span> <span class='ocrx_word' id='word_1_36' title='bbox 3141 1132 3409 1183; x_wconf 88' lang='lat' dir='ltr'><strong>summo</strong></span> 
     </span>
     <span class='ocr_line' id='line_1_6' title="bbox 602 1233 3407 1330; baseline -0.001 -23"><span class='ocrx_word' id='word_1_37' title='bbox 602 1233 939 1330; x_wconf 86' lang='lat' dir='ltr'><strong>pontifici,</strong></span> <span class='ocrx_word' id='word_1_38' title='bbox 992 1234 1393 1307; x_wconf 88' lang='lat' dir='ltr'><strong>Fredericus</strong></span> <span class='ocrx_word' id='word_1_39' title='bbox 1431 1234 1677 1307; x_wconf 87' lang='lat' dir='ltr'><strong>eadem</strong></span> <span class='ocrx_word' id='word_1_40' title='bbox 1718 1234 1937 1328; x_wconf 81' lang='lat' dir='ltr'><strong>gratia</strong></span> <span class='ocrx_word' id='word_1_41' title='bbox 1973 1234 2435 1307; x_wconf 88' lang='lat' dir='ltr'><strong>Romanorum</strong></span> <span class='ocrx_word' id='word_1_42' title='bbox 2493 1234 2886 1329; x_wconf 88' lang='lat' dir='ltr'><strong>imperator,</strong></span> <span class='ocrx_word' id='word_1_43' title='bbox 2917 1243 3082 1321; x_wconf 89' lang='lat' dir='ltr'><strong>etc.‚</strong></span> <span class='ocrx_word' id='word_1_44' title='bbox 3116 1233 3407 1305; x_wconf 90' lang='lat' dir='ltr'><strong>salutem</strong></span> 
     </span>
     <span class='ocr_line' id='line_1_7' title="bbox 599 1356 3410 1454; baseline -0.001 -23"><span class='ocrx_word' id='word_1_45' title='bbox 599 1369 671 1431; x_wconf 90' lang='lat' dir='ltr'><strong>et</strong></span> <span class='ocrx_word' id='word_1_46' title='bbox 707 1359 1158 1431; x_wconf 89' lang='lat' dir='ltr'><strong>reverentiam</strong></span> <span class='ocrx_word' id='word_1_47' title='bbox 1187 1356 1489 1431; x_wconf 86' lang='lat' dir='ltr'><strong>filialem.</strong></span> <span class='ocrx_word' id='word_1_48' title='bbox 1522 1357 1993 1430; x_wconf 80' lang='lat' dir='ltr'><strong>Intelleximus</strong></span> <span class='ocrx_word' id='word_1_49' title='bbox 2019 1379 2142 1454; x_wconf 89' lang='lat' dir='ltr'><strong>per</strong></span> <span class='ocrx_word' id='word_1_50' title='bbox 2173 1358 2600 1453; x_wconf 88' lang='lat' dir='ltr'><strong>Apostolicas</strong></span> <span class='ocrx_word' id='word_1_51' title='bbox 2634 1358 2889 1430; x_wconf 82' lang='lat' dir='ltr'><strong>litteras</strong></span> <span class='ocrx_word' id='word_1_52' title='bbox 2934 1357 3137 1430; x_wconf 90' lang='lat' dir='ltr'><strong>nobis</strong></span> <span class='ocrx_word' id='word_1_53' title='bbox 3189 1378 3410 1453; x_wconf 89' lang='lat' dir='ltr'><strong>nuper</strong></span> 
     </span>
     <span class='ocr_line' id='line_1_8' title="bbox 601 1479 3407 1575; baseline 0 -24"><span class='ocrx_word' id='word_1_54' title='bbox 601 1482 1033 1553; x_wconf 88' lang='lat' dir='ltr'><strong>transmissas</strong></span> <span class='ocrx_word' id='word_1_55' title='bbox 1062 1489 1131 1553; x_wconf 92' lang='lat' dir='ltr'><strong>et</strong></span> <span class='ocrx_word' id='word_1_56' title='bbox 1178 1503 1353 1575; x_wconf 90' lang='lat' dir='ltr'><strong>quas</strong></span> <span class='ocrx_word' id='word_1_57' title='bbox 1390 1479 1906 1554; x_wconf 86' lang='lat' dir='ltr'><strong>honorificentia</strong></span> <span class='ocrx_word' id='word_1_58' title='bbox 1938 1481 2322 1575; x_wconf 88' lang='lat' dir='ltr'><strong>recepimus</strong></span> <span class='ocrx_word' id='word_1_59' title='bbox 2347 1489 2697 1572; x_wconf 89' lang='lat' dir='ltr'><strong>consueta,</strong></span> <span class='ocrx_word' id='word_1_60' title='bbox 2728 1480 3020 1574; x_wconf 83' lang='lat' dir='ltr'><strong>qualiter</strong></span> <span class='ocrx_word' id='word_1_61' title='bbox 3049 1502 3189 1575; x_wconf 85' lang='lat' dir='ltr'><strong>pax</strong></span> <span class='ocrx_word' id='word_1_62' title='bbox 3229 1489 3407 1553; x_wconf 89' lang='lat' dir='ltr'><strong>trac·</strong></span> 
     </span>
     <span class='ocr_line' id='line_1_9' title="bbox 602 1605 3409 1680; baseline 0 -4"><span class='ocrx_word' id='word_1_63' title='bbox 602 1614 781 1677; x_wconf 89' lang='lat' dir='ltr'><strong>tetur</strong></span> <span class='ocrx_word' id='word_1_64' title='bbox 836 1605 1013 1677; x_wconf 88' lang='lat' dir='ltr'><strong>inter</strong></span> <span class='ocrx_word' id='word_1_65' title='bbox 1054 1606 1425 1678; x_wconf 83' lang='lat' dir='ltr'><strong>Ecclesiam</strong></span> <span class='ocrx_word' id='word_1_66' title='bbox 1485 1615 1554 1680; x_wconf 90' lang='lat' dir='ltr'><strong>et</strong></span> <span class='ocrx_word' id='word_1_67' title='bbox 1610 1607 1980 1678; x_wconf 87' lang='lat' dir='ltr'><strong>Romanos.</strong></span> <span class='ocrx_word' id='word_1_68' title='bbox 2032 1606 2168 1676; x_wconf 91' lang='lat' dir='ltr'><strong>Nos</strong></span> <span class='ocrx_word' id='word_1_69' title='bbox 2209 1614 2441 1678; x_wconf 87' lang='lat' dir='ltr'><strong>autem</strong></span> <span class='ocrx_word' id='word_1_70' title='bbox 2492 1606 2649 1677; x_wconf 90' lang='lat' dir='ltr'><strong>licet</strong></span> <span class='ocrx_word' id='word_1_71' title='bbox 2695 1605 3045 1678; x_wconf 87' lang='lat' dir='ltr'><strong>materiam</strong></span> <span class='ocrx_word' id='word_1_72' title='bbox 3091 1626 3231 1676; x_wconf 91' lang='lat' dir='ltr'><strong>non</strong></span> <span class='ocrx_word' id='word_1_73' title='bbox 3280 1605 3409 1676; x_wconf 91' lang='lat' dir='ltr'><strong>ha-</strong></span> 
     </span>
     <span class='ocr_line' id='line_1_10' title="bbox 600 1726 3412 1823; baseline -0 -24"><span class='ocrx_word' id='word_1_74' title='bbox 600 1727 880 1799; x_wconf 89' lang='lat' dir='ltr'><strong>buimus</strong></span> <span class='ocrx_word' id='word_1_75' title='bbox 906 1728 1367 1801; x_wconf 90' lang='lat' dir='ltr'><strong>Romanorum</strong></span> <span class='ocrx_word' id='word_1_76' title='bbox 1396 1726 1762 1801; x_wconf 87' lang='lat' dir='ltr'><strong>dissidium</strong></span> <span class='ocrx_word' id='word_1_77' title='bbox 1803 1729 2300 1823; x_wconf 86' lang='lat' dir='ltr'><strong>prosequendi,</strong></span> <span class='ocrx_word' id='word_1_78' title='bbox 2340 1728 2432 1801; x_wconf 93' lang='lat' dir='ltr'><strong>ob</strong></span> <span class='ocrx_word' id='word_1_79' title='bbox 2474 1726 2798 1800; x_wconf 89' lang='lat' dir='ltr'><strong>honorem</strong></span> <span class='ocrx_word' id='word_1_80' title='bbox 2841 1736 3070 1799; x_wconf 89' lang='lat' dir='ltr'><strong>tamen</strong></span> <span class='ocrx_word' id='word_1_81' title='bbox 3110 1728 3412 1799; x_wconf 89' lang='lat' dir='ltr'><strong>Romane</strong></span> 
     </span>
     <span class='ocr_line' id='line_1_11' title="bbox 600 1850 3409 1940; baseline -0 -18"><span class='ocrx_word' id='word_1_82' title='bbox 600 1851 905 1924; x_wconf 90' lang='lat' dir='ltr'><strong>Ecclesie</strong></span> <span class='ocrx_word' id='word_1_83' title='bbox 956 1853 1196 1924; x_wconf 88' lang='lat' dir='ltr'><strong>matris</strong></span> <span class='ocrx_word' id='word_1_84' title='bbox 1227 1861 1499 1940; x_wconf 88' lang='lat' dir='ltr'><strong>nostre,</strong></span> <span class='ocrx_word' id='word_1_85' title='bbox 1538 1851 1631 1925; x_wconf 89' lang='lat' dir='ltr'><strong>ad</strong></span> <span class='ocrx_word' id='word_1_86' title='bbox 1671 1860 1904 1925; x_wconf 86' lang='lat' dir='ltr'><strong>vestra</strong></span> <span class='ocrx_word' id='word_1_87' title='bbox 1947 1861 2015 1923; x_wconf 88' lang='lat' dir='ltr'><strong>et</strong></span> <span class='ocrx_word' id='word_1_88' title='bbox 2061 1853 2347 1924; x_wconf 84' lang='lat' dir='ltr'><strong>fratrum</strong></span> <span class='ocrx_word' id='word_1_89' title='bbox 2395 1862 2778 1925; x_wconf 81' lang='lat' dir='ltr'><strong>vestrorum</strong></span> <span class='ocrx_word' id='word_1_90' title='bbox 2838 1851 3095 1924; x_wconf 89' lang='lat' dir='ltr'><strong>monita</strong></span> <span class='ocrx_word' id='word_1_91' title='bbox 3146 1850 3409 1923; x_wconf 88' lang='lat' dir='ltr'><strong>inducti</strong></span> 
     </span>
     <span class='ocr_line' id='line_1_12' title="bbox 601 1974 3412 2069; baseline 0 -23"><span class='ocrx_word' id='word_1_92' title='bbox 601 1974 860 2047; x_wconf 84' lang='lat' dir='ltr'><strong>fuimus</strong></span> <span class='ocrx_word' id='word_1_93' title='bbox 899 1985 970 2047; x_wconf 91' lang='lat' dir='ltr'><strong>et</strong></span> <span class='ocrx_word' id='word_1_94' title='bbox 1018 1975 1196 2047; x_wconf 86' lang='lat' dir='ltr'><strong>votis</strong></span> <span class='ocrx_word' id='word_1_95' title='bbox 1243 1974 1647 2048; x_wconf 89' lang='lat' dir='ltr'><strong>ardentibus</strong></span> <span class='ocrx_word' id='word_1_96' title='bbox 1683 1975 1942 2048; x_wconf 88' lang='lat' dir='ltr'><strong>incitati</strong></span> <span class='ocrx_word' id='word_1_97' title='bbox 1980 1975 2283 2069; x_wconf 80' lang='lat' dir='ltr'><strong>graviter</strong></span> <span class='ocrx_word' id='word_1_98' title='bbox 2325 1974 2675 2049; x_wconf 85' lang='lat' dir='ltr'><strong>offendere</strong></span> <span class='ocrx_word' id='word_1_99' title='bbox 2716 1974 2837 2069; x_wconf 88' lang='lat' dir='ltr'><strong>qui</strong></span> <span class='ocrx_word' id='word_1_100' title='bbox 2875 1995 3003 2047; x_wconf 86' lang='lat' dir='ltr'><strong>vos</strong></span> <span class='ocrx_word' id='word_1_101' title='bbox 3050 1984 3118 2047; x_wconf 91' lang='lat' dir='ltr'><strong>et</strong></span> <span class='ocrx_word' id='word_1_102' title='bbox 3163 1975 3412 2047; x_wconf 88' lang='lat' dir='ltr'><strong>Eccle-</strong></span> 
     </span>
     <span class='ocr_line' id='line_1_13' title="bbox 601 2098 3405 2193; baseline 0 -23"><span class='ocrx_word' id='word_1_103' title='bbox 601 2098 774 2171; x_wconf 89' lang='lat' dir='ltr'><strong>siam</strong></span> <span class='ocrx_word' id='word_1_104' title='bbox 826 2098 1288 2171; x_wconf 83' lang='lat' dir='ltr'><strong>offendebant.</strong></span> <span class='ocrx_word' id='word_1_105' title='bbox 1332 2100 1418 2171; x_wconf 91' lang='lat' dir='ltr'><strong>Et</strong></span> <span class='ocrx_word' id='word_1_106' title='bbox 1456 2099 1610 2171; x_wconf 82' lang='lat' dir='ltr'><strong>licet</strong></span> <span class='ocrx_word' id='word_1_107' title='bbox 1649 2100 1901 2188; x_wconf 90' lang='lat' dir='ltr'><strong>multa,</strong></span> <span class='ocrx_word' id='word_1_108' title='bbox 1939 2108 2103 2186; x_wconf 87' lang='lat' dir='ltr'><strong>etc.,</strong></span> <span class='ocrx_word' id='word_1_109' title='bbox 2155 2123 2363 2193; x_wconf 79' lang='lat' dir='ltr'><strong>usque</strong></span> <span class='ocrx_word' id='word_1_110' title='bbox 2403 2100 2494 2170; x_wconf 81' lang='lat' dir='ltr'><strong>ad</strong></span> <span class='ocrx_word' id='word_1_111' title='bbox 2533 2100 2904 2172; x_wconf 87' lang='lat' dir='ltr'><strong>Ecclesiam</strong></span> <span class='ocrx_word' id='word_1_112' title='bbox 2953 2098 3405 2188; x_wconf 84' lang='lat' dir='ltr'><strong>indefensam,</strong></span> 
     </span>
     <span class='ocr_line' id='line_1_14' title="bbox 602 2220 3412 2316; baseline 0.001 -24"><span class='ocrx_word' id='word_1_113' title='bbox 602 2222 778 2293; x_wconf 90' lang='lat' dir='ltr'><strong>sicut</strong></span> <span class='ocrx_word' id='word_1_114' title='bbox 826 2222 1149 2315; x_wconf 84' lang='lat' dir='ltr'><strong>magister</strong></span> <span class='ocrx_word' id='word_1_115' title='bbox 1195 2220 1444 2294; x_wconf 91' lang='lat' dir='ltr'><strong>domus</strong></span> <span class='ocrx_word' id='word_1_116' title='bbox 1492 2222 2069 2295; x_wconf 90' lang='lat' dir='ltr'><strong>Theutonicorum</strong></span> <span class='ocrx_word' id='word_1_117' title='bbox 2120 2221 2348 2295; x_wconf 86' lang='lat' dir='ltr'><strong>fidelis</strong></span> <span class='ocrx_word' id='word_1_118' title='bbox 2398 2232 2650 2308; x_wconf 87' lang='lat' dir='ltr'><strong>noster,</strong></span> <span class='ocrx_word' id='word_1_119' title='bbox 2704 2222 2827 2315; x_wconf 90' lang='lat' dir='ltr'><strong>qui</strong></span> <span class='ocrx_word' id='word_1_120' title='bbox 2879 2222 3194 2316; x_wconf 86' lang='lat' dir='ltr'><strong>proximo</strong></span> <span class='ocrx_word' id='word_1_121' title='bbox 3242 2222 3412 2294; x_wconf 84' lang='lat' dir='ltr'><strong>festo</strong></span> 
     </span>
     <span class='ocr_line' id='line_1_15' title="bbox 601 2343 3413 2441; baseline -0 -23"><span class='ocrx_word' id='word_1_122' title='bbox 601 2343 857 2418; x_wconf 88' lang='lat' dir='ltr'><strong>Pasehe</strong></span> <span class='ocrx_word' id='word_1_123' title='bbox 885 2346 980 2419; x_wconf 90' lang='lat' dir='ltr'><strong>ad</strong></span> <span class='ocrx_word' id='word_1_124' title='bbox 1007 2347 1422 2441; x_wconf 87' lang='lat' dir='ltr'><strong>presentiam</strong></span> <span class='ocrx_word' id='word_1_125' title='bbox 1448 2355 1749 2420; x_wconf 88' lang='lat' dir='ltr'><strong>vestram</strong></span> <span class='ocrx_word' id='word_1_126' title='bbox 1779 2369 1822 2419; x_wconf 87' lang='lat' dir='ltr'><strong>a</strong></span> <span class='ocrx_word' id='word_1_127' title='bbox 1850 2346 2051 2420; x_wconf 87' lang='lat' dir='ltr'><strong>nobis</strong></span> <span class='ocrx_word' id='word_1_128' title='bbox 2087 2347 2342 2419; x_wconf 90' lang='lat' dir='ltr'><strong>missus</strong></span> <span class='ocrx_word' id='word_1_129' title='bbox 2372 2346 2692 2435; x_wconf 89' lang='lat' dir='ltr'><strong>accedet,</strong></span> <span class='ocrx_word' id='word_1_130' title='bbox 2735 2366 2943 2440; x_wconf 89' lang='lat' dir='ltr'><strong>super</strong></span> <span class='ocrx_word' id='word_1_131' title='bbox 2989 2344 3099 2417; x_wconf 89' lang='lat' dir='ltr'><strong>his</strong></span> <span class='ocrx_word' id='word_1_132' title='bbox 3150 2356 3219 2417; x_wconf 89' lang='lat' dir='ltr'><strong>et</strong></span> <span class='ocrx_word' id='word_1_133' title='bbox 3263 2346 3413 2417; x_wconf 90' lang='lat' dir='ltr'><strong>aliis</strong></span> 
     </span>
     <span class='ocr_line' id='line_1_16' title="bbox 602 2468 3414 2566; baseline 0.001 -27"><span class='ocrx_word' id='word_1_134' title='bbox 602 2469 673 2540; x_wconf 94' lang='lat' dir='ltr'><strong>in</strong></span> <span class='ocrx_word' id='word_1_135' title='bbox 720 2481 1090 2565; x_wconf 88' lang='lat' dir='ltr'><strong>conspectu</strong></span> <span class='ocrx_word' id='word_1_136' title='bbox 1133 2480 1364 2543; x_wconf 86' lang='lat' dir='ltr'><strong>vestro</strong></span> <span class='ocrx_word' id='word_1_137' title='bbox 1399 2480 1707 2543; x_wconf 88' lang='lat' dir='ltr'><strong>nostrum</strong></span> <span class='ocrx_word' id='word_1_138' title='bbox 1737 2470 2165 2566; x_wconf 90' lang='lat' dir='ltr'><strong>propositum</strong></span> <span class='ocrx_word' id='word_1_139' title='bbox 2212 2470 2512 2566; x_wconf 89' lang='lat' dir='ltr'><strong>plenarie</strong></span> <span class='ocrx_word' id='word_1_140' title='bbox 2542 2469 2895 2543; x_wconf 89' lang='lat' dir='ltr'><strong>reserabit.</strong></span> <span class='ocrx_word' id='word_1_141' title='bbox 2938 2468 3147 2560; x_wconf 90' lang='lat' dir='ltr'><strong>Cujus</strong></span> <span class='ocrx_word' id='word_1_142' title='bbox 3185 2469 3414 2541; x_wconf 88' lang='lat' dir='ltr'><strong>verbis</strong></span> 
     </span>
     <span class='ocr_line' id='line_1_17' title="bbox 603 2590 2019 2690; baseline 0.002 -26"><span class='ocrx_word' id='word_1_143' title='bbox 603 2590 1060 2666; x_wconf 89' lang='lat' dir='ltr'><strong>indubitatam</strong></span> <span class='ocrx_word' id='word_1_144' title='bbox 1091 2592 1297 2667; x_wconf 87' lang='lat' dir='ltr'><strong>fidem</strong></span> <span class='ocrx_word' id='word_1_145' title='bbox 1328 2595 1634 2690; x_wconf 87' lang='lat' dir='ltr'><strong>poteritis</strong></span> <span class='ocrx_word' id='word_1_146' title='bbox 1661 2594 2019 2670; x_wconf 88' lang='lat' dir='ltr'><strong>adhibere.</strong></span> 
     </span>
    </p>

    <p class='ocr_par' dir='ltr' id='par_1_4' title="bbox 697 2718 1601 2813">
     <span class='ocr_line' id='line_1_18' title="bbox 697 2718 1601 2813; baseline 0.002 -26"><span class='ocrx_word' id='word_1_147' title='bbox 697 2718 946 2790; x_wconf 91' lang='lat' dir='ltr'><strong>Datum</strong></span> <span class='ocrx_word' id='word_1_148' title='bbox 987 2718 1220 2811; x_wconf 82' lang='lat' dir='ltr'><strong>Fogie,</strong></span> <span class='ocrx_word' id='word_1_149' title='bbox 1256 2729 1335 2789; x_wconf 81' lang='lat' dir='ltr'><strong>ut</strong></span> <span class='ocrx_word' id='word_1_150' title='bbox 1366 2741 1601 2813; x_wconf 79' lang='lat' dir='ltr'><strong>supra.</strong></span> 
     </span>
    </p>
   </div>
   <div class='ocr_carea' id='block_1_4' title="bbox 1859 3030 2934 3041">
    <p class='ocr_par' dir='ltr' id='par_1_5' title="bbox 1859 3030 2934 3041">
     <span class='ocr_line' id='line_1_19' title="bbox 1859 3030 2934 3041; baseline -0.001 0"><span class='ocrx_word' id='word_1_151' title='bbox 1859 3030 2934 3041; x_wconf 71' lang='lat' dir='ltr'><strong>——n———-—-0——·-—-———</strong></span> 
     </span>
    </p>
   </div>
   <div class='ocr_carea' id='block_1_5' title="bbox 602 3301 3799 3940">
    <p class='ocr_par' dir='ltr' id='par_1_6' title="bbox 602 3301 3799 3940">
     <span class='ocr_line' id='line_1_20' title="bbox 707 3301 3799 3426; baseline 0.001 -40"><span class='ocrx_word' id='word_1_152' title='bbox 707 3302 1132 3386; x_wconf 87' lang='lat' dir='ltr'><strong>Fridericus</strong></span> <span class='ocrx_word' id='word_1_153' title='bbox 1156 3366 1179 3410; x_wconf 84' lang='lat'>,</span> <span class='ocrx_word' id='word_1_154' title='bbox 1241 3303 1758 3387; x_wconf 87' lang='lat' dir='ltr'><strong>Romanorum</strong></span> <span class='ocrx_word' id='word_1_155' title='bbox 1830 3303 2239 3411; x_wconf 87' lang='lat' dir='ltr'><strong>imperator</strong></span> <span class='ocrx_word' id='word_1_156' title='bbox 2256 3365 2279 3409; x_wconf 84' lang='lat'>,</span> <span class='ocrx_word' id='word_1_157' title='bbox 2328 3301 2680 3384; x_wconf 89' lang='lat' dir='ltr'><strong>fidelibus</strong></span> <span class='ocrx_word' id='word_1_158' title='bbox 2726 3302 2884 3384; x_wconf 88' lang='lat' dir='ltr'><strong>suis</strong></span> <span class='ocrx_word' id='word_1_159' title='bbox 2937 3305 3016 3383; x_wconf 91' lang='lat' dir='ltr'><strong>in</strong></span> <span class='ocrx_word' id='word_1_160' title='bbox 3075 3306 3419 3414; x_wconf 88' lang='lat' dir='ltr'><strong>partibus</strong></span> <span class='ocrx_word' id='word_1_161' title='bbox 3515 3321 3799 3426; x_wconf 53' lang='grc' dir='ltr'><strong>[ζξξξςηξξῗ</strong></span> 
     </span>
     <span class='ocr_line' id='line_1_21' title="bbox 604 3433 3421 3544; baseline 0.001 -28"><span class='ocrx_word' id='word_1_162' title='bbox 604 3433 1102 3518; x_wconf 86' lang='lat' dir='ltr'><strong>Lombardiae</strong></span> <span class='ocrx_word' id='word_1_163' title='bbox 1138 3437 1563 3520; x_wconf 87' lang='lat' dir='ltr'><strong>constitutis</strong></span> <span class='ocrx_word' id='word_1_164' title='bbox 1608 3436 1910 3518; x_wconf 86' lang='lat' dir='ltr'><strong>nuntiat</strong></span> <span class='ocrx_word' id='word_1_165' title='bbox 1952 3436 2341 3544; x_wconf 88' lang='lat' dir='ltr'><strong>quomodo</strong></span> <span class='ocrx_word' id='word_1_166' title='bbox 2375 3434 2634 3517; x_wconf 87' lang='lat' dir='ltr'><strong>omnia</strong></span> <span class='ocrx_word' id='word_1_167' title='bbox 2672 3435 2816 3517; x_wconf 88' lang='lat' dir='ltr'><strong>sibi</strong></span> <span class='ocrx_word' id='word_1_168' title='bbox 2851 3436 2932 3516; x_wconf 91' lang='lat' dir='ltr'><strong>in</strong></span> <span class='ocrx_word' id='word_1_169' title='bbox 2969 3436 3421 3520; x_wconf 85' lang='lat' dir='ltr'><strong>Alemannia</strong></span> 
     </span>
     <span class='ocr_line' id='line_1_22' title="bbox 605 3568 3422 3677; baseline 0.002 -30"><span class='ocrx_word' id='word_1_170' title='bbox 605 3592 960 3676; x_wconf 88' lang='lat' dir='ltr'><strong>prospere</strong></span> <span class='ocrx_word' id='word_1_171' title='bbox 1013 3569 1332 3675; x_wconf 84' lang='lat' dir='ltr'><strong>cedunt,</strong></span> <span class='ocrx_word' id='word_1_172' title='bbox 1388 3569 1548 3651; x_wconf 82' lang='lat' dir='ltr'><strong>filio</strong></span> <span class='ocrx_word' id='word_1_173' title='bbox 1606 3594 1746 3652; x_wconf 87' lang='lat' dir='ltr'><strong>suo</strong></span> <span class='ocrx_word' id='word_1_174' title='bbox 1801 3568 2015 3650; x_wconf 91' lang='lat' dir='ltr'><strong>nulla</strong></span> <span class='ocrx_word' id='word_1_175' title='bbox 2067 3568 2510 3677; x_wconf 87' lang='lat' dir='ltr'><strong>interposita</strong></span> <span class='ocrx_word' id='word_1_176' title='bbox 2562 3568 2990 3651; x_wconf 88' lang='lat' dir='ltr'><strong>conditione</strong></span> <span class='ocrx_word' id='word_1_177' title='bbox 3044 3571 3142 3651; x_wconf 92' lang='lat' dir='ltr'><strong>ad</strong></span> <span class='ocrx_word' id='word_1_178' title='bbox 3190 3596 3422 3652; x_wconf 90' lang='lat' dir='ltr'><strong>man-</strong></span> 
     </span>
     <span class='ocr_line' id='line_1_23' title="bbox 602 3699 3425 3807; baseline 0.001 -27"><span class='ocrx_word' id='word_1_179' title='bbox 602 3699 869 3781; x_wconf 85' lang='lat' dir='ltr'><strong>datum</strong></span> <span class='ocrx_word' id='word_1_180' title='bbox 916 3727 1145 3783; x_wconf 87' lang='lat' dir='ltr'><strong>suum</strong></span> <span class='ocrx_word' id='word_1_181' title='bbox 1200 3702 1589 3784; x_wconf 87' lang='lat' dir='ltr'><strong>redeunte.</strong></span> <span class='ocrx_word' id='word_1_182' title='bbox 1636 3702 1830 3784; x_wconf 90' lang='lat' dir='ltr'><strong>Cum</strong></span> <span class='ocrx_word' id='word_1_183' title='bbox 1887 3711 2140 3783; x_wconf 87' lang='lat' dir='ltr'><strong>autem</strong></span> <span class='ocrx_word' id='word_1_184' title='bbox 2197 3700 2615 3783; x_wconf 88' lang='lat' dir='ltr'><strong>solemnem</strong></span> <span class='ocrx_word' id='word_1_185' title='bbox 2670 3699 2961 3782; x_wconf 89' lang='lat' dir='ltr'><strong>curiam</strong></span> <span class='ocrx_word' id='word_1_186' title='bbox 3007 3703 3211 3807; x_wconf 87' lang='lat' dir='ltr'><strong>apud</strong></span> <span class='ocrx_word' id='word_1_187' title='bbox 3255 3703 3425 3785; x_wconf 91' lang='lat' dir='ltr'><strong>Ma-</strong></span> 
     </span>
     <span class='ocr_line' id='line_1_24' title="bbox 603 3831 3425 3940; baseline 0.001 -29"><span class='ocrx_word' id='word_1_188' title='bbox 603 3831 950 3940; x_wconf 85' lang='lat' dir='ltr'><strong>guntiam</strong></span> <span class='ocrx_word' id='word_1_189' title='bbox 999 3832 1394 3940; x_wconf 84' lang='lat' dir='ltr'><strong>indixerit,</strong></span> <span class='ocrx_word' id='word_1_190' title='bbox 1437 3832 1612 3917; x_wconf 90' lang='lat' dir='ltr'><strong>illos</strong></span> <span class='ocrx_word' id='word_1_191' title='bbox 1649 3844 1906 3916; x_wconf 89' lang='lat' dir='ltr'><strong>monet</strong></span> <span class='ocrx_word' id='word_1_192' title='bbox 1939 3845 2025 3916; x_wconf 92' lang='lat' dir='ltr'><strong>ut</strong></span> <span class='ocrx_word' id='word_1_193' title='bbox 2067 3834 2166 3914; x_wconf 93' lang='lat' dir='ltr'><strong>ad</strong></span> <span class='ocrx_word' id='word_1_194' title='bbox 2202 3832 2495 3915; x_wconf 88' lang='lat' dir='ltr'><strong>curiam</strong></span> <span class='ocrx_word' id='word_1_195' title='bbox 2546 3832 2889 3913; x_wconf 89' lang='lat' dir='ltr'><strong>eamdem</strong></span> <span class='ocrx_word' id='word_1_196' title='bbox 2942 3833 3296 3940; x_wconf 86' lang='lat' dir='ltr'><strong>providos</strong></span> <span class='ocrx_word' id='word_1_197' title='bbox 3350 3848 3425 3915; x_wconf 88' lang='lat' dir='ltr'><strong>et</strong></span> 
     </span>
    </p>
   </div>
   <div class='ocr_carea' id='block_1_6' title="bbox 600 3963 2096 4073">
    <p class='ocr_par' dir='ltr' id='par_1_7' title="bbox 600 3963 2096 4073">
     <span class='ocr_line' id='line_1_25' title="bbox 600 3963 2096 4073; baseline 0.003 -29"><span class='ocrx_word' id='word_1_198' title='bbox 600 3963 959 4047; x_wconf 87' lang='lat' dir='ltr'><strong>honestos</strong></span> <span class='ocrx_word' id='word_1_199' title='bbox 998 3966 1306 4048; x_wconf 89' lang='lat' dir='ltr'><strong>nuntios</strong></span> <span class='ocrx_word' id='word_1_200' title='bbox 1342 3965 1639 4050; x_wconf 83' lang='lat' dir='ltr'><strong>mittere</strong></span> <span class='ocrx_word' id='word_1_201' title='bbox 1663 3978 2096 4073; x_wconf 89' lang='lat' dir='ltr'><strong>procurent.</strong></span> 
     </span>
    </p>
   </div>
   <div class='ocr_carea' id='block_1_7' title="bbox 764 4177 3418 4580">
    <p class='ocr_par' dir='ltr' id='par_1_8' title="bbox 764 4177 3418 4580">
     <span class='ocr_line' id='line_1_26' title="bbox 764 4177 3418 4256; baseline 0.002 -19"><span class='ocrx_word' id='word_1_202' title='bbox 764 4177 1009 4256; x_wconf 85' lang='lat' dir='ltr'><strong>(Inedlt.</strong></span> <span class='ocrx_word' id='word_1_203' title='bbox 1040 4196 1117 4240; x_wconf 84' lang='lat' dir='ltr'><strong>ex</strong></span> <span class='ocrx_word' id='word_1_204' title='bbox 1142 4179 1343 4242; x_wconf 86' lang='lat' dir='ltr'><strong>codice</strong></span> <span class='ocrx_word' id='word_1_205' title='bbox 1369 4181 1596 4242; x_wconf 82' lang='lat' dir='ltr'><strong>Musaei</strong></span> <span class='ocrx_word' id='word_1_206' title='bbox 1618 4181 1888 4242; x_wconf 85' lang='lat' dir='ltr'><strong>Britann.</strong></span> <span class='ocrx_word' id='word_1_207' title='bbox 1921 4180 2235 4241; x_wconf 83' lang='lat' dir='ltr'><strong>Harleiano</strong></span> <span class='ocrx_word' id='word_1_208' title='bbox 2267 4186 2447 4251; x_wconf 80' lang='grc'><strong>3678,</strong></span> <span class='ocrx_word' id='word_1_209' title='bbox 2468 4177 2575 4240; x_wconf 83' lang='lat' dir='ltr'><strong>fol.</strong></span> <span class='ocrx_word' id='word_1_210' title='bbox 2612 4187 2684 4239; x_wconf 84' lang='lat'><strong>18</strong></span> <span class='ocrx_word' id='word_1_211' title='bbox 2715 4194 2908 4251; x_wconf 83' lang='lat' dir='ltr'><strong>verso,</strong></span> <span class='ocrx_word' id='word_1_212' title='bbox 2947 4186 3017 4238; x_wconf 82' lang='lat'><strong>19</strong></span> <span class='ocrx_word' id='word_1_213' title='bbox 3043 4185 3201 4240; x_wconf 87' lang='lat' dir='ltr'><strong>recto</strong></span> <span class='ocrx_word' id='word_1_214' title='bbox 3212 4199 3232 4255; x_wconf 74' lang='grc' dir='ltr'><strong><em>ς</em></strong></span> <span class='ocrx_word' id='word_1_215' title='bbox 3261 4183 3418 4243; x_wconf 89' lang='lat' dir='ltr'><strong>unde</strong></span> 
     </span>
     <span class='ocr_line' id='line_1_27' title="bbox 838 4284 3415 4366; baseline 0.002 -22"><span class='ocrx_word' id='word_1_216' title='bbox 838 4285 1177 4347; x_wconf 86' lang='lat' dir='ltr'><strong>documenti</strong></span> <span class='ocrx_word' id='word_1_217' title='bbox 1203 4287 1507 4366; x_wconf 85' lang='lat' dir='ltr'><strong>exemplar</strong></span> <span class='ocrx_word' id='word_1_218' title='bbox 1532 4289 1625 4347; x_wconf 79' lang='lat' dir='ltr'><strong>vir</strong></span> <span class='ocrx_word' id='word_1_219' title='bbox 1650 4291 1920 4366; x_wconf 79' lang='lat' dir='ltr'><strong>egregius</strong></span> <span class='ocrx_word' id='word_1_220' title='bbox 1944 4288 2034 4348; x_wconf 85' lang='lat' dir='ltr'><strong>M.</strong></span> <span class='ocrx_word' id='word_1_221' title='bbox 2071 4286 2293 4362; x_wconf 81' lang='lat' dir='ltr'><strong>Amari,</strong></span> <span class='ocrx_word' id='word_1_222' title='bbox 2322 4301 2510 4363; x_wconf 82' lang='lat' dir='ltr'><strong>nuper</strong></span> <span class='ocrx_word' id='word_1_223' title='bbox 2539 4284 2617 4346; x_wconf 84' lang='lat' dir='ltr'><strong>ab</strong></span> <span class='ocrx_word' id='word_1_224' title='bbox 2649 4284 2862 4364; x_wconf 83' lang='lat' dir='ltr'><strong>Anglia</strong></span> <span class='ocrx_word' id='word_1_225' title='bbox 2886 4302 3176 4360; x_wconf 75' lang='lat' dir='ltr'><strong>reversuS,</strong></span> <span class='ocrx_word' id='word_1_226' title='bbox 3201 4288 3281 4349; x_wconf 86' lang='lat' dir='ltr'><strong>ad</strong></span> <span class='ocrx_word' id='word_1_227' title='bbox 3306 4306 3415 4350; x_wconf 89' lang='lat' dir='ltr'><strong>nos</strong></span> 
     </span>
     <span class='ocr_line' id='line_1_28' title="bbox 840 4390 3416 4471; baseline 0.003 -22"><span class='ocrx_word' id='word_1_228' title='bbox 840 4390 1074 4450; x_wconf 91' lang='lat' dir='ltr'><strong>detulit.</strong></span> <span class='ocrx_word' id='word_1_229' title='bbox 1108 4393 1179 4452; x_wconf 93' lang='lat' dir='ltr'><strong>In</strong></span> <span class='ocrx_word' id='word_1_230' title='bbox 1216 4392 1416 4454; x_wconf 87' lang='lat' dir='ltr'><strong>codice</strong></span> <span class='ocrx_word' id='word_1_231' title='bbox 1455 4410 1598 4454; x_wconf 82' lang='lat' dir='ltr'><strong>vero</strong></span> <span class='ocrx_word' id='word_1_232' title='bbox 1643 4394 1719 4454; x_wconf 86' lang='lat' dir='ltr'><strong>ad</strong></span> <span class='ocrx_word' id='word_1_233' title='bbox 1765 4410 2032 4455; x_wconf 87' lang='lat' dir='ltr'><strong>mensem</strong></span> <span class='ocrx_word' id='word_1_234' title='bbox 2077 4396 2323 4471; x_wconf 83' lang='lat' dir='ltr'><strong>junium</strong></span> <span class='ocrx_word' id='word_1_235' title='bbox 2366 4393 2513 4455; x_wconf 78' lang='lat' dir='ltr'><strong>haec</strong></span> <span class='ocrx_word' id='word_1_236' title='bbox 2557 4393 2800 4469; x_wconf 83' lang='lat' dir='ltr'><strong>epistola</strong></span> <span class='ocrx_word' id='word_1_237' title='bbox 2841 4397 3088 4455; x_wconf 87' lang='lat' dir='ltr'><strong>maximi</strong></span> <span class='ocrx_word' id='word_1_238' title='bbox 3129 4399 3416 4457; x_wconf 89' lang='lat' dir='ltr'><strong>momenti</strong></span> 
     </span>
     <span class='ocr_line' id='line_1_29' title="bbox 836 4498 3064 4580; baseline 0.003 -25"><span class='ocrx_word' id='word_1_239' title='bbox 836 4503 1136 4571; x_wconf 85' lang='lat' dir='ltr'><strong>exaratur,</strong></span> <span class='ocrx_word' id='word_1_240' title='bbox 1166 4501 1464 4560; x_wconf 82' lang='lat' dir='ltr'><strong>notatione</strong></span> <span class='ocrx_word' id='word_1_241' title='bbox 1487 4505 1691 4560; x_wconf 87' lang='lat' dir='ltr'><strong>tamen</strong></span> <span class='ocrx_word' id='word_1_242' title='bbox 1715 4500 1855 4561; x_wconf 88' lang='lat' dir='ltr'><strong>anni</strong></span> <span class='ocrx_word' id='word_1_243' title='bbox 1889 4508 2039 4562; x_wconf 78' lang='lat'>1236</span> <span class='ocrx_word' id='word_1_244' title='bbox 2068 4517 2173 4579; x_wconf 82' lang='lat' dir='ltr'><strong>per</strong></span> <span class='ocrx_word' id='word_1_245' title='bbox 2197 4501 2570 4562; x_wconf 83' lang='lat' dir='ltr'><strong>oscitantlam</strong></span> <span class='ocrx_word' id='word_1_246' title='bbox 2595 4498 3064 4580; x_wconf 84' lang='lat' dir='ltr'><strong>superinducta.)</strong></span> 
     </span>
    </p>
   </div>
   <div class='ocr_carea' id='block_1_8' title="bbox 693 4677 3415 4871">
    <p class='ocr_par' dir='ltr' id='par_1_9' title="bbox 693 4677 3415 4871">
     <span class='ocr_line' id='line_1_30' title="bbox 693 4677 3415 4782; baseline 0.005 -32"><span class='ocrx_word' id='word_1_247' title='bbox 693 4677 1133 4777; x_wconf 87' lang='lat' dir='ltr'><strong>Fredericus,</strong></span> <span class='ocrx_word' id='word_1_248' title='bbox 1194 4685 1320 4757; x_wconf 91' lang='lat' dir='ltr'><strong>Dei</strong></span> <span class='ocrx_word' id='word_1_249' title='bbox 1389 4685 1609 4779; x_wconf 81' lang='lat' dir='ltr'><strong>gratia</strong></span> <span class='ocrx_word' id='word_1_250' title='bbox 1664 4686 2124 4760; x_wconf 87' lang='lat' dir='ltr'><strong>Romanorum</strong></span> <span class='ocrx_word' id='word_1_251' title='bbox 2180 4686 2576 4782; x_wconf 89' lang='lat' dir='ltr'><strong>imperator,</strong></span> <span class='ocrx_word' id='word_1_252' title='bbox 2641 4688 3014 4763; x_wconf 84' lang='lat' dir='ltr'><strong>Jerusalem</strong></span> <span class='ocrx_word' id='word_1_253' title='bbox 3066 4698 3136 4761; x_wconf 90' lang='lat' dir='ltr'><strong>et</strong></span> <span class='ocrx_word' id='word_1_254' title='bbox 3188 4690 3415 4765; x_wconf 91' lang='lat' dir='ltr'><strong>Sicilie</strong></span> 
     </span>
     <span class='ocr_line' id='line_1_31' title="bbox 795 4803 3105 4871; baseline 0.003 -7"><span class='ocrx_word' id='word_1_255' title='bbox 795 4803 904 4865; x_wconf 86' lang='lat' dir='ltr'><strong>lv.</strong></span> <span class='ocrx_word' id='word_1_256' title='bbox 944 4819 1053 4864; x_wconf 62' lang='grc' dir='ltr'><strong>Ρη.</strong></span> <span class='ocrx_word' id='word_1_257' title='bbox 1078 4822 1123 4864; x_wconf 84' lang='lat'><strong>2.</strong></span> <span class='ocrx_word' id='word_1_258' title='bbox 2995 4820 3105 4871; x_wconf 78' lang='lat'><strong>119</strong></span> 
     </span>
    </p>
   </div>
  </div>
 </body>
</html>
