4500 5956
1046 632 1169 694 622
2092 638 2440 700 namuci
2488 639 2825 702 ssrrmi
3496 644 3657 726 [m.
3694 645 3875 713 1283.

1145 766 1395 840 Actum
1426 790 1611 842 anno
1638 771 1910 844 Domini
1936 774 2030 845 M.
2059 774 2182 846 CC.
2220 774 2539 865 XXXIII,
2585 775 2963 851 indictione
2982 777 3100 850 vl.

1145 892 1392 962 Datum
1425 892 1827 990 Ratispone‚
1869 897 1957 969 IV
1995 918 2213 971 nonas
2242 898 2652 993 septembris
2681 899 2744 995 (⁴
2760 899 2816 995 ).

1476 1186 1635 1199 ρ..--
1652 1186 1903 1194 „m
1914 1188 1991 1195 -ο-
2004 1188 3439 1197 --“Μ-ᾙ,σ*-Μ-“---“κ

638 1467 965 1574 mssffi‘ssm.
1124 1457 1558 1558 ,Henricus,
1601 1456 2126 1537 Romanorum
2179 1479 2350 1556 rex,
2395 1454 2497 1535 ad
2540 1452 2986 1536 instantiam
3027 1452 3332 1539 Henrici
3389 1454 3705 1563 majoris
3739 1453 3877 1537 filii

642 1576 694 1618 ¹⁹
715 1576 993 1629 “mmm
1044 1590 1262 1672 ducis
1307 1585 1841 1695 Lotharingiae
1857 1647 1879 1691 ‚
1917 1585 2268 1668 homines
2313 1587 2411 1668 de
2445 1610 2647 1671 nova
2688 1584 2986 1670 civitate
3030 1587 3238 1694 apud
3272 1585 3559 1672 Silvam
3609 1585 3879 1695 (Bois-

1045 1720 1387 1830 le—Duc)
1427 1744 1473 1800 a
1509 1718 1880 1800 theloneis
1914 1719 2231 1827 quaein
2268 1718 2533 1802 Rheno
2570 1719 2669 1801 ad
2706 1744 2983 1802 manus
3028 1717 3260 1801 habet
3301 1718 3383 1800 in
3429 1729 3879 1827 perpetuum

1052 1851 1411 1958 absolvit,
1452 1851 1559 1932 ita
1597 1859 1851 1933 tamen
1891 1853 2100 1960 quod
2144 1851 2291 1960 ipsi
2327 1877 2468 1935 nec
2510 1877 2635 1934 res
2685 1851 3012 1934 aliorum
3056 1849 3403 1936 deferant
3445 1877 3587 1935 nec
3630 1852 3727 1934 de
3771 1851 3880 1934 eis

1049 1986 1565 2095 negocientur.

1210 2198 1443 2277 (Edidit
1471 2200 1806 2272 Wumns,
1852 2195 1986 2257 Cod.
2018 2193 2256 2276 diplom.
2295 2195 2380 2258 ad
2410 2197 2617 2260 chron.
2660 2199 2884 2259 Ioum.
2922 2215 3003 2259 nn
3039 2198 3249 2258 Kuzu
3285 2195 3586 2279 adjtmct„
3631 2201 3779 2275 tom.
3815 2198 3879 2274 Ι,

1286 2322 1350 2382 p.
1385 2313 1500 2365 636
1535 2303 1884 2383 (Bruxelles,
1919 2302 2122 2383 1839),
2149 2321 2224 2366 ex
2252 2304 2571 2366 chartular.
2605 2304 2808 2365 ducat.
2835 2304 3014 2366 Brab.
3045 2303 3144 2377 B..
3173 2303 3280 2365 fol.
3314 2312 3348 2364 5
3379 2301 3592 2383 recto.)

1152 2489 1519 2581 HenricuS,
1578 2490 1702 2561 Dei
1756 2490 1977 2583 gratia
2008 2510 2136 2561 rex
2171 2490 2638 2562 Romanorum
2669 2500 2738 2561 et
2767 2502 3050 2583 semper
3084 2497 3424 2582 augustus
3447 2541 3468 2580 ,
3527 2486 3877 2560 universis

1054 2638 1338 2710 presens
1371 2615 1700 2711 scriptum
1732 2614 1989 2690 visuris
2016 2615 2336 2687 salutem.
2361 2615 2695 2687 Noverint
2716 2615 3024 2687 universi
3042 2613 3235 2708 quod
3252 2634 3380 2686 nos
3403 2612 3497 2686 ad
3513 2613 3880 2684 instantem

1052 2741 1583 2834 postulationem
1632 2737 1991 2833 predilecti
2034 2738 2262 2809 affinis
2311 2739 2522 2810 nostri
2568 2739 2878 2829 Henrici,
2937 2738 3216 2830 majoris
3246 2736 3370 2808 filii
3407 2736 3694 2808 illustris
3749 2734 3880 2807 viri

1055 2860 1277 2933 fidelis
1308 2863 1523 2934 nostri
1559 2862 1832 2934 Henrici
1870 2860 2070 2932 ducis
2101 2860 2571 2954 Lotharingie,
2618 2861 2981 2932 universos
3016 2858 3330 2932 homines
3364 2881 3529 2931 suos
3574 2858 3665 2931 de
3699 2878 3882 2931 nova

1060 2985 1336 3057 civitate
1367 2985 1558 3080 apud
1594 2987 1851 3058 Silvam
1889 2983 1992 3080 (2)
2030 2984 2153 3078 qui
2189 3007 2376 3057 nunc
2423 2985 2522 3057 ibi
2565 2994 2728 3058 sunt
2772 2995 2843 3058 et
2875 2986 2949 3057 in
3000 2993 3348 3079 posterum
3382 2984 3545 3054 illuc
3583 2982 3675 3055 ad
3718 3004 3882 3055 ma-

1057 3107 1366 3178 nendum
1398 3109 1876 3196 convenerint,
1931 3108 2240 3202 exceptis
2282 3109 2536 3181 nostris
2574 3108 2970 3181 hominibus
3010 3108 3134 3201 qui
3180 3106 3444 3179 ibidem
3489 3105 3705 3200 recipi
3743 3126 3881 3176 non

1064 3230 1341 3321 delent,
1384 3254 1423 3302 a
1463 3231 1783 3302 theloniis
1810 3231 2061 3301 nostris
2096 3252 2236 3324 que
2273 3252 2401 3302 nos
2437 3232 2861 3326 ubicumque
2888 3231 2960 3302 in
2995 3233 3185 3303 Reno
3218 3229 3311 3304 ad
3338 3251 3587 3302 manus
3620 3237 3883 3302 nostras

1062 3352 1428 3441 habemuS‚
1462 3353 1678 3447 regali
1708 3353 2127 3446 benignitate
2157 3354 2227 3423 in
2261 3364 2668 3449 perpetuum
2702 3353 3168 3445 absolvimus;
3209 3355 3305 3426 ita
3339 3353 3668 3426 videlicet
3691 3350 3885 3446 quod

1066 3475 1153 3547 de
1189 3475 1397 3547 rebus
1424 3495 1565 3569 que
1600 3497 1726 3547 sue
1760 3485 1922 3546 sunt
1954 3477 2219 3547 nullum
2257 3476 2457 3549 nobis
2493 3478 2606 3550 vel
2642 3478 3028 3550 necessario
3055 3475 3206 3573 (sic)
3236 3486 3467 3549 nostro
3486 3476 3884 3571 persolvant

1065 3599 1452 3671 theloneum
1491 3600 1819 3692 nullaque
1844 3600 1915 3670 in
1952 3619 2070 3672 eos
2112 3599 2228 3671 vel
2271 3621 2384 3672 res
2437 3602 2736 3695 ipsorum
2770 3600 2888 3673 fiat
2921 3602 3225 3693 exactio,
3271 3601 3545 3696 ipsique
3586 3599 3880 3672 aliorum

1058 3745 1167 3795 res
1203 3745 1333 3796 nec
1364 3723 1673 3795 deferant
1703 3744 1832 3796 nec
1866 3719 1956 3795 de
1988 3723 2089 3795 eis
2119 3724 2591 3817 negocientur.
2624 3726 3000 3798 Statuimus
3037 3726 3250 3819 igitur
3279 3733 3349 3798 et
3385 3725 3600 3818 regali
3636 3732 3882 3797 aucto-

1057 3848 1256 3920 ritate
1286 3849 1648 3921 sanximus
1695 3856 1773 3918 ut
1816 3847 2005 3919 nulla
2055 3848 2338 3921 omnino
2371 3871 2661 3943 persona
2697 3849 2978 3921 humilis
3028 3851 3137 3921 vel
3188 3850 3357 3936 alta,
3397 3848 3723 3921 secularis
3770 3846 3883 3919 vel

1055 3973 1547 4062 ecclesiastica,
1588 3970 1934 4067 predictos
1965 3972 2280 4046 homines
2307 3974 2399 4047 de
2426 3996 2607 4047 nova
2637 3974 2914 4047 civitate
2943 3973 3133 4069 apud
3169 3974 3428 4046 Silvam
3463 3972 3585 4067 qui
3623 3972 3718 4044 ibi
3756 3991 3882 4067 pro

1053 4105 1365 4188 tempore
1416 4094 1696 4186 fuerint,
1732 4106 1959 4191 preter
1993 4106 2260 4170 nostros
2287 4096 2602 4172 homines
2630 4119 2807 4192 quos
2840 4098 3228 4193 recepimus
3253 4095 3392 4193 (a),
3432 4106 3669 4170 contra
3698 4096 3879 4169 hanc

1147 4263 1226 4343 (a)
1270 4265 1677 4327 Verisimlliter
1699 4267 2013 4346 legendum
2035 4270 2360 4348 excepimus
2367 4314 2389 4347 ,
2419 4275 2487 4331 ut
2513 4287 2708 4348 supra.

1133 4551 1205 4623 (4)
1243 4551 1662 4608 Instrumentum
1694 4557 1874 4608 autem
1907 4553 2272 4611 conventionis
2307 4554 2487 4629 hujus,
2507 4555 2690 4614 datum
2723 4557 2779 4614 in
2796 4556 2986 4615 eodem
3017 4557 3135 4615 loco
3167 4561 3226 4614 et
3265 4571 3391 4613 cum
3428 4556 3569 4614 notis
3601 4553 3878 4612 chronolo-

1059 4647 1190 4722 gicis
1213 4648 1433 4719 eisdem,
1457 4652 1603 4705 extat
1622 4648 1676 4704 in
1703 4648 1891 4707 eodem
1917 4649 2098 4707 codice
2115 4657 2171 4707 et
2185 4652 2350 4710 etiam
2364 4643 2693 4712 memoratur
2715 4649 3006 4729 ap.⁴1m‹o,
3045 4656 3249 4728 Reqest.
3271 4655 3423 4713 Boio.
3442 4695 3457 4726 ‚
3478 4659 3522 4710 t.
3541 4653 3610 4723 11,
3631 4667 3688 4726 p.
3712 4645 3856 4712 220,ss

1124 4743 1193 4815 (2)
1232 4743 1377 4801 Haec
1399 4749 1484 4802 est
1503 4744 1692 4803 civitas
1710 4745 1871 4804 hodie
1888 4746 2158 4805 nominata
2176 4747 2536 4824 Bois-lo-Duo,
2565 4767 2738 4827 pauco
2761 4757 2886 4810 ante
2909 4745 3226 4811 aedificatas
