4500 5956
612 1691 886 1734 Wormntine
899 1722 911 1742 ‚

592 1747 646 1790 1⁹
668 1745 932 1788 novembris.

986 514 1111 576 624
2025 504 2368 564 usnam
2419 503 2755 565 snrrrm
3440 505 3596 585 [Anu.
3631 492 3824 569 1233.

990 650 1466 742 imperatorem
1503 649 1932 713 revertantur
1958 660 2166 734 super
2194 638 2594 731 hujusmodi
2628 661 2671 712 a
2708 638 2992 712 domino
3027 638 3435 734 imperatore
3467 642 3807 715 instructi.

990 764 1104 837 Ad
1141 764 1342 853 cujus
1370 760 1530 832 facti
1572 758 2021 848 evidentiam,
2061 766 2446 852 presentem
2473 758 2766 830 litteram
2790 757 3019 852 sigillo
3056 766 3287 831 nostro
3322 762 3811 834 communitam

993 888 1127 984 ipsi
1160 886 1348 958 affini
1378 892 1608 956 nostro
1642 881 1977 954 duximus
2009 881 2526 974 assignandam.

1090 1012 1341 1081 Datum
1379 1006 1569 1102 apud
1605 1005 2021 1094 Nurinberc,
2073 1025 2256 1077 anno
2299 1003 2793 1078 incarnationis
2826 1004 3099 1076 Domini
3139 1004 3502 1080 millesimo
3538 1005 3813 1079 ducen-
3935 1066 3958 1080 .

995 1134 1235 1206 tesimo
1267 1131 1605 1204 tricesimo
1638 1130 1836 1204 tertio
1855 1182 1874 1220 ,
1911 1130 2066 1202 xl1⁰
2095 1127 2434 1200 kalendas
2466 1127 2800 1219 octobris,
2841 1125 3218 1201 indictione
3249 1130 3562 1224 septima.

1108 1674 1513 1777 HenricUS,
1564 1671 2085 1753 Romanorum
2138 1697 2272 1753 rex
2288 1732 2312 1777 ,
2362 1679 2630 1753 notum
2674 1670 2856 1752 facit
2909 1696 2989 1752 se
3036 1670 3388 1754 Conrado
3439 1674 3537 1756 de
3594 1674 3820 1756 Clin-

1005 1806 1355 1915 genburg
1390 1812 1466 1885 et
1500 1802 1899 1887 Ludewico
1934 1804 2031 1884 de
2069 1802 2375 1911 Schipfe
2421 1828 2647 1910 super
2690 1802 3067 1910 quasdam
3103 1803 3352 1884 curias
3386 1806 3824 1887 monasterii

1006 1939 1101 2019 de
1136 1936 1543 2019 Brunbach
1591 1934 2010 2042 simplicem
2055 1934 2570 2017 defensionem
2588 1994 2612 2040 ,
2660 1960 2814 2015 non
2860 1958 3038 2015 vero
3085 1934 3554 2016 advocatiam
3593 1963 3814 2020 com-

1010 2069 1346 2175 misisse,
1385 2092 1630 2177 quum
1665 2067 1825 2173 ipse
1863 2067 2071 2148 solus
2107 2064 2451 2174 ejusdem
2496 2065 2933 2148 monasterii
2970 2066 3381 2148 advocatus
3417 2093 3583 2149 esse
3614 2068 3818 2151 velit.

1175 2282 1384 2361 (Edid.
1416 2281 1658 2341 Gumm.
1677 2322 1694 2354 ,
1724 2277 1939 2360 Sylloq.
1971 2282 2180 2340 varior.
2211 2278 2539 2359 diplomt„
2570 2297 2634 2357 p.
2668 2283 2835 2358 594.)

1113 2468 1507 2557 HeinricuS,
1563 2466 1687 2538 Dei
1743 2466 1963 2558 gratia
2007 2467 2466 2538 Romanorum
2503 2489 2631 2538 rex
2674 2474 2743 2538 et
2769 2488 3041 2560 semper
3071 2474 3441 2561 augustus,
3491 2468 3833 2539 universis

1022 2591 1345 2664 fidelibus
1362 2591 1508 2661 suis
1538 2588 1632 2661 ad
1663 2609 1839 2682 quos
1857 2609 2140 2683 presens
2175 2590 2502 2683 scriptum
2529 2590 2946 2683 pervenerit,
2985 2591 3272 2683 gratiam
3308 2612 3507 2663 suam
3531 2599 3600 2661 et
3630 2611 3835 2662 omne

1011 2716 1297 2788 bonum.
1356 2713 1667 2785 Meminit
1718 2712 1972 2805 optime
2028 2711 2418 2783 sublimitas
2466 2720 2695 2784 nostra
2745 2711 3335 2804 quemadmodum
3403 2722 3562 2784 ante
3619 2733 3833 2784 annos

1019 2839 1304 2935 aliquot,
1340 2837 1433 2909 ad
1468 2836 1858 2907 instantiam
1897 2835 2165 2907 abbatis
2197 2844 2266 2906 et
2302 2836 2584 2906 fratrum
2605 2833 3269 2924 Burnebacensium‚
3308 2834 3631 2908 fidelibus
3657 2856 3834 2908 nos-

1017 2962 1139 3033 tris
1173 2961 1496 3035 Cunrado
1533 2960 1623 3033 de
1660 2960 2125 3054 Clingenburg
2189 2959 2416 3030 curias
2459 2958 2747 3051 Bolach,
2799 2959 3195 3032 Durrebach
3228 2969 3297 3032 et
3326 2959 3734 3032 Clenicheim
3769 2967 3837 3032 et

1017 3084 1398 3157 Ludewico
1430 3085 1518 3156 de
1544 3084 1839 3178 Scipphe
1873 3083 2138 3154 curiam
2176 3082 2642 3177 Meysenheim
2680 3083 3223 3155 commiserimus
3254 3090 3487 3155 nostra
3528 3082 3838 3154 auctori—

1024 3217 1164 3280 tate
1209 3204 1529 3278 tuendaS.
1564 3205 1699 3277 Sed
1735 3206 1900 3299 quia
1926 3260 1946 3296 ,
1987 3213 2333 3277 crescente
2360 3206 2433 3275 in
2466 3203 2616 3278 dies
2648 3205 2904 3277 malitia
2929 3259 2950 3296 ,
3007 3226 3168 3277 cum
3204 3205 3327 3276 filii
3365 3205 3578 3298 hujus
3623 3207 3835 3278 seculi

1021 3329 1498 3424 prudentiores
1534 3326 1692 3398 filiis
1716 3328 1889 3400 lucis
1914 3328 1984 3398 in
2012 3329 2454 3419 generatione
2481 3349 2611 3399 sua
2638 3328 2798 3420 sint,
2841 3330 3246 3423 plerumque
3273 3328 3463 3422 quod
3484 3330 3838 3423 provisum

1019 3462 1124 3526 est
1159 3452 1253 3525 ad
1283 3452 1581 3545 quietem
1620 3451 1843 3544 vergit
1887 3451 1956 3522 in
1997 3451 2423 3523 occasionem
2462 3452 2821 3546 prejudicii
2869 3461 2938 3524 et
2972 3452 3397 3545 gravaminis
3439 3453 3832 3547 amplioris;

1019 3599 1109 3649 ne
1174 3577 1499 3649 fratribus
1555 3576 1947 3646 memoratis
2001 3574 2208 3664 hujus
2258 3574 2676 3647 defensionis
2732 3576 3093 3648 occasione
3141 3575 3438 3669 graviori
3492 3576 3844 3669 contingat

1018 3702 1471 3774 vexationum
1501 3697 1812 3770 molestia
1848 3697 2197 3785 laborare,
2234 3698 2733 3792 usurpantibus
2763 3699 2896 3770 sibi
2924 3700 3203 3794 prefatis
3234 3698 3558 3771 fidelibus
3593 3700 3843 3773 nostris

1019 3823 1332 3897 Conrado
1364 3830 1434 3895 et
1468 3820 1846 3895 Ludewico
1897 3820 2050 3892 sive
2098 3821 2405 3915 ipsorum
2452 3820 2826 3893 heredibus
2861 3823 2975 3913 jus
3021 3821 3524 3895 advocaticium
3561 3823 3633 3893 in
3669 3845 3843 3917 pos-

1017 3948 1438 4019 sessionibus
1469 3944 1908 4040 supradictis,
1942 3944 2156 4035 regali
2186 3966 2313 4016 nos
2336 3954 2602 4037 oportet
2631 3943 3067 4040 providentia
3084 3967 3475 4040 precavere.
3508 3946 3844 4029 Quocirca

1021 4069 1491 4141 universitatis
1523 4079 1748 4141 vestre
1776 4068 2017 4139 notitie
2041 4067 2377 4140 duximus
2404 4068 2836 4162 presentibus
2861 4067 3129 4161 liquido
3158 4067 3658 4140 declarandum
3686 4070 3844 4140 nul·

1024 4191 1168 4260 lum
1195 4211 1322 4262 nos
1356 4191 1684 4284 predictis
1715 4191 1963 4263 nostris
1996 4189 2319 4263 fidelibus
2357 4190 2508 4261 sive
2560 4191 2866 4285 ipsorum
2913 4192 3286 4265 heredibus
3338 4192 3411 4262 in
3455 4191 3846 4286 prescriptis

1023 4311 1225 4383 bonis
1269 4311 1661 4384 advocandi
1695 4312 1956 4384 aditum
1986 4313 2385 4407 prebuisse3
2441 4311 2565 4384 sed
2611 4313 3022 4408 simplicem,
3065 4326 3133 4388 et
3158 4315 3290 4388 hoc
3325 4315 3661 4408 quamdiu
3697 4316 3848 4387 fra-

1024 4434 1244 4507 tribus
1279 4436 1507 4507 visum
1538 4436 1767 4526 fuerit,
1813 4457 1944 4508 nec
1967 4439 2164 4509 aliter
2194 4458 2327 4508 nec
2361 4436 2661 4528 diutius,
2698 4437 3119 4511 defensionis
3160 4438 3685 4512 sollicitudinem
3723 4439 3845 4509 in—

1015 4559 1374 4650 junxisse,
1412 4559 1995 4653 quandocumque
2029 4558 2199 4654 ipsis
2230 4559 2558 4632 fratribus
2583 4581 2722 4634 non
2755 4562 3122 4657 placuerit,
3163 4564 3491 4636 continuo
3535 4570 3848 4635 cessatu-
