4500 5956
601 533 790 592 inme-r.
821 531 909 608 9.]
1489 533 1879 597 HISTORIA
1929 537 2513 602 DIPLOMATICA.
3297 546 3412 607 841

599 669 936 763 privilegii
962 676 1341 742 statuentes
1360 668 1586 742 edicto
1597 682 1940 764 quatenus
1967 675 2199 746 nullus
2215 676 2304 747 sit
2325 677 2446 771 qui
2479 675 2823 771 predictos
2839 677 3029 750 cives
3047 678 3120 749 in
3149 678 3412 752 eisdem

605 791 934 864 nundinis
968 814 1011 864 a
1048 800 1278 864 nostra
1305 792 1713 865 celsitudine
1739 794 2026 868 indultis
2059 797 2193 869 sibi
2227 808 2297 870 et
2326 799 2668 870 concessis
2694 810 3045 892 presumat
3068 801 3417 875 offendere

601 915 711 987 vel
745 914 839 987 ad
872 915 1056 1009 ipffls
1095 914 1451 987 nundinas
1496 915 1901 990 accedentes
1948 919 2021 990 in
2066 930 2300 993 nostra
2334 931 2403 992 et
2447 922 2712 1014 imperii
2756 923 3119 995 securitate
3151 925 3221 994 in
3256 947 3415 1020 per-

601 1039 784 1111 sonis
815 1040 930 1110 vel
952 1038 1163 1112 rebus
1184 1039 1333 1110 suis
1356 1037 1618 1126 eundo,
1649 1041 1985 1114 morando
2015 1042 2125 1115 vel
2153 1041 2512 1118 redeundo
2538 1065 2829 1137 gravare
2856 1044 3111 1117 audeat
3135 1058 3257 1117 aut
3284 1048 3413 1119 im-

612 1161 869 1255 pedire.
909 1160 1113 1245 Quod
1138 1162 1259 1255 qui
1298 1164 1791 1257 presumpserit
1816 1164 1888 1235 in
1925 1165 2304 1237 vindictam
2331 1166 2729 1239 temeritatis
2756 1188 2883 1239 sue
2910 1168 3415 1261 quinquaginta

604 1305 863 1357 marcas
885 1286 1036 1356 auri
1067 1295 1458 1378 componat,
1491 1308 1785 1378 quarum
1815 1285 2048 1359 media
2074 1310 2234 1382 pars
2262 1310 2531 1361 camere
2555 1297 2785 1361 nostre
2805 1300 2872 1360 et
2900 1290 3168 1383 reliqua
3197 1293 3416 1385 passis

610 1409 926 1500 injuriam
961 1409 1418 1503 persolvatur.
1465 1408 1579 1481 Ad
1624 1410 1831 1503 hujus
1873 1412 2113 1505 itaque
2138 1410 2572 1506 indulgentie
2600 1421 2670 1484 et
2699 1413 3157 1484 concessionis
3187 1423 3417 1486 nostre

606 1533 997 1605 memoriam
1016 1542 1083 1603 et
1111 1533 1325 1604 robur
1352 1542 1683 1627 perpetuo
1703 1534 2104 1623 valiturum,
2142 1557 2422 1631 presens
2450 1535 2886 1630 privilegium
2921 1536 3069 1609 fieri
3099 1547 3167 1609 et
3192 1538 3415 1628 sigillo

604 1665 828 1728 nostre
853 1655 1282 1729 celsitudinis
1300 1656 1635 1746 jussimus
1660 1656 2001 1751 insigniri.

700 1780 932 1850 Testes
961 1777 1172 1869 hujus
1199 1778 1296 1850 rei
1334 1788 1497 1849 sunt
1532 1805 1549 1849 ε
1580 1779 2009 1851 venerabiles
2051 1776 2907 1876 Siferidus1Maguntinus‚
2957 1779 3416 1854 Theodericus

608 1902 1043 1974 Treverensis
1069 1901 1600 1996 archiepiscopi,
1641 1901 2069 1974 Ekkebertus
2096 1902 2718 1995 Babenbergensis,
2781 1956 3284 1976 .......
3318 1904 3422 2002 (a)

619 2025 1038 2097 pataviensis
1063 2024 1397 2119 episcopi,
1431 2025 1587 2097 Otto
1615 2024 1769 2097 dux
1808 2024 1898 2096 de
1923 2026 2356 2116 Bruneswic,
2399 2026 2758 2097 Heinricus
2787 2028 3212 2118 lantgravius
3237 2031 3423 2101 Thu·-

608 2148 867 2239 ringie‚
924 2148 1358 2219 Hermannus
1405 2147 1710 2220 marchio
1754 2149 1844 2221 de
1885 2146 2156 2231 Baden,
2219 2145 2613 2219 Gerhardus
2665 2168 2895 2220 comes
2932 2149 3021 2222 de
3069 2151 3417 2242 Dietsche,

610 2269 1050 2342 Eberhardus
1080 2270 1171 2343 de
1198 2271 1628 2361 Ebersteine‚
1673 2269 2028 2343 Conradus
2059 2271 2519 2363 burcgravius
2550 2271 2640 2343 de
2676 2272 3132 2362 Nuerinberc‚
3185 2275 3430 2346 Gotsri-

612 2394 742 2468 dus
769 2406 840 2467 et
874 2395 1233 2468 Conradus
1263 2398 1504 2469 fratres
1537 2396 1628 2469 de
1658 2395 2054 2468 Hohenloch
2085 2397 2369 2467 comites
2395 2396 2830 2485 Romaniole‚
2886 2397 3150 2469 nobiles
3185 2400 3432 2471 Wern-

611 2518 817 2591 herus
851 2519 942 2591 de
991 2519 1375 2592 Bonlandia
1425 2498 1796 2614 imperialis
1842 2521 1998 2592 aule
2044 2519 2348 2612 dapifer,
2407 2519 2762 2613 Philippus
2810 2519 2898 2591 de
2952 2521 3421 2614 Hohenvelse‚

613 2644 964 2739 Philippus
992 2644 1082 2717 de
1111 2644 1631 2735 Valkensteine‚
1667 2645 2111 2717 Eberhardus
2148 2645 2238 2717 de
2272 2644 2942 2738 Willehelmsdorph,
2977 2646 3433 2739 Marquardus

610 2766 696 2840 de
738 2769 970 2841 Sneite
993 2769 1220 2861 Judex
1253 2770 1778 2842 Wormatiensis
1802 2767 1933 2864 (l),
1967 2768 2352 2862 Gailingus,
2388 2767 2826 2841 Eberhardus
2858 2765 2948 2840 de
2979 2769 3424 2861 wizenburc,

625 2892 829 2989 Elyas
868 2893 956 2966 de
982 2891 1322 2966 Bobardia
1348 2894 1856 2986 ministeriale8‚
1889 2902 1959 2967 et
1988 2894 2103 2966 alii
2129 2894 2596 2989 quamplures.

703 3018 999 3112 Signum
1033 3019 1297 3092 domini
1332 3020 1545 3092 nostri
1575 3019 1898 3092 Friderici
1946 3019 2233 3092 secundi
2277 3019 2402 3091 Dei
2445 3019 2663 3110 gratia
2696 3018 3128 3093 invictissimi
3178 3019 3431 3090 Roma-

614 3162 857 3214 norum
914 3143 1342 3236 imperatoris
1401 3164 1671 3237 semper
1721 3143 2033 3233 augusti,
2083 3143 2459 3215 Jerusalem
2510 3150 2579 3214 et
2605 3139 2859 3238 {Sicilie
2907 3142 3114 3236 regis.
3152 3140 3435 3237 (Mono-

610 3264 972 3362 gramma.)

704 3391 851 3483 Ego
875 3389 1218 3463 Siferidus
1248 3390 1372 3463 Dei
1412 3390 1632 3482 gratia
1673 3390 2186 3486 Ratisponensis
2219 3390 2620 3486 episcopus,
2676 3391 3051 3486 imperialis
3080 3391 3240 3463 aule
3273 3411 3434 3462 can-

694 3619 777 3699 (a)
820 3621 950 3682 Hoc
964 3637 1216 3701 nomeu,
1236 3620 1458 3682 scilicet
1476 3618 1824 3702 mamm,
1844 3621 2211 3683 desideratur
2239 3623 2302 3681 ln
2321 3620 2710 3699 autographo,
2738 3620 2882 3683 dum
2895 3622 3154 3697 spatium
3178 3634 3435 3681 vacuum

615 3732 925 3788 remaneat.

684 4070 753 4144 (⁴)
790 4070 1101 4128 Adversarii
1120 4070 1355 4128 Landolfl
1377 4071 1633 4146 episcopi,
1654 4087 1821 4144 quum
1836 4087 1961 4129 eum
1987 4076 2139 4129 extra
2160 4071 2499 4145 imperatoris
2516 4070 2740 4143 gratiam
2759 4072 3024 4125 remotum
3039 4067 3432 4139 cognovissent,

620 4169 829 4226 «statim
838 4168 1074 4241 judicem
1085 4184 1119 4225 a
1129 4168 1344 4226 domino
1362 4168 1685 4243 imperatore
1703 4168 1928 4226 missum
1944 4169 2289 4226 wormaciae
2297 4161 2678 4241 Marquardum
2696 4164 2928 4223 nobilem
2944 4162 3120 4218 virum
3135 4162 3204 4219 de
3220 4162 3439 4221 Sneitde

615 4270 1097 4337 procuraverunt...
1118 4266 1292 4322 Judex
1314 4280 1447 4323 vero
1468 4266 1825 4338 Marquardus
1841 4280 2123 4323 assumens
2140 4264 2243 4322 sibi
2268 4271 2498 4337 quatuor
2510 4261 2706 4319 milites
2727 4266 2784 4318 et
2799 4266 3005 4333 septem
3025 4258 3188 4330 cives,
3218 4259 3440 4318 consilio

615 4362 880 4433 praesedit
916 4368 974 4419 et
1005 4361 1293 4435 judicanda
1322 4362 1585 4437 judicavit
1610 4378 1675 4420 ac
1701 4361 1963 4420 tributum
1989 4361 2044 4418 in
2068 4361 2445 4421 ministeriales
2473 4359 2726 4419 ecclesiae
2756 4356 2938 4432 posuit
2973 4362 3028 4415 et
3062 4358 3283 4432 recepit.
3321 4359 3439 4416 iliis

617 4458 859 4515 omnibus
884 4459 1042 4515 valde
1064 4459 1216 4515 inviti
1245 4460 1392 4517 cives
1417 4464 1829 4527 consenserunt,
1867 4460 1993 4532 quia
2027 4458 2171 4516 aliud
2205 4459 2381 4517 facere
2405 4476 2513 4517 non
2548 4457 2835 4514 audebant.
2868 4474 2895 4508 a
2927 4454 3122 4511 Annal.
3170 4455 3430 4513 Wormat.

619 4568 707 4627 ap.
738 4555 1030 4627 Roman,
1060 4557 1288 4626 Fontes,
1322 4562 1364 4612 t.
1395 4556 1472 4627 11,
1499 4572 1557 4629 p.
1584 4558 1710 4613 465.
1735 4555 1908 4613 Judex
1933 4571 2064 4613 vero
2084 4554 2356 4614 civitatem
2378 4555 2832 4614 wormatiensem
2853 4568 2960 4609 non
2988 4550 3154 4607 exivit
3179 4550 3283 4608 nisi
3307 4564 3432 4608 cum

617 4652 904 4710 Landolfus
931 4652 1000 4710 ad
1025 4668 1181 4710 suam
1212 4653 1547 4727 metropolim
1579 4653 1817 4725 redierit,
1847 4653 2051 4711 scilicet
2076 4668 2264 4711 mense
2291 4652 2563 4710 decembri
2590 4653 2750 4726 hujus
2777 4648 2903 4708 anni
2930 4652 3090 4708 ⁴236.

805 4753 914 4816 IV.
952 4768 1063 4812 rm
1086 4771 1133 4815 2.
3006 4757 3117 4809 106
