4500 5956
1045 517 1165 579 910
2041 512 2467 573 Fulnmucl
2517 512 2866 573 summm
3485 515 3647 593 [An.
3684 517 3850 580 1236.

1046 647 1508 723 munificentia
1563 647 1881 741 religiosa
1941 648 2342 739 contulerit,
2406 648 2573 721 satis
2640 656 2921 743 possent
2985 646 3400 721 utilitatibus
3468 652 3719 724 nostris
3783 651 3851 723 in

1045 774 1297 848 talibus
1330 771 1593 865 absque
1618 769 1795 861 juris
1823 772 2084 843 offensa
2118 780 2189 844 et
2224 779 2484 843 remoto
2524 770 2796 843 subtilis
2831 770 3245 843 conscientie
3286 774 3638 867 scrupulo,
3673 795 3853 847 com·

1045 898 1349 991 placere;
1408 902 1682 989 propter
1734 892 1926 987 quod
1971 894 2178 966 etiam
2237 893 2551 987 querelas
2613 893 2883 966 illorum
2938 893 3408 967 Cisterciensis
3450 895 3713 968 ordinis
3750 896 3854 991 (l)

1045 1018 1539 1113 ingratissimas
1586 1025 2020 1111 reputamus,
2060 1017 2318 1111 quibus
2353 1039 2511 1089 cum
2547 1038 2674 1090 nos
2720 1015 3049 1112 precipue
3083 1028 3238 1112 post
3270 1017 3649 1091 adventum
3685 1041 3857 1091 nos-

1043 1157 1221 1216 trum
1263 1144 1334 1213 in
1374 1162 1661 1235 regnum
1713 1140 1784 1210 in
1830 1140 2207 1234 privilegiis
2263 1150 2333 1213 et
2379 1140 2930 1214 immunitatibus
2970 1143 3378 1217 eorumdem
3428 1144 3857 1217 extiterimus

1041 1267 1348 1361 gratiosi,
1387 1286 1515 1337 nec
1555 1264 1961 1355 injuriosum
1996 1265 2083 1335 iis
2128 1265 2273 1337 fore
2311 1264 2733 1338 credidimus
2765 1287 2894 1338 nec
2933 1267 3295 1339 molestum
3337 1268 3397 1339 si
3434 1267 3721 1361 quando
3766 1269 3857 1340 ad

1043 1413 1280 1488 preces
1313 1398 1578 1461 nostras
1623 1388 1694 1459 in
1730 1388 2356 1461 constructionibus
2403 1389 2770 1462 domorum
2822 1400 3210 1463 nostrarum
3257 1412 3334 1462 se
3385 1391 3589 1463 nobis
3627 1391 3857 1464 faciles

1041 1515 1374 1587 exhibent
1417 1521 1486 1584 et
1540 1509 1867 1601 devotoS,
1919 1511 2276 1604 presertim
2327 1534 2484 1584 cum
2525 1513 2731 1584 nullis
2782 1514 3063 1586 omnino
3099 1514 3362 1586 clericis
3413 1523 3534 1587 aut
3587 1515 3858 1609 prelatis

1040 1639 1162 1735 qui
1211 1648 1438 1709 tamen
1481 1658 1522 1707 a
1567 1633 1765 1706 nobis
1810 1633 2019 1707 feuda
2076 1655 2213 1707 non
2272 1644 2542 1728 tenent,
2601 1658 2780 1709 onus
2835 1635 3237 1731 hujusmodi
3293 1637 3427 1709 nisi
3474 1638 3856 1731 precarium

1043 1764 1503 1856 imponamus,
1545 1760 1646 1829 De
1675 1758 2153 1853 personatibus
2187 1780 2356 1832 sane
2390 1782 2513 1854 per
2548 1780 2673 1833 nos
2699 1761 2985 1851 collatis,
3027 1770 3106 1832 ut
3131 1760 3459 1850 scribitiS,
3484 1762 3857 1852 juvenibus

1041 1897 1110 1958 et
1146 1883 1481 1976 indignis,
1524 1882 1688 1953 satis
1731 1893 1908 1954 esset
1951 1881 2023 1953 in
2074 1892 2396 1978 promptu
2454 1884 2848 1978 responsio,
2896 1883 3066 1956 dum
3105 1884 3164 1956 si
3206 1906 3435 1957 sacros
3471 1896 3701 1979 posset
3737 1908 3854 1959 sa-

1043 2007 1303 2101 crilegii
1333 2014 1497 2078 nota
1532 2004 1970 2098 perfundere,
2013 2004 2103 2077 de
2137 2004 2605 2079 munificentie
2640 2017 2871 2081 nostre
2898 2007 3156 2080 meritis
3202 2006 3633 2101 disputantes
3667 2029 3856 2081 sacra

1034 2136 1193 2224 jura
1233 2129 1599 2223 sacrilegos
1644 2137 2078 2223 reputarent,
2131 2128 2454 2203 videlicet
2498 2152 2589 2203 an
2640 2131 2834 2224 digni
2883 2132 3022 2203 sint
3066 2132 3115 2201 ii
3169 2152 3344 2224 quos
3387 2132 3579 2224 eligit
3626 2132 3854 2226 impe-

1038 2264 1222 2326 rator
1247 2249 1380 2348 (2);
1416 2251 1549 2323 nisi
1585 2252 1850 2341 forsan,
1893 2249 2083 2344 quod
2123 2251 2404 2325 credere
2438 2274 2578 2326 non
2615 2252 2985 2343 debemus,
3041 2252 3192 2326 illos
3228 2264 3589 2349 propterea
3637 2276 3852 2349 repu-

1040 2378 1193 2448 tetis
1231 2376 1556 2468 indignos
1592 2395 1769 2467 quos
1799 2375 2004 2446 nobis
2049 2375 2357 2469 ipsorum
2390 2376 2920 2470 obsequentium
2958 2374 3132 2449 fides
3158 2385 3389 2470 gratos
3428 2377 3749 2450 exhihuit
3789 2388 3854 2450 et

1037 2521 1343 2572 suorum.
1386 2499 1500 2569 Sic
1544 2500 1870 2593 episcopo
1910 2499 2276 2571 Geracensi
2318 2500 2439 2594 qui
2474 2522 2613 2573 non
2660 2501 3017 2573 camerarii
3050 2501 3354 2588 scutifer,
3399 2500 3521 2573 sed
3555 2501 3855 2573 notarius

1040 2645 1312 2697 camere
1369 2633 1598 2696 nostre
1638 2622 1800 2712 fuit,
1861 2645 2069 2716 quem
2117 2634 2438 2718 aspectus
2486 2624 2832 2719 corporis,
2896 2625 3087 2696 nullo
3136 2625 3422 2718 probato
3479 2627 3849 2712 contrario,

2693 2846 3386 2855 *mm-0·-

1114 2985 1187 3057 (l)
1226 2984 1308 3041 Ad
1353 2984 1408 3039 id
1446 2983 1578 3041 satis
1623 2989 1747 3056 apte
1788 2983 2055 3056 pertinere
2090 2983 2303 3040 videtur
2332 2982 2553 3056 epistola
2585 2982 2788 3040 autoris
2827 2984 3078 3057 anonymi
3123 2998 3287 3056 quam
3328 2981 3554 3055 legimus
3594 2984 3650 3040 in
3678 2985 3856 3041 codice

1042 3080 1293 3136 Biblioth.
1317 3081 1509 3150 Paris„
1542 3096 1663 3135 ano.
1699 3078 1857 3152 fonds
1895 3079 2053 3148 latin,
2085 3089 2146 3134 n⁰
2170 3080 2332 3148 860⁴,
2365 3078 2458 3135 fol.
2486 3082 2554 3136 59
2586 3084 2754 3148 rect0‚
2785 3096 2909 3138 cum
2933 3080 3035 3137 hoc
3064 3080 3214 3137 titulo
3245 3097 3260 3135 ε
3297 3100 3324 3135 α
3354 3081 3523 3154 Rogat
3546 3081 3773 3137 amicum
3797 3088 3857 3137 ut

1041 3177 1257 3233 inducat
1281 3175 1573 3249 principem
1599 3175 1741 3247 quod
1763 3175 2035 3248 religiosos
2053 3181 2111 3231 et
2127 3174 2508 3236 Cistemienses
2530 3176 2781 3247 precipue
2808 3192 2914 3233 non
2940 3176 3239 3248 perturbet.
3263 3195 3291 3228 n
3322 3176 3487 3248 Cujus
3516 3177 3676 3233 etiam
3705 3184 3855 3234 tenor

1040 3280 1125 3330 est
1150 3290 1164 3327 :
1196 3293 1223 3324 α
1250 3272 1462 3329 Scimus
1492 3272 1636 3344 quod
1670 3271 1802 3328 estis
1832 3271 2040 3327 Cesaris
2075 3270 2365 3328 debitores.
2397 3271 2596 3329 Solvite
2627 3272 2869 3329 debitum
2903 3272 3077 3329 saltim
3105 3272 3281 3329 saltim
3315 3272 3644 3345 (salvatori‘i)
3674 3274 3725 3328 in
3755 3274 3856 3330 hoc

1046 3389 1074 3422 n
1107 3376 1166 3425 ut
1191 3367 1499 3442 temperetis
1520 3367 1780 3440 quosdam
1806 3367 2078 3424 ministros
2104 3369 2158 3424 in
2183 3368 2290 3425 hiis
2311 3384 2418 3441 que
2440 3375 2625 3426 contra
2651 3371 2820 3427 Deum
2846 3376 2903 3427 et
2923 3370 3180 3427 honorem
3205 3370 3543 3444 imperatoris
3574 3376 3850 3427 attentant.

1045 3490 1072 3519 κ
1106 3466 1258 3537 Quod
1285 3466 1331 3522 si
1367 3464 1502 3521 forte
1529 3465 1646 3522 illos
1682 3470 1836 3536 urget
1866 3465 2147 3538 imperium
2182 3465 2250 3521 ad
2281 3481 2591 3537 excessum,
2629 3467 2770 3541 apud
2815 3467 3110 3541 principem
3146 3468 3625 3541 supplicationibus
3662 3469 3853 3525 irreve-

1043 3584 1071 3618 υ
1104 3570 1287 3622 renter
1309 3563 1517 3619 instetis
1541 3567 1601 3618 ut
1622 3561 1937 3618 reformetur
1966 3561 2172 3617 ratione
2197 3560 2530 3618 mandatum.
2558 3562 2698 3619 Ecce
2723 3563 2927 3621 clamor
2947 3564 3185 3620 ascendit
3210 3564 3352 3637 quod
3383 3570 3508 3636 post
3531 3563 3856 3637 Templarios

1041 3681 1068 3715 ι
1101 3668 1158 3719 et
1187 3659 1565 3735 Hospitalarios
1582 3702 1597 3730 ‚
1638 3665 1767 3732 post
1799 3658 2088 3716 Casinense
2124 3663 2180 3714 et
2207 3659 2441 3731 quedam
2476 3658 2580 3715 alia
2612 3660 2936 3716 monasteria
2975 3660 3215 3717 molestia
3252 3659 3670 3735 [Cistercienses]
3704 3676 3854 3717 com-

1042 3780 1069 3813 »
1100 3759 1380 3835 prehendit
1406 3763 1467 3813 ut
1489 3756 1646 3814 sicin
1680 3771 1842 3829 regno
1865 3754 2011 3812 nulla
2034 3761 2313 3812 remaneat
2335 3755 2532 3812 intacta
2561 3755 2772 3828 religio,
2807 3755 3046 3829 exceptis
3068 3755 3324 3813 fratribus
3347 3756 3772 3813 Predicatoribus
3801 3765 3854 3810 et

1040 3879 1066 3911 ι
1096 3857 1388 3914 Minoribus
1425 3856 1480 3912 in
1518 3855 1715 3926 quibus
1756 3869 1948 3911 manus
1978 3853 2307 3927 inquisitoris
2329 3854 2695 3928 possessiones
2735 3869 2844 3912 non
2872 3854 3074 3911 invenit
3109 3853 3251 3910 unde
3298 3853 3499 3910 turbet.
3538 3854 3700 3911 Porro
3731 3867 3853 3909 cum

1035 3973 1063 4006 n
1093 3952 1457 4011 cisterciensis
1496 3953 1633 4009 inter
1663 3951 1794 4008 alias
1836 3951 2117 4024 religiones
2152 3950 2443 4025 prefulgeat
2476 3951 2532 4006 in
2561 3958 2851 4026 conspectu
2878 3951 3048 4009 eterni
3076 3951 3278 4021 Patris,
3311 3950 3593 4023 gloriosius
3619 3965 3738 4007 eaee
3761 3950 3852 4005 de-

1036 4072 1064 4101 »
1094 4050 1248 4107 beret
1273 4050 1328 4106 in
1359 4049 1525 4107 oculis
1552 4049 1749 4106 domini
1784 4049 2091 4122 temporalis
2125 4054 2365 4122 accepta.
2392 4048 2594 4105 Instate
2636 4063 2764 4121 ergo
2800 4055 3061 4121 oportune
3091 4054 3148 4104 et
3173 4049 3476 4123 importune
3515 4053 3574 4102 ut
3610 4047 3665 4102 in
3692 4061 3852 4118 regno

1036 4165 1064 4198 n
1096 4147 1237 4202 dicta
1266 4147 1448 4218 religio
1474 4162 1583 4203 non
1605 4146 1875 4216 turbetur;
1901 4145 2199 4202 detrahitur
2221 4146 2366 4203 enim
2384 4144 2998 4217 Cesari,confunduntur
3017 4146 3193 4216 amici,
3207 4153 3263 4202 et
3279 4147 3325 4203 si
3344 4146 3437 4218 qui
3453 4145 3651 4201 fuerint
3671 4145 3849 4210 emuli,

1036 4263 1063 4296 n
1096 4249 1343 4316 poterunt
1368 4244 1626 4300 exultare.
1660 4244 1772 4300 Hec
1797 4249 1974 4299 autem
2009 4259 2114 4314 que
2149 4243 2434 4300 scribimus
2463 4244 2531 4299 de
2565 4243 2726 4301 conde
2762 4259 2896 4315 puro
2932 4249 2988 4299 et
3028 4242 3132 4300 fide
3169 4258 3279 4299 non
3306 4242 3429 4298 ficta
3455 4240 3767 4314 procedunt,
3798 4247 3852 4295 et

1035 4359 1062 4393 ι
1093 4340 1312 4413 quidem
1336 4340 1437 4397 nisi
1467 4339 1693 4395 multum
1719 4339 1793 4395 illi
1818 4355 1923 4396 non
1948 4339 2254 4413 displiceat,
2283 4355 2388 4396 non
2417 4339 2741 4396 intendimus
2760 4340 2814 4395 in
2841 4340 3036 4397 talibus
3064 4340 3324 4397 desistere
3352 4354 3385 4395 a
3411 4338 3715 4409 scribendo,
3738 4351 3851 4392 ma·

1035 4455 1062 4489 ι
1095 4436 1263 4493 lentes
1291 4435 1359 4491 ad
1384 4452 1508 4492 eum
1537 4435 1766 4492 clamare
1795 4436 1850 4491 in
1872 4435 2004 4492 facie
2030 4453 2193 4508 quam
2217 4444 2407 4494 contra
2433 4453 2557 4493 eum
2583 4452 2918 4493 murmurare
2942 4443 3065 4510 post
3091 4443 3319 4510 tergum.
3349 4457 3376 4487 n

1105 4533 1176 4607 (Ξ)
1215 4532 1295 4589 Cf.
1325 4547 1509 4604 supra,
1534 4548 1592 4605 p.
1621 4536 1675 4602 9,
1698 4534 1839 4607 regis
1864 4533 2072 4606 Roget-ii
2099 4533 2267 4607 legem
2295 4550 2457 4607 quam
2487 4535 2625 4590 inter
2645 4534 3048 4591 constitutiones
3074 4534 3225 4606 regni
3256 4532 3550 4590 Fridericus
3576 4533 3694 4605 ipse
3713 4531 3844 4587 inse·

1032 4630 1157 4700 ruit,
1184 4630 1275 4687 lib.
1306 4630 1349 4701 1,
1378 4629 1513 4686 titul.
1542 4631 1629 4689 Ν.
