4500 5956
1597 543 1851 601 INDEX
1899 541 2588 602 DOCUMEXTORUM.
3384 546 3502 607 973

697 742 920 817 1234

1527 870 1812 931 nitatibus
1837 869 2211 929 ecclesiarum
2230 870 2524 945 judicium
2550 877 2810 946 usurpet,
2836 872 2950 931 nisi
2968 871 3156 949 judex
3187 871 3262 931 de
3290 872 3505 932 volun-

1529 974 1649 1027 tate
1676 969 1932 1044 episcopi
1959 969 2345 1038 constitutus,
2375 974 2489 1027 etc.
3215 978 3352 1042 507,
3388 977 3501 1029 508

674 1064 951 1124 novemb.
983 1061 1417 1139 ApAEoggiam.
1447 1096 1528 1107 —
1567 1064 1661 1124 Ad
1701 1080 1905 1139 preces
1932 1064 2187 1123 Heinrici
2214 1066 2469 1140 episcopi
2501 1065 2861 1140 Eystetensis
2887 1062 3253 1143 (Eichstiidt)
3273 1111 3289 1138 ,
3322 1068 3502 1141 privi-

1530 1160 1746 1236 legium
1792 1159 2046 1235 Philippi
2096 1161 2248 1236 regis
2295 1162 2489 1235 patrui
2537 1162 2629 1218 sui
2675 1177 2829 1219 anno
2881 1168 3031 1221 1199
3048 1203 3066 1238 ,
3121 1169 3192 1220 14
3246 1168 3504 1237 septem-

1528 1255 1677 1327 bris,
1710 1255 1983 1316 ecclesiae
2019 1256 2352 1333 Eystetensi
2398 1272 2761 1329 concessum,
2802 1257 3112 1317 confirmat
3134 1274 3205 1316 ae
3230 1267 3498 1319 renovat.

3210 1362 3350 1430 509,
3386 1363 3500 1413 510

719 1457 752 1507 9
779 1447 907 1507 1100.
1058 1446 1336 1524 Foggiae.
1446 1475 1527 1492 —
1566 1445 1846 1524 Gregorio
1881 1462 2067 1523 papae
2110 1447 2316 1508 scribit
2349 1448 2540 1523 quod,
2572 1464 2706 1507 cum
2743 1448 2983 1507 Petrum
3020 1449 3094 1508 de
3122 1449 3333 1528 Vinea,
3372 1467 3498 1510 ma-

1526 1563 1676 1625 gnae
1703 1563 1843 1608 suae
1870 1548 2069 1607 curiae
2088 1548 2370 1624 judicem,
2403 1548 2481 1607 ad
2506 1563 2703 1625 regem
2730 1548 2978 1623 Angliae
3004 1550 3203 1607 mittat
3229 1565 3333 1624 pro
3358 1565 3496 1608 000-

1527 1646 1916 1704 summatione
1944 1646 2305 1704 matrimonii
2331 1645 2486 1703 inter
2513 1661 2576 1703 se
2603 1649 2663 1702 et
2701 1643 3010 1702 Isabellam
3045 1660 3301 1704 sororem
3337 1649 3500 1721 ejus-

1525 1741 1661 1800 dem
1679 1742 1857 1818 regis,
1871 1741 2169 1816 negotium
2192 1742 2386 1814 ipsum
2406 1745 2528 1798 tam
2547 1739 2620 1798 de
2634 1740 2962 1815 quantitate
2978 1739 3499 1820 promittendarum

1523 1852 1703 1913 quam
1732 1836 1804 1895 de
1828 1842 2093 1911 tempore
2129 1835 2547 1896 solvendarum
2584 1835 2812 1894 dotium
2840 1833 3158 1911 pontificali
3185 1839 3502 1912 provisioni

1524 1933 1838 1992 comm1sit.
3386 1942 3501 1992 515

702 2035 771 2086 31
795 2026 918 2086 dec.
1058 2026 1336 2103 Foggiae.
1449 2060 1525 2072 —
1566 2027 1862 2087 Defuncto
1902 2026 2051 2086 duce
2086 2024 2386 2086 Meraniae
2404 2068 2420 2095 ,
2452 2024 2529 2084 ab
2554 2025 2810 2084 Henrico
2855 2025 3066 2085 abbate
3090 2028 3506 2103 Tegernseensi

1525 2125 1588 2184 in
1615 2125 1969 2185 advocatum
1993 2125 2330 2183 monasterii
2360 2123 2609 2193 electus,
2644 2125 2994 2182 sententiam
3023 2125 3354 2200 principum
3391 2142 3503 2185 co·-

1526 2237 1654 2280 ram
1692 2219 1817 2280 tilio
1856 2236 1962 2279 suo
2004 2220 2261 2279 Henrico
2308 2235 2445 2296 rege
2489 2219 2669 2278 latam
2710 2217 3048 2291 confirmat,
3095 2236 3218 2296 qua
3266 2221 3505 2284 libertas

1524 2317 1787 2393 ejusdem
1814 2317 2090 2376 ecclesiae
2117 2332 2154 2376 a
2178 2318 2463 2377 servitute
2491 2316 2762 2376 advocati
2787 2315 3136 2375 declaratur.
3387 2327 3500 2378 516

696 2422 763 2474 31
796 2413 925 2475 (100.
1059 2414 1336 2492 Foggiae.
1444 2445 1526 2459 —
1565 2412 1708 2473 Post
1732 2412 1960 2473 obitum
1985 2413 2156 2474 ducis
2191 2414 2519 2486 Mei-auiae,
2549 2412 2628 2472 ab
2667 2411 2878 2472 abbate
2914 2420 2975 2472 et
3003 2429 3038 2472 a
3065 2414 3344 2474 fratribus
3372 2433 3503 2476 mo-

1524 2511 1762 2570 nasterii
1789 2512 2240 2587 'tegernseensis
2265 2512 2327 2570 in
2356 2510 2705 2570 advocatum
2737 2511 2957 2570 electus
2974 2554 2991 2581 ,
3029 2510 3175 2570 illud
3206 2520 3504 2574 monaste-

1525 2610 1680 2666 rium
1708 2607 1820 2667 sub
1847 2607 2083 2683 speciali
2111 2623 2220 2667 sua
2245 2613 2306 2667 et
2336 2608 2565 2683 imperii
2591 2607 2796 2682 recipit
2821 2609 3198 2681 protectione.
3384 2619 3496 2670 517

693 2712 759 2764 31
788 2704 920 2766 dec.
1054 2705 1336 2782 Poggiae.
1446 2735 1524 2748 —
1564 2702 1919 2764 01100111110
1945 2704 2114 2764 ducis
2140 2704 2442 2779 quondam
2476 2704 2771 2762 Meraniae
2797 2708 2857 2763 et
2882 2702 3120 2762 Alberto
3147 2708 3345 2764 comiti
3373 2708 3499 2784 Ty-

1523 2802 1771 2875 rolensi,
1802 2803 2155 2862 sententiam
2181 2801 2512 2876 principum
2540 2797 2614 2858 in'
2641 2798 2899 2859 savorem
2927 2800 3202 2860 ecclesiae
3237 2803 3499 2879 Tegern-

1519 2899 1743 2958 seensis
1770 2898 1949 2958 latam
1981 2898 2272 2957 nuncians
2287 2938 2305 2967 ,
2345 2896 2628 2973 praecipit
2653 2901 2724 2954 ut
2747 2912 2785 2954 a
2811 2895 3061 2955 laesione
3092 2901 3153 2954 et
3188 2899 3501 2959 vexatione

705 2956 928 3036 1255
1518 2995 1854 3071 impetendo
1886 2995 2333 3056 advocationem
2361 3001 2604 3054 cessent.
3382 3005 3498 3057 518

697 3094 768 3146 25
793 3090 922 3165 jan.
1086 3089 1303 3150 Baroli.
1451 3121 1521 3139 ·-
1560 3091 1809 3152 Mandat
1826 3091 2149 3168 stratigotis
2166 3089 2394 3150 Salerni
2410 3096 2479 3149 ut
2495 3088 2822 3160 Leonardo‚
2835 3088 3081 3150 Cavensi
3098 3088 3318 3163 abbati,
3341 3092 3501 3153 deci-

1520 3205 1648 3249 mas
1659 3190 1893 3250 solvant
1906 3205 2056 3265 quas
2069 3187 2145 3248 de
2163 3186 2523 3264 bajulatione
2541 3185 2763 3246 Salerni
2782 3186 3336 3249 1101101000οε11ον11.
3383 3200 3499 3252 519

694 3279 917 3354 281811.
974 3283 1088 3361 Ap.
1110 3283 1411 3345 Barolum.
1440 3318 1522 3332 —
1560 3287 1658 3347 Ad
1694 3287 1986 3363 principes
2030 3286 2260 3361 imperii
2287 3283 2491 3343 scribit
2515 3283 2591 3343 de
2618 3282 2955 3344 excessibus
2996 3284 3235 3344 Benrici
3282 3287 3501 3347 Roma-

1520 3397 1731 3442 norum
1758 3384 1911 3459 regis
1943 3380 2054 3440 filii
2080 3382 2209 3452 sui;
2239 3378 2510 3439 notificat
2533 3380 2783 3456 qualiter
2809 3380 2908 3440 ille
2934 3383 3188 3456 coeperit
3211 3384 3502 3461 principes

1519 3478 1862 3549 molestare,
1889 3482 1949 3537 et
1975 3481 2314 3553 contempto
2339 3476 2499 3553 quod
2526 3475 2600 3535 de
2628 3491 2786 3535 novo
2809 3479 3100 3552 praestitit
3133 3479 3496 3554 Juramento,

1522 3592 1621 3635 eos
1661 3577 1881 3635 lterum
1922 3589 2139 3634 vexare
2179 3578 2242 3631 et
2285 3578 2493 3632 contra
2524 3575 2662 3650 jura
2707 3579 2950 3649 paterna
2990 3580 3278 3634 attentare
3322 3592 3502 3651 prae-

1521 3675 1856 3748 sumpserit.
3148 3680 3263 3730 524
3295 3679 3353 3731 01
3383 3680 3499 3732 944

722 3759 895 3835 [febr.
1007 3804 1410 3827 .......
1446 3798 1522 3813 -
1559 3769 1791 3830 Civium
1817 3767 2346 3828 wormatiensium
2371 3773 2431 3827 et
2455 3766 2704 3825 aliorum
2735 3764 3072 3825 fidelitatem
3100 3769 3495 3846 commendat,

759 3859 853 3918 vel
1520 3880 1706 3940 quum
1735 3862 2211 3940 suggestionibus
2245 3863 2372 3922 sive
2398 3862 2577 3921 minis
2601 3862 2840 3921 Henrici
2867 3863 3020 3938 regis
3056 3861 3161 3921 filii
3192 3866 3283 3923 sui
3312 3864 3501 3925 rebel-

683 3955 946 4032 martio.]
1520 3960 1616 4038 lis,
1653 3961 2045 4020 constanciam
2087 3975 2206 4018 non
2240 3959 2685 4017 immutaverint
2718 3964 2780 4017 et
2799 3959 3206 4034 juramentum
3238 3976 3359 4035 quo
3389 3961 3503 4021 sibi

1519 4062 1794 4117 tenentur
1814 4057 2213 4128 servaverint;
2243 4070 2420 4114 suum
2443 4056 2507 4113 in
2529 4053 2917 4114 Alemanniae
2942 4061 3140 4132 partes
3162 4059 3502 4133 proximum

1519 4152 1845 4213 adventum
1871 4153 2170 4211 nuntians.
3383 4162 3497 4213 527

689 4247 920 4305 martio.
988 4246 1107 4325 Ap.
1128 4247 1396 4327 Fogiam.
1441 4282 1522 4294 —
1559 4249 1631 4309 ln
1658 4256 2008 4327 perpetuum
2049 4246 2361 4307 confirmat
2395 4245 2775 4306 diffinitivam
2815 4248 3164 4306 sententiam
3205 4265 3314 4309 nec
3354 4250 3505 4329 legi-

1520 4347 1670 4405 tima
1718 4344 2110 4420 appellatione
2159 4358 2535 4419 smpem,
2579 4355 2616 4398 a
2644 4341 2961 4402 Thomasio
3010 4343 3084 4402 de
3133 4344 3506 4423 Montenigro

1512 4442 1837 4520 justitiario
1855 4441 2227 4516 Principatus
2254 4446 2315 4499 et
2340 4445 2532 4499 terrae
2558 4438 3004 4499 Beneventanae
3031 4439 3353 4518 latam,pro
3373 4445 3507 4500 uni·

1521 4539 1794 4597 versitate
1820 4536 2032 4598 casalis
2056 4537 2261 4597 Sancti
2287 4536 2447 4598 Petri
2474 4535 2550 4595 de
2576 4534 2743 4595 Polla
2767 4542 2974 4595 contra
2997 4537 3365 4599 Theodoram
3393 4539 3506 4599 do-

1521 4637 1745 4695 minam
1777 4635 1979 4697 Pollae
2003 4640 2064 4695 et
2089 4635 2535 4695 universitatem
2563 4633 2676 4693 loci
2704 4634 2988 4709 ejusdem.
3388 4646 3503 4697 533
