4500 5956
951 536 1074 599 598
1992 534 2338 595 nnmucl
2385 533 2726 596 81:an
3410 534 3567 616 [An.
3602 536 3785 605 12³³.

1053 675 1305 745 Datum
1369 668 1563 766 apud
1623 668 2168 762 Gelinghausen‚
2231 670 2292 741 V
2359 668 2521 743 idus
2565 669 2906 764 januarii,
2970 670 3180 744 Verbi
3219 671 3555 745 incarnati
3601 694 3788 747 anno

957 795 1514 889 M.CC.XXX111,
1555 794 1929 869 indictione
1955 794 2077 866 vl!
2112 791 2243 891 (l).

577 1414 859 1513 eefflssm
868 1498 885 1523 ‚
1068 1385 1441 1471 Henricus
1457 1447 1481 1493 ,
1538 1383 2063 1468 Romanorum
2127 1408 2262 1466 rex
2276 1443 2300 1488 ,
2356 1382 2701 1467 Waltero
2762 1384 2861 1467 de
2910 1383 3308 1467 Hochdorf
3350 1385 3792 1470 monasterii

592 1524 645 1567 ¹¹
662 1523 877 1578 sumu.
967 1521 1241 1608 Montis
1280 1517 1755 1629 Angelorum
1798 1516 2004 1600 bona
2035 1515 2118 1598 in
2154 1515 2467 1626 Aargau
2503 1516 2650 1600 sita
2671 1579 2694 1621 ‚
2736 1519 3109 1629 quamdiu
3146 1517 3404 1602 abbati
3448 1518 3793 1633 ejusdem

963 1655 1319 1741 ecclesiae
1354 1651 1753 1765 placuerit,
1790 1652 2078 1736 tuenda
2101 1650 2614 1736 commendat.

1053 1881 1248 1961 (Edit.
1296 1898 1395 1959 ap.
1456 1878 1700 1941 Ver-such
1742 1879 1902 1940 einer
1940 1876 2315 1963 Darstellunq
2353 1877 2452 1941 des
2478 1876 2848 1960 wiclefi-eim
2881 1878 3085 1962 Stg’ftes
3129 1878 3487 1964 Enqelberq,
3535 1900 3599 1962 p.
3647 1892 3794 1956 11⁴,

1206 1996 1275 2048 ιι·
1303 1996 1365 2063 6,
1394 2004 1471 2048 ex
1496 1985 1820 2068 originali.)

1073 2189 1192 2281 Η.,
1248 2188 1375 2260 Dei
1412 2186 1632 2282 gratia
1684 2187 2144 2260 Romanorum
2183 2209 2313 2260 rex
2344 2197 2415 2259 et
2448 2207 2724 2281 semper
2757 2195 3122 2281 augustus,
3163 2187 3413 2267 dilecto
3441 2187 3633 2262 fideli
3670 2211 3799 2262 suo

975 2315 1091 2384 W.
1137 2309 1243 2409 (2)
1272 2311 1363 2384 de
1396 2310 1715 2384 Hohdors
1738 2311 2026 2404 gratiam
2068 2332 2268 2383 suam
2319 2321 2388 2383 et
2419 2332 2626 2384 omne
2662 2311 2950 2383 bonum.
2990 2312 3180 2385 Licet
3210 2334 3305 2385 ex
3340 2312 3575 2385 debito
3611 2313 3802 2407 regie

977 2436 1351 2528 majestatis
1378 2443 1598 2509 status
1629 2434 1939 2508 omnium
1972 2434 2418 2508 ecclesiarum
2454 2443 2811 2507 teneamur
2855 2435 3001 2509 Deo
3038 2443 3315 2508 auctore
3362 2435 3432 2507 in
3475 2456 3803 2531 prospero

976 2582 1412 2647 conservare,
1453 2561 1607 2632 illas
1637 2568 1866 2631 tamen
1893 2558 1964 2630 in
1986 2558 2245 2652 quibus
2267 2558 2511 2654 religio
2544 2568 2783 2632 sancta
2811 2580 2970 2630 cum
3001 2558 3390 2632 sinceritate
3412 2557 3805 2632 devotionis

976 2683 1397 2759 laudabilius
1429 2690 1848 2779 perseverat,
1885 2680 2316 2755 celsitudinis
2348 2692 2581 2756 nostre
2612 2683 3032 2778 protectione
3056 2681 3425 2777 specialius
3438 2683 3807 2755 confovere

978 2820 1048 2882 et
1078 2810 1406 2883 volumus
1439 2815 1510 2880 et
1553 2806 1916 2881 debemus.
1967 2806 2137 2878 Cum
2180 2807 2397 2901 igitur
2431 2805 2927 2881 monasterium
2974 2807 3225 2879 Montis
3263 2805 3688 2900 Angelorum
3732 2804 3807 2877 in

980 2955 1125 3029 quo
1157 2934 1519 3027 utriusque
1545 2952 1756 3005 sexus
1790 2930 2069 3005 devotio
2103 2931 2399 3025 gloriose
2434 2930 2699 3024 Virgini
2730 2929 2930 3003 matri
2952 2928 3280 3003 Crucifixi
3297 2932 3554 3026 jugiter
3585 2932 3808 3007 famu-

985 3059 1205 3146 latur,
1261 3057 1625 3130 fundatum
1664 3057 1975 3152 plenaria
2000 3056 2316 3129 libertate
2364 3055 2438 3126 in
2490 3054 2694 3127 bonis
2743 3054 2892 3126 suis
2934 3055 3201 3126 nullum
3251 3054 3506 3129 habere
3558 3056 3812 3129 debeat

984 3181 1427 3270 advocatum,
1460 3177 1693 3277 sic[ut]
1728 3181 1800 3251 in
1820 3180 2070 3252 nostris
2097 3189 2165 3252 et
2187 3178 2705 3274 progenitorum
2738 3186 3124 3250 nostrorum
3155 3177 3397 3251 litteris
3413 3179 3684 3273 plenius
3705 3189 3812 3252 est

988 3325 1422 3399 expressum,
1452 3303 1583 3374 nisi
1619 3324 1827 3397 quem
1863 3324 1905 3375 a
1941 3301 2350 3375 celsitudine
2381 3301 2717 3397 imperiali
2750 3300 2884 3373 sibi
2924 3293 3244 3394 petierint
3276 3302 3705 3376 defensorem
3743 3313 3813 3376 et

990 3428 1325 3522 quamdiu
1361 3427 1546 3500 idem
1582 3427 1867 3522 expedit
1898 3425 2028 3521 ipsi
2056 3426 2234 3516 loco,
2281 3425 2693 3499 mandamus
2715 3425 2844 3498 tibi
2868 3426 3002 3498 sub
3025 3425 3307 3500 obtentu
3342 3429 3561 3521 gratie
3584 3437 3815 3501 nostre

987 3550 1269 3625 firmiter
1302 3551 1744 3644 injungentes
1775 3559 2116 3645 quatenus
2150 3550 2334 3622 bona
2369 3550 2656 3622 ecclesie
2687 3558 3063 3622 memorate
3112 3549 3182 3620 in
3224 3548 3530 3645 Argogia
3583 3573 3673 3625 ne
3719 3551 3812 3624 ab

990 3675 1227 3769 aliquo
1257 3677 1645 3748 lacerentur
1678 3697 1802 3746 seu
1838 3671 2146 3746 indebite
2182 3672 2687 3766 distrahantur,
2737 3673 3078 3769 quamdiu
3099 3672 3364 3747 dilecto
3408 3673 3594 3747 fideli
3639 3696 3814 3747 nos-

991 3811 1123 3874 tro,
1186 3855 1205 3872 .
1266 3852 1287 3872 .
1342 3800 1447 3898 (3)
1483 3799 1718 3873 abbati
1786 3798 2179 3872 monasterii
2254 3798 2634 3895 supradicti
2707 3797 3047 3894 placuerit
3111 3805 3181 3870 et
3258 3798 3520 3870 utilitas
3595 3797 3816 3895 ipsius

990 3926 1278 3998 ecclesie
1312 3925 1388 3998 id
1438 3935 1804 4021 exposcat,
1857 3924 2261 3998 auctoritate
2303 3933 2534 3999 nostra
2583 3933 3034 3997 manuteneas
3090 3931 3160 3996 et
3204 3922 3572 4015 defendas;
3622 3944 3815 3994 man-

993 4048 1231 4121 datum
1267 4059 1577 4121 nostrum
1618 4047 1799 4122 adeo
1830 4046 2197 4120 efficaciter
2227 4061 2589 4142 exequens
2628 4055 2700 4120 et
2734 4046 2987 4121 devote
3038 4055 3120 4118 ut
3167 4066 3292 4142 per
3327 4046 3461 4120 hoc
3507 4053 3815 4119 nostrum

1068 4356 1134 4429 (l)
1171 4354 1396 4413 Indictio
1431 4353 1639 4411 unitate
1674 4354 1939 4424 abundat,
1970 4370 2136 4427 quum
2162 4354 2267 4412 boc
2291 4354 2671 4412 documentum
2691 4356 2844 4428 :anno
2875 4354 3056 4430 potius
3084 4357 3221 4414 ⁴233
3255 4370 3420 4432 quam
3459 4355 3598 4416 ⁴234
3622 4351 3819 4411 adscri-

990 4453 1226 4511 bendum
1248 4452 1338 4508 sit.

1070 4551 1144 4625 (ἒ)
1178 4550 1480 4624 cognomen
1506 4548 1651 4605 istud
1684 4547 1950 4604 Walterus
1977 4545 2175 4605 indicat
2197 4554 2401 4620 auctor,
2431 4547 2594 4620 ibid„
2619 4564 2679 4624 p.
2706 4551 2796 4624 67,
2826 4556 2940 4609 not.
2968 4555 3020 4609 3.

1071 4648 1143 4721 (3)
1183 4647 1395 4706 Scilicet
1420 4652 1549 4703 tunc
1575 4647 1830 4719 temporis
1858 4647 2125 4704 Henricus
2145 4646 2360 4703 nomine
2385 4645 2672 4705 secundus.
