4500 5956
769 585 964 645 hmcr.
997 581 1086 658 9.]
1669 580 2067 643 HISTORIA
2118 574 2705 640 mPLOMA'rch.
3481 576 3593 640 821

771 740 922 790 rum
959 711 1372 812 imperatore
1403 737 1679 811 semper
1714 725 2053 809 augusto,
2108 712 2488 787 Jerusalem
2525 718 2595 782 et
2627 709 2856 781 Sicilie
2890 730 3089 803 rege,
3138 710 3427 790 Romani
3473 712 3599 782 im-

772 839 943 936 perii
984 842 1136 933 ejus
1161 860 1347 912 anno
1373 839 1558 912 XVII
1579 893 1599 929 ,
1640 840 2015 913 Jerusalem
2048 837 2179 928 XI,
2215 835 2411 929 regni
2449 855 2614 908 vero
2641 833 2870 906 Sicilie
2899 833 3248 923 XXXVII,
3289 835 3598 907 feliciter.

771 962 1020 1033 Amen.

866 1087 1120 1157 Datum
1152 1082 1343 1180 apud
1374 1083 1876 1157 Columbariam
1901 1138 1920 1174 ‚
1961 1102 2177 1173 anne,
2212 1101 2451 1154 mense
2482 1089 2553 1153 et
2586 1079 2964 1152 indictione
2985 1079 3404 1177 prescriptis.

1224 1382 3046 1398 mW———u———nm---——ffi-
3059 1384 3070 1388 -
3085 1381 3151 1390 .-

876 1651 1337 1759 FridericuS‚
1361 1651 1885 1733 Romanorum
1921 1649 2363 1759 imperator,
2392 1647 2666 1729 civium
2709 1647 3378 1757 Argentinensium
3404 1676 3605 1733 mer-

774 1785 1102 1867 cimonia
1153 1812 1292 1894 per
1344 1784 1749 1894 imperium
1801 1784 2241 1867 devehenda
2305 1783 2383 1862 in
2439 1808 2661 1866 suam
2714 1789 2788 1862 et
2841 1781 3134 1891 imperii
3201 1784 3597 1892 specialem

773 1916 1089 1999 tutelam
1127 1917 1467 2026 suscipit.

933 2130 1140 2210 (Edld.
1177 2130 1580 2206 Senonum,
1609 2127 1796 2192 Alsa&
1826 2126 2147 2209 diplomat„
2176 2135 2323 2190 tom.
2359 2129 2409 2202 1,
2440 2146 2502 2206 p.
2537 2127 2706 2207 374.)

866 2316 1285 2407 Fridericus,
1334 2317 1457 2391 Dei
1505 2316 1726 2411 gratia
1756 2318 2221 2390 Romanorum
2258 2316 2629 2410 imperator
2666 2334 2939 2409 semper
2979 2325 3352 2410 augustus,
3389 2320 3598 2391 Jeru-

775 2442 988 2512 salem
1018 2450 1087 2513 et
1119 2441 1349 2513 Sicilie
1379 2463 1542 2532 rex,
1585 2440 1932 2513 universis
1962 2447 2318 2535 presentes
2353 2439 2609 2511 litteras
2647 2438 3062 2533 inspecturis
3106 2437 3428 2513 fidelibus
3454 2443 3600 2516 suis

773 2564 1062 2656 gratiam
1089 2586 1288 2637 suam
1310 2573 1381 2635 et
1412 2584 1619 2637 omne
1664 2564 1952 2636 bonum.
2007 2562 2497 2658 Supplicarunt
2528 2559 2918 2634 celsitudini
2963 2570 3191 2634 nostre
3246 2565 3434 2637 cives
3462 2565 3603 2638 Ar-

774 2687 1213 2779 gentinenses
1248 2685 1487 2761 fideles
1518 2688 1730 2761 nostri
1765 2697 1843 2758 ut
1882 2686 2069 2781 ipsos
2102 2686 2174 2757 in
2213 2685 2505 2781 imperio
2536 2692 2767 2758 nostro
2813 2706 2973 2756 cum
3007 2686 3316 2781 ipsorum
3346 2691 3603 2762 merci-

772 2809 1017 2883 moniis
1071 2810 1522 2907 procedentes
1562 2810 1696 2882 sub
1751 2818 1981 2883 nostre
2025 2818 2097 2882 et
2145 2809 2417 2904 imperii
2474 2808 2894 2881 defensionis
2946 2809 3237 2902 gratiam
3293 2812 3601 2907 recipere

777 2932 1243 3030 dignaremur.
1285 2934 1422 3008 Nos
1450 2934 1660 3029 igitur
1691 2934 1997 3030 ipsorum
2027 2931 2649 3029 supplicationibus
2678 2930 3015 3025 inclinati,
3041 2932 3385 3030 predictos
3411 2936 3602 3011 cives

775 3079 931 3130 cum
969 3058 1279 3153 ipsorum
1319 3058 1780 3131 mercimoniis
1817 3078 1941 3151 per
1972 3057 2341 3153 imperium
2375 3055 2823 3152 procedentes
2851 3066 2985 3128 tam
3023 3057 3092 3128 in
3136 3059 3336 3154 aquis
3387 3082 3599 3155 quam

777 3181 846 3251 in
878 3181 1071 3254 terris
1105 3203 1264 3253 cum
1293 3182 1598 3276 personis
1625 3192 1695 3254 et
1726 3182 1941 3254 rebus
1973 3179 2119 3252 suis
2147 3180 2279 3253 suh
2315 3190 2545 3254 nostra
2578 3190 2647 3253 et
2686 3181 2956 3277 imperii
3004 3184 3368 3258 securitate
3405 3207 3598 3260 rece·

777 3304 1002 3398 pimus
1058 3304 1374 3399 speciali3
1433 3304 1865 3377 universitati
1921 3314 2151 3377 vestre
2209 3302 2616 3377 mandanoes
2668 3315 2739 3377 et
2794 3327 2916 3400 per
2969 3305 3327 3379 obtentum
3381 3309 3601 3401 gratie

774 3437 999 3500 nostre
1025 3425 1306 3499 firmiter
1329 3427 1785 3522 precipientes
1815 3436 2163 3523 qnatenus
2194 3428 2430 3500 nullus
2466 3429 2554 3500 sit
2587 3429 2709 3523 qui
2752 3429 3098 3524 predictos
3139 3431 3328 3503 cives
3365 3442 3601 3507 contra

771 3550 1106 3645 presentis
1154 3551 1543 3624 securitatis
1586 3561 1818 3624 nostre
1870 3552 2197 3647 paginam
2256 3573 2379 3646 per
2433 3552 2796 3647 imperium
2856 3562 3169 3626 nostrum
3241 3577 3399 3627 cum
3455 3556 3602 3628 suis

772 3672 1236 3748 mercimoniis
1278 3675 1727 3771 procedentes
1781 3676 1852 3746 in
1909 3676 2118 3749 rebus
2153 3686 2505 3771 presumat
2565 3674 2798 3750 ledere
2848 3678 2958 3750 vel
3009 3679 3345 3771 personis.
3395 3679 3600 3765 Quod

770 3799 888 3893 qui
927 3800 1463 3895 presumpserit,
1501 3799 1879 3894 majestatis
1917 3807 2146 3872 nostre
2182 3799 2513 3873 offensam
2536 3822 2612 3872 se
2650 3800 2920 3873 noverit
2945 3800 3409 3873 incursurum.

862 3924 1114 3996 Datum
1150 3922 1340 4018 apud
1366 3925 1804 4018 Hagenowe,
1845 3923 2140 4019 septimo
2166 3923 2429 4014 martii,
2472 3944 2656 3995 none
2687 3921 3104 3996 indictionis.

877 4504 1304 4591 Fridericus
1320 4571 1343 4617 ,
1418 4510 1943 4596 Romanorum
2024 4513 2438 4623 imperator
2453 4573 2476 4619 ‚
2536 4512 2634 4595 ad
2708 4510 3336 4621 supplicationem
3406 4513 3607 4596 Petri

777 4633 1375 4751 Raceburgensis
1438 4645 1767 4756 episcopi
1833 4646 1968 4756 qui
2041 4646 2568 4731 investituram
2630 4644 3164 4756 temporalium
3228 4644 3606 4729 bonorum

3685 1717 3969 1774 llngnnovve,

3713 1773 3929 1814 71ntnss.

3770 4542 3900 4596 Apud

3694 4592 3993 4651 :Ehgenwwe‚f

3743 4652 3923 4693 tuamne.
