4500 5956
1074 480 1195 541 '¹174
2072 473 2498 535 vammum
2548 472 2892 535 sssctmm
3512 474 3671 554 [Ans.
3711 476 3884 538 1235.

1072 610 1496 703 statuendoe,
1524 609 1592 681 in
1613 607 2044 682 ordinatione
2073 616 2456 680 castrorum
2487 617 2557 680 et
2580 606 3001 697 officialium,
3018 606 3459 703 perceptione
3487 607 3890 682 reddituum

1077 746 1147 809 et
1204 733 1510 806 omnium
1568 731 1862 803 aliorum
1905 730 2163 822 jurium
2199 751 2339 825 que
2386 729 2460 802 in
2509 729 2662 826 ipso
2703 750 2920 825 regno
2965 728 3060 802 ad
3101 749 3335 823 negem
3378 728 3471 803 de
3514 732 3800 827 antiqua
3824 741 3895 805 et

1078 859 1356 931 obtenta
1392 852 1891 928 consuetudine
1920 862 2225 948 spectare
2258 863 2671 942 noscuntur,
2712 853 3081 942 obediant;
3139 874 3269 926 nec
3303 874 3444 925 non
3472 853 3607 948 ipsi
3643 876 3726 928 ac
3764 877 3893 928 no·

1077 981 1252 1053 biles
1284 981 1473 1073 regni
1510 977 1823 1069 ejusdem
1854 976 2321 1050 communiam
2351 975 2767 1067 dissolvant,
2810 997 3216 1072 campanam
3246 975 3599 1072 deponant
3620 987 3690 1052 et
3711 1000 3898 1051 amo-

1074 1112 1288 1176 veant
1319 1103 1636 1175 consules
1667 1110 1739 1174 et
1773 1102 2166 1196 capitaneos
2216 1099 2307 1172 ab
2343 1100 2447 1171 eis
2480 1108 2632 1193 post
2658 1108 2884 1172 ortam
2919 1098 3337 1173 discordiam
3376 1101 3766 1193 ordinatos,
3814 1123 3899 1174 ac

1080 1228 1297 1323 ipsius
1335 1226 1528 1320 regni
1564 1224 2043 1321 proprietatem
2086 1222 2178 1295 ad
2216 1222 2482 1295 dictum
2519 1222 2911 1296 Conradum
2953 1224 3295 1318 pertinere
3327 1222 3731 1298 diffiniendo
3769 1224 3896 1299 de·

1082 1351 1338 1437 crevit;
1379 1358 1448 1421 et
1476 1349 1579 1421 eis
1610 1368 1737 1420 sue
1764 1346 2157 1421 diffinitioni
2190 1367 2434 1441 parere
2468 1346 2900 1439 nolentibus,
2938 1347 3011 1418 in
3047 1346 3396 1419 civitatem
3431 1346 3901 1421 Acconensem

1085 1472 1428 1546 interdicti
1454 1482 1524 1545 et
1550 1472 1624 1542 in
1659 1468 1982 1566 syndicos
2008 1468 2270 1541 civium
2301 1477 2371 1542 et
2406 1467 2743 1541 nobilium
2771 1479 2842 1542 et
2876 1471 3211 1563 majorum
3236 1472 3604 1543 consulum
3633 1471 3904 1544 univer-

1086 1597 1307 1669 sitatis
1360 1594 1777 1667 Acconensis
1819 1614 1903 1665 ac
1941 1613 2180 1664 eorum
2224 1593 2531 1666 fautores
2574 1601 2644 1665 et
2696 1591 3121 1666 consiliarios
3175 1594 3907 1668 excommunicationis

1089 1718 1460 1792 sententias
1496 1715 1985 1812 promulgavit.
2029 1713 2236 1801 Quod
2270 1736 2432 1786 cum
2465 1714 2558 1787 ad
2589 1723 2896 1788 nostram
2925 1714 3234 1789 notitiam
3266 1717 3725 1813 pervenisset,
3781 1737 3908 1790 noe

1087 1840 1515 1913 attendentes
1564 1839 1755 1933 quod
1791 1860 1952 1910 cum
1990 1837 2161 1910 inibi
2200 1837 2634 1910 diversorum
2677 1839 2936 1912 rituum
2979 1839 3396 1913 habitatores
3424 1840 3765 1932 existant,
3818 1839 3908 1914 de

1089 1964 1270 2037 facili
1312 1974 1487 2035 terre
1516 1962 1698 2034 illius
1733 1962 2045 2034 homines
2074 1961 2163 2033 ab
2190 1960 2501 2034 Ecclesie
2522 1962 2828 2035 Romane
2855 1961 2990 2034 ritu
3019 1961 3342 2036 recedent
3371 1971 3440 2035 et
3477 1984 3602 2060 per
3628 1963 3765 2037 hoc
3798 1963 3906 2034 in-

1095 2086 1458 2161 ficerentur
1486 2087 1787 2159 heretica
1814 2085 2150 2183 pravitate
2167 2140 2187 2178 ,
2231 2107 2316 2158 ac
2340 2085 2432 2159 ob
2459 2085 2534 2158 id
2561 2088 2766 2160 Terre
2796 2088 3043 2160 Sancte
3069 2107 3195 2182 pro
3212 2108 3353 2182 qua
3381 2089 3755 2161 multorum
3787 2107 3907 2160 ca-

1097 2212 1500 2283 tholicorum
1550 2210 1890 2303 sanguine
1939 2211 2129 2300 t'uso,
2184 2208 2490 2283 Ecclesia
2530 2209 2657 2281 Dei
2703 2209 3238 2283 innumerabiles
3289 2212 3517 2284 serens
3555 2211 3911 2305 angustias

1099 2336 1367 2407 labores
1398 2334 1649 2406 nimios
1680 2333 1898 2405 subiit
1940 2356 2023 2406 ac
2057 2355 2435 2429 expensas,
2487 2334 2730 2428 gravia
2766 2333 3066 2431 pericula
3115 2334 3587 2425 imminerent,
3640 2345 3912 2429 recepta

1101 2461 1191 2530 ab
1225 2459 1392 2554 ipsis
1426 2457 1947 2531 Acconensibus
1982 2459 2304 2531 cautione
2348 2457 2542 2553 quod
2589 2459 2839 2531 nostris
2892 2457 3190 2532 debeant
3248 2479 3491 2553 parere
3533 2458 3908 2546 mandatis,

1101 2584 1441 2677 prefatum
1493 2581 1862 2655 dumtaxat
1902 2582 2374 2656 relaxavimus
2426 2582 2901 2672 interdictum,
2958 2603 3051 2655 ne
3100 2582 3226 2655 tibi
3277 2591 3348 2656 et
3378 2581 3565 2657 dicto
3607 2592 3765 2655 nato
3797 2592 3915 2656 tuo

1104 2706 1435 2779 damnum
1462 2705 1552 2777 de
1585 2726 1802 2799 regno
1822 2704 2134 2799 predicto
2157 2704 2429 2779 modica
2459 2703 2631 2778 hora
2658 2704 3110 2798 contingeret,
3136 2703 3333 2800 quod
3355 2703 3486 2776 vix
3512 2703 3700 2799 longi
3727 2705 3918 2778 labor

1107 2828 1431 2923 temporis
1474 2836 1908 2900 restauraret.
1948 2828 2205 2902 Verum
2248 2827 2499 2902 dilecto
2543 2826 2688 2900 filio
2737 2826 3066 2923 magistro
3112 2828 3311 2900 Petro
3350 2826 3440 2900 de
3494 2828 3732 2901 Vineis
3771 2829 3920 2924 (sic)

1098 2950 1338 3043 judice
1389 2973 1473 3024 ac
1524 2950 1767 3023 nuntio
1818 2961 1939 3023 tuo
1991 2951 2082 3024 ad
2126 2961 2430 3025 nostram
2467 2951 2878 3050 presentiam
2933 2950 3371 3048 postmodum
3420 2952 3814 3047 accedente,
3853 2962 3921 3026 et

1105 3079 1245 3142 tam
1281 3070 1537 3142 dilecto
1572 3069 1797 3143 filio...
1836 3071 2051 3142 electo
2079 3072 2417 3164 Pactensi,
2457 3072 2651 3168 apud
2686 3093 2810 3145 nos
2844 3093 2981 3145 non
3024 3073 3173 3145 sine
3216 3073 3428 3144 multa
3456 3073 3922 3146 sollicitudine

1105 3214 1232 3288 pro
1267 3193 1406 3263 tuis
1434 3191 1787 3264 insistente
1821 3194 2146 3287 negotiis,
2182 3216 2392 3289 quam
2433 3197 2676 3269 eodem
2718 3195 2963 3268 nuntio
2996 3219 3037 3268 a
3068 3196 3266 3269 nobis
3299 3218 3391 3270 ex
3426 3205 3620 3293 parte
3657 3207 3778 3270 tua
3803 3219 3923 3294 pe-

1104 3317 1406 3388 tentibus
1459 3337 1859 3410 processum
1914 3319 2203 3412 predicti
2257 3319 2753 3416 archiepiscopi
2799 3318 3225 3412 confirmari,
3284 3322 3504 3393 nuntii
3559 3330 3630 3394 et
3678 3343 3923 3417 procu·

1105 3448 1360 3512 ratores
1437 3438 1776 3510 dictorum
1854 3439 2360 3513 Acconensium
2419 3443 3013 3536 compromittendi
3069 3444 3140 3516 in
3196 3465 3323 3517 nos
3373 3444 3704 3518 babentes
3770 3446 3924 3541 ple-

1104 3565 1369 3636 nariam
1437 3571 1837 3659 potestatem
1859 3617 1879 3654 ,
1943 3564 2353 3637 ordinationi
2408 3576 2479 3636 et
2535 3566 2969 3660 dispositioni
3019 3577 3247 3640 nostre
3304 3589 3515 3662 super
3574 3568 3925 3664 premissis

1104 3687 1408 3760 articulis
1447 3687 1870 3759 committere
1906 3709 1982 3759 se
2019 3687 2344 3760 volebant
2388 3686 2519 3787 (t).
2579 3690 2716 3762 Sed
2746 3690 2913 3784 quia
2961 3690 3191 3763 dictus
3234 3689 3560 3785 magister
3602 3713 3696 3764 ex
3735 3701 3928 3788 parte

1107 3820 1224 3885 tua
1278 3811 1406 3885 hoc
1462 3812 1689 3906 ipsum
1744 3811 2149 3908 acceptandi
2202 3813 2602 3888 mandatum
2647 3824 2724 3886 ut
2765 3813 3056 3888 assernit
3101 3836 3236 3888 non
3287 3813 3621 3903 habebat,
3672 3815 3765 3889 ad
3806 3816 3928 3888 de-

1177 4089 1248 4162 (t)
1284 4090 1365 4147 Cf.
1396 4091 1570 4148 nnn.
1597 4089 1883 4148 Tuumne.
1910 4091 2026 4148 sive
2061 4092 2375 4149 Continuat.
2410 4090 2582 4150 Guill.
2614 4093 2889 4165 wenis,
2919 4107 3009 4165 ap.
3040 4092 3273 4164 szor,
3301 4089 3513 4150 collect.
3537 4090 3628 4148 des
3649 4091 3927 4161 neuwen,

1106 4192 1148 4243 t.
1181 4187 1348 4253 XIX,
1376 4204 1431 4259 p.
1466 4187 1567 4241 tet
1600 4191 1657 4243 et
1677 4202 1856 4261 seqq„
1884 4187 1977 4243 ubi
2009 4189 2147 4245 duae
2174 4189 2565 4245 Acconensium
2606 4188 2895 4262 legationes
2930 4189 3000 4246 ad
3037 4205 3261 4264 papam,
3300 4188 3506 4247 scilicet
3539 4190 3606 4246 de
3633 4204 3769 4263 pace
3807 4202 3931 4246 cum

1104 4284 1426 4355 imperatore
1464 4283 1745 4339 tractanda
1783 4291 2185 4341 memorantur:
2221 4302 2330 4342 una
2373 4286 2461 4341 cui
2503 4291 2791 4358 praeerant
2822 4286 3103 4360 Philippus
3144 4288 3211 4345 de
3250 4287 3436 4344 Trecis
3468 4292 3525 4344 et
3563 4286 3825 4344 Henricus
3861 4285 3931 4342 de

1103 4378 1365 4436 Nazareth
1391 4379 1458 4434 ad
1488 4394 1608 4435 ann.
1640 4383 1781 4437 ⁴236
1809 4381 2077 4438 ineuntem
2105 4383 2441 4456 reponenda,
2467 4383 2631 4440 altera
2649 4399 2813 4457 quam
2836 4400 2906 4441 ex
2931 4390 3089 4458 parte
3113 4399 3328 4458 quoque
3349 4384 3493 4458 regis
3508 4384 3671 4458 Cypri
3694 4383 3935 4457 suscepit

1104 4475 1259 4532 miles
1282 4475 1458 4532 dictus
1481 4473 1753 4533 Galiridus
1774 4478 1971 4546 Letort,
1992 4480 2085 4553 qui
2106 4481 2333 4537 Januam
2355 4486 2412 4538 et
2436 4488 2625 4555 postea
2646 4480 2949 4541 viterbium
2972 4482 3195 4540 veniens
3211 4483 3354 4541 circa
3380 4482 3593 4539 initium
3619 4483 3749 4541 anui
3768 4484 3928 4550 ⁴237,

1102 4572 1251 4645 pacis
1276 4570 1648 4630 rescissionem
1674 4589 1709 4633 a
1738 4590 1879 4649 papa
1902 4576 2198 4636 obtinuisse
2225 4577 2437 4637 dicitur.
