4500 5956
752 578 949 637 Emer.
985 575 1099 653 9.]
1660 573 2057 637 HISTORIA
2098 574 2693 639 mnouanca.
3469 577 3597 639 '19⁹

750 705 1165 819 magnifica
1199 731 1526 789 munera
1564 705 1821 790 Cesari
1857 707 2303 792 attulerunt.
2348 710 2668 796 Gonm.
2724 708 2990 793 Conon.
3034 732 3161 818 ap.
3200 707 3585 816 Bosana,

742 850 1052 948 Fontes,
1091 849 1152 922 t.
1194 838 1290 942 ΙΙ,
1331 864 1413 947 p.
1456 839 1642 922 568.

861 1430 1318 1536 FridericuS,
1358 1429 1885 1512 Romanorum
1922 1430 2365 1539 imperator,
2406 1432 2672 1537 donat,
2704 1430 3050 1513 concedit
3079 1440 3155 1514 et
3186 1431 3590 1514 confirmat

742 1562 1208 1672 Ilaymundo
1261 1560 1522 1644 comiti
1567 1561 1947 1645 Tolosano
2004 1562 2211 1643 affini
2267 1571 2341 1645 et
2393 1562 2598 1645 fideli
2638 1588 2778 1644 suo
2812 1573 3093 1644 terram
3130 1563 3586 1646 Venesinam

738 1706 1144 1806 totamque
1216 1694 1450 1778 aliam
1514 1720 1751 1805 quam
1823 1695 1904 1777 in
1969 1695 2292 1804 imperio
2365 1694 2521 1779 sive
2575 1695 2656 1776 in
2720 1720 2959 1805 regno
3031 1695 3449 1779 Arelatensi
3513 1709 3590 1781 et

746 1826 1162 1911 Viennensi
1252 1827 1458 1910 idem
1539 1853 1797 1911 comes
1876 1842 2130 1911 tenere
2210 1827 2648 1936 consuevit,
2718 1837 2795 1910 et
2862 1828 3191 1911 restituit
3255 1854 3434 1912 eum
3506 1830 3587 1911 in

748 1960 1204 2071 (lignitatem
1259 1960 1829 2044 marchionatus
1880 1960 2349 2046 Provinciae.

913 2174 1107 2255 (Edit.
1146 2191 1242 2252 ap.
1272 2174 1561 2251 Βοσαιη,
1591 2175 1751 2237 Hist.
1783 2171 1855 2234 de
1878 2174 2194 2247 Provencc,
2224 2180 2273 2234 t.
2305 2174 2397 2247 11,
2428 2190 2487 2251 p.
2522 2180 2673 2248 226,
2718 2172 2824 2235 sed
2862 2174 3061 2235 minus
3094 2182 3378 2237 correcte.
3415 2177 3588 2238 Inte-

989 2296 1166 2359 grum
1208 2287 1410 2341 tamen
1462 2286 1632 2342 extat
1681 2283 1745 2341 in
1791 2277 2062 2343 Char-tul.
2119 2280 2327 2359 Raym.
2367 2280 2561 2341 comit.
2616 2276 2827 2357 Telos„
2869 2296 2967 2358 ap.
3029 2280 3314 2343 Bibliotb.
3375 2284 3589 2360 imper.

991 2387 1434 2461 Parisiensem.)

849 2573 926 2645 In
961 2573 1243 2646 nomine
1281 2581 1519 2647 sancte
1561 2583 1632 2647 et
1668 2572 2038 2647 individue
2067 2573 2441 2646 Trinitatis.
2481 2571 2870 2646 Fridericus
2905 2575 2991 2664 11,
3036 2573 3275 2648 divina
3315 2575 3588 2650 favente

751 2696 1118 2770 clementia
1166 2697 1630 2771 Romanorum
1684 2697 2059 2792 imperator
2105 2719 2379 2792 semper
2413 2706 2753 2788 augustus
2775 2752 2795 2790 ,
2849 2698 3226 2771 Jerusalem
3261 2708 3331 2771 et
3361 2699 3591 2773 Sicilie

749 2841 906 2893 rex.
970 2821 1356 2916 Imperialis
1411 2821 1821 2895 excellentie
1876 2821 2126 2895 solium
2195 2829 2358 2892 tunc
2417 2828 2744 2915 augetur,
2801 2843 2962 2893 cum
3021 2819 3389 2894 retinendo
3450 2843 3591 2918 que

752 2941 967 3018 donat
1002 2952 1070 3017 et
1105 2944 1432 3020 donando
1468 2968 1607 3043 que
1662 2945 1932 3037 retinet,
1982 2944 2097 3018 vel
2148 2944 2618 3038 subjectorum
2658 2941 2910 3019 devota
2955 2942 3289 3040 obsequia
3344 2966 3589 3020 remu-

747 3079 979 3162 nerat,
1021 3079 1144 3142 aut
1187 3071 1577 3164 aliquorum
1620 3067 2060 3143 devotionem
2102 3067 2573 3142 munificentia
2614 3069 3039 3142 liberalitatis
3072 3071 3404 3165 acquirit,
3446 3083 3580 3145 etc.

756 3192 899 3267 Hac
955 3193 1170 3286 igitur
1222 3192 1774 3268 consideratione
1823 3193 2186 3284 commoti,
2229 3192 2509 3265 illustris
2540 3191 2674 3265 viri
2719 3193 2951 3268 dilecti
2996 3193 3224 3265 affinis
3258 3202 3329 3267 et
3363 3193 3588 3268 fidelis

758 3317 969 3390 nostri
1005 3317 1381 3392 Raimundi
1424 3319 1695 3392 comitis
1728 3317 2045 3390 'tolosani
2085 3316 2227 3390 fide
2257 3325 2328 3389 et
2375 3316 2748 3391 devotione
2790 3317 3093 3412 pensatis
3113 3372 3134 3408 ,
3181 3328 3463 3414 recepto
3501 3320 3596 3393 ab

759 3462 861 3535 ee,
901 3451 1039 3516 etc.
1079 3442 1444 3538 [Sequitur
1489 3442 1580 3517 de
1613 3442 1829 3517 verbo
1884 3440 1979 3515 ad
2026 3442 2320 3516 verbum
2345 3495 2370 3535 ,
2403 3442 2586 3515 sicut
2634 3443 2709 3514 iu
2766 3442 3131 3538 privilegio
3182 3441 3346 3517 dato
3399 3443 3590 3538 apud

758 3567 1403 3663 Montemflasconis,
1458 3569 1832 3665 septembri
1870 3566 2098 3660 ⁴234,
2154 3567 2348 3663 quod
2396 3590 2605 3664 supra
2655 3591 2733 3664 p.
2790 3565 2991 3666 486]
3046 3568 3135 3641 Ut
3181 3578 3413 3641 autem
3465 3569 3597 3642 hec

759 3695 987 3767 nostra
1026 3693 1378 3787 defensiO,
1428 3693 1778 3767 concessio
1829 3701 1896 3766 et
1933 3690 2360 3764 confirmatio
2391 3690 2607 3763 robur
2647 3691 2955 3764 obtineat
3003 3700 3337 3785 perpetue
3372 3689 3597 3762 firmi-

762 3819 915 3892 tatis
937 3874 957 3912 ,
1025 3819 1121 3892 ad
1180 3820 1483 3892 futuram
1533 3817 1935 3892 memoriam
1994 3837 2280 3913 presens
2334 3815 2774 3910 privilegium
2829 3813 2977 3888 fieri
3029 3821 3100 3887 et
3149 3813 3338 3888 bulla
3384 3836 3596 3888 aurea

762 3943 1027 4039 typario
1058 3952 1291 4016 nostre
1322 3943 1698 4036 majestatis
1728 3942 2058 4038 impressa
2088 3939 2425 4032 jussimus
2453 3937 2891 4011 communiri.

851 4067 1074 4159 Hujus
1110 4075 1343 4140 autem
1378 4068 1479 4141 rei
1523 4076 1731 4140 testes
1766 4076 1930 4140 sunt
1970 4091 1989 4137 ε
2039 4120 2056 4137 .
2087 4117 2102 4134 .
2137 4116 2157 4136 .
2196 4061 2633 4135 Treverensis
2671 4059 3256 4157 archiepiscopus,
3303 4114 3323 4134 .
3350 4115 3370 4134 .
3405 4113 3426 4132 .
3462 4061 3592 4135 vi-

760 4190 1095 4263 variensis
1130 4191 1525 4288 episcopus,
1566 4190 1720 4264 dux
1746 4189 2142 4282 Brabantie,
2172 4187 2326 4261 dux
2353 4185 2447 4260 de
2470 4186 2824 4281 Limburg,
2859 4184 3014 4259 dux
3040 4185 3332 4260 Bavarie
3365 4207 3598 4262 comes

761 4314 1103 4409 palatinus
1135 4315 1307 4387 Reni
1328 4370 1349 4405 ,
1388 4313 1543 4389 dux
1573 4314 2041 4409 Lotharingie,
2081 4311 2391 4385 marchio
2423 4309 2518 4385 de
2551 4310 2828 4404 Baden,
2862 4309 3283 4405 burgravius
3318 4308 3407 4387 de
3441 4311 3603 4384 Nu-

761 4438 1102 4533 remberg,
1138 4437 1224 4512 A.
1270 4438 1362 4511 de
1395 4439 1697 4512 Pictavia
1729 4461 1960 4513 comes
1986 4436 2419 4530 Valentinus,
2463 4445 2535 4511 et
2565 4436 2683 4509 alii
2719 4436 3191 4532 quamplures.

855 4562 1146 4657 Signum
1187 4562 1452 4636 domini
1479 4561 1809 4636 Friderici
1844 4563 1929 4654 11,
1964 4561 2091 4635 Dei
2128 4561 2350 4656 gratia
2376 4561 2839 4634 Romanorum
2866 4560 3299 4658 imperatoris
3335 4579 3608 4655 semper

767 4686 1066 4780 augusti,
1104 4687 1482 4761 Jerusalem
1514 4695 1584 4760 et
1612 4686 1843 4760 Sicilie
1869 4685 2080 4779 regiS.

3667 1434 3958 1534 {mm
