4500 5956
1037 597 1161 665 626
2084 594 2427 657 HENRICI
2477 592 2814 655 SEPTml
3492 590 3650 673 [Asu.
3689 593 3860 655 1234.

1279 763 1371 818 αι
1413 760 1528 817 nisl
1569 758 1876 818 renovatlo
1920 758 2099 817 unius
2140 754 2434 832 privilegll
2476 752 2759 813 Fridericl
2802 753 2959 830 regis
3007 751 3083 812 de
3130 766 3289 811 anno
3327 759 3481 813 1215
3524 750 3702 830 (vid.·
3722 758 3771 813 t.
3811 754 3865 827 1,

1280 879 1339 940 p.
1378 868 1528 938 386)
1559 870 1620 924 et
1649 863 1890 925 alterius
1919 865 2105 940 ipsius
2130 862 2370 923 Hem-ici
2395 860 2470 921 de
2496 875 2654 920 anno
2685 866 2838 919 1226
2872 856 3034 935 (vid.
3057 864 3107 918 t.
3140 857 3224 932 11,
3254 875 3324 934 p.
3351 862 3521 936 872),
3551 857 3625 918 de
3651 859 3870 935 quibus

1279 970 1444 1031 nulla
1484 971 1746 1048 legitima
1783 970 2037 1046 suspicio
2078 970 2218 1028 oriri
2261 971 2481 1045 potest.
2509 966 2674 1039 Quae
2698 981 2841 1031 vero
2886 963 3103 1043 ibidem
3146 963 3469 1038 adduntur,
3498 980 3692 1042 neque
3718 966 3869 1029 soli-

1279 1082 1407 1136 tam
1441 1077 1791 1136 redactionis
1818 1075 2070 1135 formam
2097 1089 2294 1151 neque
2312 1074 2467 1153 JurIs
2492 1074 2638 1149 regtt
2664 1069 2812 1143 fines
2840 1070 3155 1132 excedunt.
3188 1070 3224 1131 J
3228 1072 3343 1131 usti
3369 1076 3669 1146 praeterea
3693 1077 3872 1132 testes

1282 1182 1660 1256 adhibentur,
1693 1199 1842 1258 quos
1868 1181 2206 1252 falsarium,
2237 1180 2289 1241 si
2328 1178 2596 1240 fraudem
2639 1178 2976 1249 admIseris,
3007 1179 3179 1256 quasi
3220 1177 3508 1257 divinitus
3559 1177 3870 1255 indigitare

1282 1292 1658 1365 oportuisset.
1687 1287 1897 1360 Unde,
1928 1288 2068 1346 licet
2093 1289 2156 1345 in
2184 1289 2341 1346 notis
2376 1284 2800 1362 chronologicis
2827 1283 3112 1360 quiddam
3144 1282 3309 1343 dubii
3344 1285 3630 1363 supersit,
3672 1285 3871 1361 privi-

1277 1392 1499 1471 legium
1524 1396 1680 1454 inter
1708 1394 1907 1469 spuria
1934 1393 2341 1469 reponendum
2367 1409 2491 1453 esse
2514 1408 2635 1452 non
2670 1387 3025 1467 censemus.)
3187 1408 3190 1413 ·

1137 1606 1538 1695 Heinricus,
1580 1605 1727 1677 divi
1763 1607 2040 1699 augusti
2076 1606 2504 1700 imperatoris
2544 1603 2762 1691 filius,
2803 1604 2932 1676 Dei
2969 1604 3190 1697 gratia
3237 1604 3700 1675 Romanorum
3747 1623 3874 1674 rex

1044 1738 1115 1800 et
1163 1750 1435 1822 semper
1483 1739 1846 1822 augustus.
1904 1731 2090 1801 Licet
2140 1728 2232 1802 ad
2286 1748 2525 1801 omnes
2572 1726 2894 1801 ecclesias
2937 1727 3321 1799 serenitatis
3368 1734 3600 1798 nostre
3653 1726 3873 1798 aciem

1042 1852 1421 1925 extendere
1460 1861 1841 1939 teneamur,
1891 1874 2126 1926 earum
2177 1863 2409 1925 tamen
2462 1852 2618 1946 paci
2670 1862 2738 1923 et
2788 1850 3267 1945 tranquillitati
3306 1849 3716 1945 propensius
3749 1848 3872 1920 de·

1044 1973 1293 2045 bemus
1364 1974 1745 2047 intendere.
1776 1978 1848 2047 in
1906 1977 2165 2069 quibus
2228 1976 2668 2048 laudabiliter
2721 1985 2956 2047 sancte
2987 1972 3427 2047 'observatur
3479 1972 3652 2045 ordo
3705 1971 3875 2045 reli-

1045 2097 1309 2191 gioniS,
1352 2099 1693 2193 nobisque
1726 2109 1797 2171 et
1829 2100 2122 2194 imperio
2169 2101 2374 2171 unica
2421 2109 2490 2172 et
2542 2099 2824 2194 speciali
2874 2092 3191 2171 inherere
3231 2107 3596 2170 censentur
3644 2096 3876 2168 dilec-

1048 2220 1255 2292 tione.
1323 2221 1474 2306 Qua
1537 2232 1815 2318 propter
1859 2224 1952 2296 ad
2012 2224 2492 2296 universorum
2565 2223 2832 2318 imperii
2889 2220 3208 2294 fidelium
3277 2221 3615 2317 presentis
3677 2221 3876 2293 etatis

1046 2352 1116 2416 et
1182 2366 1582 2418 successure
1664 2348 2074 2442 posteritatis
2132 2348 2455 2420 noticiam
2525 2347 2861 2419 duximus
2940 2344 3423 2440 perferendum
3485 2342 3679 2436 quod
3749 2364 3877 2416 nos

1046 2468 1533 2540 monasterium
1623 2469 1694 2539 in
1775 2471 2215 2563 Winegarten
2281 2472 2373 2543 ab
2446 2470 2995 2543 antecessoribus
3054 2468 3303 2540 nostris
3378 2467 3564 2539 divis
3631 2467 3878 2538 Roma·

1047 2612 1295 2663 norum
1355 2594 1929 2687 imperatoribus,
1992 2595 2276 2688 regibus
2340 2604 2410 2667 et
2478 2595 2909 2690 principibus
2982 2602 3449 2666 constructum
3477 2644 3498 2682 ‚
3556 2589 3748 2684 quod
3809 2600 3882 2662 et

1047 2716 1247 2788 nobis
1296 2714 1682 2810 specialiter
1729 2717 2112 2789 dinoscitur
2161 2718 2546 2811 pertinere,
2598 2718 2836 2791 divine
2878 2716 3454 2789 remunerationis
3505 2715 3761 2786 intuitu
3813 2723 3882 2786 et

1047 2858 1496 2932 personarum
1572 2839 1833 2912 ibidem
1893 2841 2188 2912 Domino
2246 2816 2767 2932 famulantium,
2846 2840 2980 2913 sub
3037 2838 3444 2912 omnimoda
3495 2839 3881 2911 serenitatis

1048 2970 1279 3034 nostre
1334 2963 1755 3059 suscipimus
1794 2963 2093 3038 tuicione
2136 2974 2296 3036 cum
2332 2965 2657 3038 omnibus
2699 2962 3121 3059 pertinentiis
3161 2962 3333 3035 suis.
3384 2960 3882 3035 confirmantes

1054 3084 1156 3155 eis
1182 3085 1414 3156 omnia
1439 3088 1601 3175 jura
1634 3096 1703 3158 et
1751 3087 2284 3160 consuetudines
2329 3110 2410 3160 ac
2462 3090 2822 3160 universas
2856 3086 3320 3182 possessiones
3356 3106 3775 3179 quecunque
3808 3086 3881 3155 in

1053 3208 1553 3318 presentiarum
1574 3209 1973 3303 possident,
2007 3220 2129 3282 aut
2163 3212 2235 3280 in
2269 3213 2576 3283 futurum
2594 3212 2886 3284 Domino
2910 3209 3330 3282 concedente
3344 3210 3531 3301 justo
3547 3210 3881 3304 titulopo-

1053 3338 1284 3401 terunt
1316 3329 1632 3423 adipisci.
1663 3329 1777 3402 Ad
1800 3331 1930 3403 hec
1948 3334 2153 3404 etiam
2160 3335 2347 3427 quia
2378 3334 2832 3429 prenominati
2859 3332 3257 3416 monasterii
3286 3340 3355 3403 et
3385 3332 3532 3403 suis
3559 3330 3883 3402 fratribus

1054 3450 1201 3547 (sic)
1237 3455 1427 3546 regia
1457 3447 1879 3546 benignitate
1911 3465 2139 3558 nostra
2173 3458 2508 3530 duximus
2537 3435 3015 3576 indempnitati
3043 3457 3302 3530 utiliter
3336 3454 3876 3551 providendum,

1054 3577 1492 3650 decernimus
1530 3587 1596 3649 et
1634 3577 2119 3650 concedimus
2112 3581 2213 3653 eis
2240 3591 2320 3652 ut
2352 3582 2663 3654 homines
2706 3594 2775 3654 et
2815 3567 3000 3656 bona
3039 3603 3278 3696 eorum
3316 3579 3720 3673 ubicunque
3754 3579 3886 3650 sita

1053 3700 1126 3772 in
1158 3708 1391 3772 nostra
1427 3715 1696 3795 semper
1741 3712 2076 3798 potestate
2101 3705 2262 3776 sine
2300 3706 2534 3801 aliqua
2560 3706 2928 3778 donatione
2963 3725 3089 3779 seu
3118 3697 3560 3777 concessione
3603 3723 3885 3797 perma-

1054 3835 1300 3917 neant,
1336 3833 1407 3897 et
1434 3824 1526 3897 ad
1554 3827 1819 3897 nullum
1849 3827 1982 3898 nisi
2017 3827 2109 3900 ad
2132 3850 2261 3901 nos
2291 3838 2697 3924 nostrosque
2715 3807 3003 3903 heredes
3028 3840 3098 3902 et
3121 3847 3558 3901 successores
3586 3825 3886 3898 debeant

1057 3947 1312 4026 habere
1357 3959 1793 4050 respectum3
1858 3951 1957 4024 ita
1984 3953 2212 4025 ‘etiam
2262 3963 2342 4025 ut
2385 3954 2443 4025 si
2504 3954 2883 4048 aliquando
2926 3939 3188 4048 prefate
3221 3937 3458 4024 nostre
3494 3949 3886 4021 donationis

1061 4071 1474 4145 inmemores
1507 4074 2080 4174 concessione[m]
2121 4075 2482 4174 aliqua[m]
2527 4078 2615 4150 de
2657 4077 3037 4173 supradicti
3075 4069 3470 4148 monasterii
3507 4071 3883 4167 possessio·

1061 4193 1270 4265 nibus
1305 4197 1417 4266 vel
1446 4195 1538 4267 de
1562 4196 1958 4272 hominibus
1994 4222 2118 4272 nos
2152 4203 2377 4274 facere
2404 4203 2790 4296 contingat,
2838 4201 2989 4273 sine
3019 4200 3211 4271 omni
3243 4199 3313 4322 in
3345 4197 3616 4269 irritum
3647 4193 3887 4267 dedu-

1063 4324 1261 4388 catur
1304 4303 1868 4394 contradictione.
1929 4324 2218 4420 Insuper
2268 4325 2480 4398 confir
2482 4348 2752 4398 mamus
2794 4326 2927 4421 ipsi
2972 4324 3259 4399 ecclesie
3302 4330 3382 4392 ut
3426 4320 3498 4391 in
3528 4321 3686 4411 jure
3721 4338 3887 4389 cen-

1068 4439 1367 4512 sualium
1412 4440 1564 4512 sine
1606 4445 2118 4517 morticinorum
2164 4447 2356 4541 quod
2405 4450 2778 4543 vulgariter
2824 4449 3074 4522 dicitur
3127 4447 3280 4538 val,
3336 4444 3397 4517 si
3446 4445 3597 4516 siue
3633 4439 3890 4514 herede

1066 4561 1319 4670 aliquis
1349 4564 1555 4635 homo
1599 4565 1820 4660 ipsius
1868 4571 2153 4642 ecclesie
2204 4571 2573 4645 defunctus
2624 4575 2858 4662 suerit,
2898 4573 3130 4645 omnia
3171 4592 3308 4663 que
3344 4566 3697 4660 reliquerit
3740 4565 3890 4637 sive

1065 4689 1139 4761 in
1165 4688 1540 4762 mobilibus
1558 4688 1709 4762 sive
1745 4691 1816 4761 in
1850 4692 2294 4768 inmobilibus
2321 4697 2479 4768 usui
2512 4697 2728 4792 ipsius
2763 4698 3049 4770 ecclesie
3082 4695 3365 4785 cedant;
3401 4692 3552 4764 sive
3572 4708 3734 4762 vero
3755 4686 3887 4759 de-
