4500 5956
995 525 1118 587 570
2041 526 2384 588 HENRICI
2432 528 2771 589 SEPTml
3436 527 3594 605 [Am.
3631 528 3808 589 1232.

990 657 1585 754 jurisdictionibus
1620 679 1860 730 eorum
1890 662 2006 732 vel
2042 661 2243 733 bonis
2274 682 2512 733 eorum
2545 663 2952 734 immeritam
2988 660 3239 733 inferre
3277 661 3656 733 molestiam
3693 671 3813 734 aut

997 783 1433 876 aliquatenus
1468 802 1867 877 presumere
1905 783 2153 858 debeat
2184 784 2490 858 indebite
2526 785 2946 881 perturbare.
2986 786 3241 857 Verum
3267 785 3690 878 quicumque
3719 785 3813 858 ad

1000 904 1397 997 hujusmodi
1433 905 2002 996 gubernationem
2037 918 2105 981 et
2138 907 2724 982 conservationem
2756 905 3150 1001 supradicte
3195 906 3529 980 libertatis
3558 929 3813 1002 supra-

998 1028 1184 1102 dicto
1220 1030 1633 1102 monasterio
1666 1051 1987 1103 concesse
2022 1032 2284 1103 inutilis
2315 1040 2436 1104 ant
2468 1030 2850 1124 flagitiosus
2894 1029 3235 1120 extiterit,
3296 1050 3383 1102 eo
3429 1029 3581 1123 ipso
3625 1028 3809 1102 idem

992 1153 1210 1226 abbas
1242 1161 1312 1227 et
1336 1163 1713 1226 conventus
1733 1155 2020 1227 liberam
2047 1155 2304 1228 debent
2325 1156 2581 1229 habere
2602 1163 3005 1250 potestatem
3038 1154 3252 1226 alium
3289 1153 3383 1225 ad
3413 1152 3811 1245 hujusmodi

992 1276 1445 1349 ministerium
1488 1277 1806 1371 eligendi.
1856 1279 2105 1351 Pecora
2150 1279 2358 1352 etiam
2400 1301 2639 1351 eorum
2682 1278 2939 1351 debent
2989 1277 3378 1371 specialiter
3415 1276 3489 1347 in
3533 1297 3812 1350 nemore

990 1407 1222 1471 nostro
1256 1398 1718 1494 apud-curtim
1745 1399 2094 1472 Lederstat
2123 1410 2191 1473 et
2224 1401 2431 1474 etiam
2468 1402 2540 1472 in
2570 1400 2724 1472 aliis
2755 1401 3077 1474 omnibus
3112 1400 3368 1496 pratis,
3421 1400 3701 1494 pascuis
3742 1410 3811 1472 et

992 1523 1390 1594 nemoribus
1418 1522 1740 1593 civilibus
1768 1532 1837 1594 et
1869 1523 2207 1617 legalibus
2239 1522 2343 1622 (α)
2373 1524 2664 1597 liberam
2704 1523 2962 1598 habere
2985 1532 3388 1619 potestatem
3428 1522 3804 1615 evagandi.

989 1645 1159 1718 Cum
1197 1647 1408 1739 igitur
1434 1645 1845 1742 supradictis
1884 1645 2116 1718 abbati
2159 1656 2227 1718 et
2268 1648 2641 1720 conventui
2686 1647 2818 1721 hec
2863 1647 3108 1721 eadem
3145 1647 3351 1740 longe
3383 1668 3426 1717 a
3462 1646 3811 1719 retroactis

990 1769 1412 1863 temporibus
1436 1790 1479 1839 a
1502 1769 2099 1863 predecessoribus
2124 1771 2373 1843 nostris
2390 1770 2528 1841 sint
2560 1792 2884 1843 concessa
2904 1824 2925 1863 ,
2962 1792 3091 1843 nos
3104 1769 3389 1842 culmini
3411 1776 3642 1842 nostre
3660 1791 3808 1842 ma·

992 1891 1387 1986 gnificentie
1416 1892 1485 1962 in
1512 1891 1645 1963 hac
1671 1901 1862 1987 parte
1888 1902 2309 1988 satagentes,
2359 1893 2792 1988 supradictas
2832 1894 3310 1966 concessiones
3346 1893 3610 1966 eisdem
3644 1914 3809 1966 con-

994 2037 1222 2087 cessas
1249 2015 1339 2087 de
1365 2015 1768 2088 liberalitate
1801 2026 2029 2089 nostre
2059 2017 2431 2108 majestatis
2458 2018 2918 2113 approbantes
2935 2025 3270 2112 perpetuo
3292 2014 3802 2088 confirmamus.

992 2139 1173 2211 Nulli
1203 2160 1368 2231 ergo
1410 2139 1690 2210 omnino
1735 2138 2088 2211 hominum
2123 2140 2325 2213 liceat
2357 2141 2540 2213 hanc
2580 2142 2901 2237 paginam
2936 2150 3161 2214 nostre
3193 2139 3705 2236 approbationis
3738 2148 3809 2211 et

993 2260 1522 2333 confirmationis
1579 2262 1947 2357 infringere
1991 2264 2107 2337 vel
2162 2263 2229 2335 ei
2285 2285 2461 2336 ausu
2525 2265 2888 2338 temerario
2932 2262 3297 2337 contraire.
3346 2262 3419 2333 Si
3467 2262 3626 2356 quis
3674 2283 3809 2333 au-

987 2395 1160 2476 tem,
1200 2393 1334 2457 etc.
1375 2383 1554 2481 (sic).

1082 2510 1333 2581 Datum
1358 2506 1546 2605 apud
1587 2507 1950 2601 Werdam,
1992 2510 2089 2580 IX
2122 2509 2454 2584 kalendas
2473 2511 2694 2604 junii,
2733 2510 3111 2584 indictione
3134 2511 3217 2584 V.

596 3028 922 3136 *Ρὲῗὲᾷῗέ*
1095 3031 1502 3137 HenricuS,
1559 3027 2083 3112 Romanorum
2135 3056 2309 3138 rex,
2369 3030 2679 3114 nomine
2742 3054 2885 3112 suo
2936 3039 3248 3112 renovat
3299 3027 3806 3112 confoedera-

992 3163 1275 3247 tionem
1348 3169 1697 3243 mutuam
1761 3160 1955 3242 inter
2026 3161 2494 3244 Ludovicum
2546 3161 3013 3244 Francorum
3075 3184 3335 3269 regem
3379 3168 3453 3242 et
3512 3169 3806 3269 patrem

995 3322 1223 3379 suum
1260 3295 1567 3401 initam,
1610 3304 1685 3376 et
1720 3319 1892 3375 eam
1927 3294 2005 3374 in
2045 3294 2304 3376 anima
2341 3320 2480 3376 sua
2507 3293 2751 3404 jurari
2786 3294 3173 3403 praecipit.

1152 3504 1398 3584 (Inedit.
1423 3520 1498 3565 ex
1522 3505 1795 3582 Registro
1825 3507 1949 3565 slve
1993 3505 2360 3567 chartulario
2402 3504 2652 3584 Philippi
2699 3507 2950 3585 Augusti
2965 3549 2986 3586 ‚
3037 3520 3137 3582 ap.
3182 3502 3335 3564 Bibl.
3394 3517 3522 3581 reg.
3571 3501 3760 3562 Paris.
3781 3545 3802 3582 ‚

1230 3618 1297 3671 n⁰
1325 3619 1511 3682 8408,
1551 3608 1659 3671 fol.
1696 3619 1808 3672 168
1849 3615 2040 3685 recto,
2070 3616 2132 3672 et
2159 3618 2273 3670 170
2301 3624 2495 3685 verso,
2523 3608 2626 3671 nbi
2651 3617 2853 3672 tamen
2890 3627 3013 3672 non
3049 3609 3129 3673 ad
3152 3610 3473 3688 integrum,
3508 3606 3616 3671 sed
3637 3607 3807 3685 quasi

1229 3715 1344 3778 sub
1369 3716 1715 3796 compendio
1742 3713 2101 3795 exhibetur.)

1090 3902 1564 3978 Consederatio
1598 3904 1777 3977 inter
1803 3903 2169 3976 Henricum
2199 3923 2432 3997 regem
2471 3901 2931 3974 Romanorum
2968 3897 3189 3971 filium
3233 3895 3523 3994 predicti
3552 3893 3803 3969 Frede-

995 4026 1120 4097 rici
1157 4035 1226 4098 et
1260 4028 1583 4100 eumdem
1617 4024 2048 4099 Ludovicum
2077 4045 2314 4119 regem
2351 4020 2496 4122 [de]
2530 4024 2749 4098 verbo
2797 4022 2888 4096 ad
2929 4021 3255 4113 verbum,
3316 4019 3496 4092 sicut
3530 4018 3602 4088 in
3639 4037 3804 4088 con·

994 4147 1414 4222 ruderatione
1445 4148 1835 4245 precedenti
1878 4147 2023 4243 (l);
2076 4169 2216 4244 que
2258 4148 2359 4221 sic
2395 4148 2639 4243 incipit
2676 4173 2694 4217 ε
2738 4172 2775 4217 «
2806 4148 2892 4218 H.
2937 4147 3062 4219 Dei
3101 4143 3320 4238 gratia
3346 4144 3804 4217 Romanorum

1077 4299 1158 4373 (a)
1199 4297 1469 4358 Forsitan
1495 4297 1804 4373 legendum
1826 4294 2133 4377 reqalibus.

1068 4531 1143 4603 (l)
1178 4530 1258 4587 Ea
1284 4528 1487 4587 scilicet
1513 4544 1652 4603 quae
1687 4543 1853 4603 supra
1877 4527 2083 4601 integra
2110 4527 2288 4600 datur,
2314 4544 2370 4603 p.
2408 4529 2510 4586 354
2534 4534 2591 4585 et
2628 4544 2781 4603 seqq.
2800 4571 2815 4601 ,
2843 4529 2947 4588 sub
2986 4529 3112 4587 dato
3148 4528 3291 4602 apud
3326 4527 3544 4584 Portum
3569 4520 3801 4592 Naonis,

988 4629 1130 4686 maio
1166 4630 1326 4685 ⁴232.
