4500 5956
1749 547 2004 608 INDEX
2055 546 2748 608 Docnusslv'roltuu.
3539 547 3659 609 997

868 751 1091 828 1254

861 888 936 943 15
961 880 1113 941 febr.
1275 873 1453 951 Apud
1608 904 1692 920 —
1729 874 1983 934 Henrico
2026 872 2334 933 Basiliensi
2377 872 2652 947 episcopo
2695 869 2980 947 probante
3020 871 3342 949 Eginonem
3389 875 3663 934 comitm

1163 970 1561 1033 Frankenfort
1687 969 1763 1029 de
1787 969 2038 1047 Friburg
2062 968 2139 1028 de
2169 967 2619 1045 argentifodinis
2642 973 2705 1028 et
2730 967 3009 1028 custodiis
3033 969 3338 1046 sylvarum
3364 986 3468 1046 per
3490 971 3661 1031 Bris-

1196 1068 1259 1127 in
1286 1067 1535 1127 solemni
1687 1068 1963 1143 gauviam
2003 1065 2264 1142 legitime
2296 1064 2373 1124 ab
2401 1065 2530 1141 ipso
2553 1062 2924 1125 inlaudatam
2961 1081 3117 1138 esse,
3157 1066 3429 1126 eumdem
3465 1071 3662 1127 comi-

1277 1165 1462 1225 curia.
1688 1167 1808 1222 tem
1853 1165 1918 1222 in
1953 1163 2378 1237 possessionem
2425 1161 2854 1237 praedictorum
2890 1160 3181 1222 bonorum
3222 1164 3405 1223 mittit
3421 1204 3442 1240 ‚
3475 1180 3663 1240 eaque

1688 1260 1877 1319 eidem
1903 1257 2238 1320 confirmat.
3540 1268 3659 1321 639

860 1367 931 1419 15
959 1357 1115 1422 febr.
1271 1354 1450 1431 Apud
1609 1389 1689 1403 —
1725 1356 2087 1418 Sententiam
2112 1356 2189 1416 ab
2215 1356 2467 1433 Hugone
2491 1355 2703 1415 abbate
2725 1353 3098 1416 Murbacensi
3137 1355 3320 1415 latam
3358 1356 3564 1415 inserit
3600 1364 3662 1418 et

1156 1450 1563 1513 Frankintort.
1685 1452 1997 1514 confirmat
2032 1469 2206 1529 super
2239 1454 2631 1512 controversia
2666 1467 2817 1529 quae
2850 1451 3184 1512 vertebatur
3215 1453 3367 1511 inter
3412 1469 3659 1530 praepo-

1686 1553 1868 1611 situm
1892 1557 1954 1611 et
1985 1550 2314 1626 capitulum
2337 1548 2719 1609 Solodorense
2753 1565 2829 1609 ex
2864 1564 2984 1609 una
3006 1554 3172 1625 parte
3197 1553 3258 1607 et
3290 1550 3451 1609 cives
3484 1548 3655 1609 Solo-

1686 1644 1965 1706 dorcnses
1989 1662 2063 1705 ex
2091 1645 2300 1705 altera.
3540 1653 3650 1705 641

863 1752 934 1807 17
961 1743 1113 1807 tebr.
1274 1737 1456 1815 Apud
1613 1774 1691 1790 -
1730 1745 2002 1804 Testatur
2025 1747 2087 1803 et
2110 1750 2305 1803 ratum
2337 1741 2517 1801 habet
2542 1740 2705 1818 quod
2731 1739 3039 1801 Cunradus
3074 1740 3354 1815 pincerna
3379 1740 3455 1801 de
3480 1742 3657 1803 Win-

1163 1835 1562 1899 Frannntort.
1688 1845 1967 1901 tersteten
1993 1839 2267 1915 episcopo
2291 1838 2702 1915 Ratisponensi
2735 1837 2812 1897 de
2836 1837 3073 1913 praedio
3100 1853 3209 1897 suo
3234 1838 3300 1896 in
3328 1838 3530 1898 Husen
3555 1856 3661 1899 sex

1691 1935 1871 1996 libras
1895 1935 2289 2013 Augustensis
2317 1940 2588 1994 monetae
2628 1935 3040 2011 resignaverit,
3077 1933 3154 1993 de
3188 1949 3369 1994 manu
3409 1936 3660 2011 episcopi

1687 2050 1794 2111 pro
1822 2031 1997 2092 feudo
2022 2030 2402 2107 recipiendas.
3547 2039 3661 2091 642

846 2138 920 2192 15
939 2136 1116 2193 mart.
1167 2126 1284 2203 Ap·
1314 2078 1577 2189 Lutum.
1609 2160 1691 2176 —
1728 2128 2107 2190 ,abbatissam
2150 2134 2211 2187 et
2253 2132 2607 2187 conventum
2647 2127 2925 2187 ecclesiae
2957 2125 3032 2186 de
3065 2125 3376 2204 Kitzingen
3416 2126 3665 2190 diversis

1688 2223 2134 2304 gravaminibus
2166 2238 2478 2300 oppressae
2511 2222 2624 2283 sub
2662 2224 2891 2300 imperii
2927 2228 2989 2282 et
3024 2239 3134 2284 sua
3170 2225 3527 2300 protectione
3566 2242 3662 2285 re-

1687 2324 1852 2399 cipit.
3543 2329 3658 2381 648

848 2425 919 2480 ie
936 2424 1112 2481 mart.
1160 2415 1278 2494 Ap.
1304 2415 1577 2479 Lutram.
1606 2452 1689 2466 —
1726 2419 1824 2480 Ad
1863 2419 2292 2494 querimoniam
2334 2418 2752 2478 canonicorum
2793 2415 3071 2477 ecclesiae
3108 2415 3266 2477 beati
3307 2415 3556 2477 servatii
3598 2421 3662 2479 in

1686 2515 1981 2591 Treiecto,
2009 2530 2087 2573 ex
2112 2515 2402 2573 sententia
2425 2513 2755 2589 principum
2793 2512 3099 2573 denuntiat
3130 2512 3468 2587 episcopum
3507 2515 3661 2574 Leo·

1687 2610 1952 2670 diensem
1999 2609 2226 2669 nullam
2274 2608 2740 2685 jurisdictionem
2785 2606 3004 2666 babere
3029 2607 3094 2666 in
3128 2607 3330 2666 eadem
3380 2609 3623 2669 ecclesia
3639 2653 3659 2686 ,

1685 2722 1841 2785 quae
1869 2722 2029 2766 mere
2054 2710 2116 2765 et
2139 2704 2322 2765 libere
2355 2706 2436 2765 ad
2467 2704 2778 2778 imperium
2804 2702 3213 2763 tantummodo
3237 2704 3529 2780 pertinere
3554 2705 3661 2764 di-

1685 2806 1969 2864 noscitur.
3544 2810 3661 2862 644

837 2895 1116 2984 [martio-J
1166 2900 1283 2977 Ap.
1307 2898 1577 2962 Lutram.
1606 2928 1692 2944 -
1726 2898 1823 2960 Ad
1844 2898 2334 2975 supplicationem
2361 2896 2592 2957 abbatis
2617 2901 2678 2955 et
2702 2899 3024 2955 conventus
3055 2893 3130 2954 de
3156 2893 3503 2974 Otterbnrg‚
3534 2900 3661 2974 pri-

1682 2999 1964 3075 vilegium
1990 2996 2069 3056 ab
2094 2995 2309 3056 ottone
2336 2994 2421 3056 IV
2447 2995 2637 3054 eidem
2662 2994 3016 3053 monasterio
3040 2992 3337 3053 indultum
3363 2997 3567 3055 inserit
3600 3003 3662 3056 et

1686 3094 2028 3165 confirmat,
2065 3093 2342 3169 idemque
2381 3107 2520 3152 cum
2552 3090 2827 3151 omnibus
2866 3091 3048 3151 curiis
3092 3095 3153 3149 et
3194 3093 3662 3167 possessionibus

857 3241 858 3244 ,
1685 3192 1815 3267 ejus
1837 3191 1904 3247 in
1929 3203 2039 3247 sua
2064 3188 2425 3263 protectione
2450 3186 2678 3260 recipit.
3542 3196 3658 3248 646

860 3295 896 3348 5
918 3290 1089 3367 alul.
1244 3285 1471 3362 Spirae.
1605 3317 1685 3334 —-
1723 3287 1812 3346 De
1835 3285 2082 3346 consilio
2117 3284 2453 3360 principum
2494 3282 2760 3343 decernit
2790 3285 2861 3341 ut
2896 3278 3062 3341 Geba
3106 3281 3319 3341 mulier
3361 3281 3436 3342 de
3466 3282 3661 3344 Dure-

1681 3382 1847 3443 keim
1870 3388 1930 3442 et
1954 3396 2161 3441 omnes
2185 3380 2454 3456 ejnsdem
2479 3379 2831 3439 conditionis
2864 3376 3132 3438 homines
3157 3377 3432 3438 Volmaro
3458 3377 3659 3439 abbati

1684 3480 1762 3539 de
1786 3476 2074 3554 Limburg
2114 3482 2176 3536 et
2211 3479 2341 3553 ejus
2377 3475 2809 3537 successoribus
2843 3477 2943 3551 Jus
2981 3475 3142 3552 quod
3184 3474 3403 3535 dicitur
3433 3474 3659 3537 budteil

978 3615 989 3626 ,
1043 3651 1048 3652 γ
1683 3577 1825 3637 dare
1850 3579 2179 3636 teneantur.
3544 3581 3660 3632 648

842 3675 916 3732 26
942 3670 1117 3749 april.
1203 3737 1204 3744 χ
1273 3668 1451 3744 Apud
1606 3704 1688 3720 —
1725 3673 1999 3733 Ministro
2035 3677 2096 3731 et
2137 3669 2477 3731 bominibus
2516 3668 2776 3730 UranIae
2817 3665 3065 3726 mandat
3099 3671 3168 3726 ut
3210 3664 3288 3725 ab
3325 3667 3659 3728 hominibus

1009 3793 1014 3800 ·
1047 3793 1052 3796 ·
1115 3825 1118 3828 .
1180 3764 1543 3845 Ragenowe.
1686 3769 1925 3829 claustri
1950 3767 2027 3827 de
2049 3768 2398 3846 Wettlngen
2422 3766 2648 3826 nullam
2676 3779 2915 3840 prorsus
2939 3764 3303 3823 exactionem
3331 3761 3423 3822 vel
3449 3779 3659 3840 preca-

1684 3867 1835 3925 riam
1861 3866 2186 3941 requirant.
3541 3866 3651 3920 651

847 3964 918 4020 ιο
945 3961 1111 4022 maii.
1169 3987 1174 3990 Δ
1275 3958 1454 4035 Apud
1607 3991 1690 4008 —
1726 3962 1948 4021 Notum
1983 3959 2125 4020 facit
2159 3958 2321 4037 quod
2363 3958 2689 4036 pr1ncipum
2724 3956 2984 4017 dictante
3019 3955 3338 4027 sententia,
3368 3955 3661 4018 Henricus

1165 4055 1563 4133 wimpinam.
1685 4059 2150 4120 wormaciensis
2175 4058 2487 4134 episcopus
2510 4055 2713 4116 villam
2738 4053 3100 4114 Neckerowe
3133 4066 3272 4111 cum
3298 4054 3662 4127 pertinentiis

1687 4153 1973 4232 obtinuit,
1999 4156 2064 4213 in
2100 4157 2274 4231 cujus
2312 4152 2736 4229 possessionem
2778 4148 3052 4209 eumdem
3097 4162 3201 4222 per
3244 4148 3560 4207 scultetum
3588 4148 3661 4208 dc

1685 4251 1869 4311 Lutra
1893 4250 2248 4311 mittendum
2268 4247 2518 4325 judicat.
3546 4254 3661 4305 652

844 4350 908 4406 ii
944 4346 1111 4408 maii.
1172 4345 1538 4423 Wimpinae.
1609 4378 1690 4391 —
1728 4344 2124 4424 Burgensibus
2166 4349 2228 4404 et
2271 4342 2564 4403 universis
2601 4338 2942 4400 consulibus
2984 4344 3047 4398 et
3088 4336 3315 4398 civibus
3363 4337 3663 4399 Goslariae

1685 4444 1929 4503 mandat
1970 4448 2040 4503 ut
2081 4441 2503 4501 monasterium
2539 4437 2612 4497 de
2651 4434 3040 4497 Walkenried
3085 4436 3348 4495 immune
3391 4444 3664 4497 manute-

1687 4541 1869 4598 neant
1900 4553 1938 4597 a
1961 4536 2250 4598 theloneis
2284 4540 2346 4596 et
2384 4532 2788 4595 exactionibus
2813 4546 2967 4609 quae
2998 4530 3075 4591 ab
3108 4534 3250 4608 ipsis
3276 4532 3519 4607 imperio
3555 4532 3662 4591 de-

1687 4633 1924 4709 bentur,
1954 4639 2063 4694 etc.
3546 4637 3660 4690 653
