4500 5956
544 556 744 617 lsnrcr.
778 556 864 631 7.]
1450 546 1843 608 HISTORIA
1893 547 2476 609 mPLOMATch.
3260 540 3382 602 659

654 1126 1064 1230 HenricUS,
1122 1122 1644 1204 Romanorum
1702 1146 1868 1222 rex,
1922 1120 2022 1200 ad
2076 1120 2641 1227 requisitionem
2689 1118 2983 1196 abbatis
3029 1118 3123 1196 de
3173 1118 3379 1222 Cap-
3457 1126 3753 1230 Nussffifg,

560 1262 722 1368 pel,
798 1257 1396 1342 Constantiensis
1460 1256 1868 1358 dioecesi5‚
1930 1252 2356 1332 abbatissae
2412 1254 2507 1332 de
2573 1252 2867 1356 Turcgo
2925 1252 3239 1330 mandat
3295 1260 3379 1330 ut
3519 1236 3693 1286 ilum.

560 1394 802 1474 eidem
842 1392 1100 1472 abbati
1136 1390 1662 1472 molendinum
1718 1388 1920 1492 apud
1960 1386 2394 1492 Bontispuel
2444 1412 2618 1464 cum
2667 1384 3127 1490 quibusdam
3165 1384 3383 1462 terris

564 1526 1078 1634 adjacentibus
1118 1524 1262 1604 sub
1300 1524 1638 1630 quodam
1674 1534 1878 1600 certo
1924 1532 1998 1600 et
2048 1546 2302 1600 annuo
2348 1546 2579 1598 censu
2627 1520 2699 1596 in
2751 1528 3195 1622 perpetuum
3243 1542 3381 1596 re-

564 1658 900 1766 linquere
938 1658 1246 1760 debeat,
1288 1656 1392 1734 ita
1432 1668 1514 1734 ut
1558 1656 1808 1736 omnis
1864 1654 2368 1732 controversia
2416 1652 2609 1730 inter
2659 1650 2964 1730 eosdem
3013 1648 3377 1754 sopiatur.

722 1874 1064 1944 (Memorat.
1100 1878 1158 1930 cl:
1186 1876 1435 1930 extract.
1470 1886 1560 1944 ap.
1596 1870 1814 1928 Marsa
1844 1886 1960 1924 vos
1996 1870 2278 1940 Katomu,
2314 1870 2438 1924 loco
2468 1882 2627 1940 supr.
2661 1868 2853 1940 citat.,
2885 1880 2943 1938 p.
2981 1864 3103 1940 91.)

662 2060 904 2128 Datum
948 2056 1136 2152 apud
1166 2056 1626 2148 Nuremberg,
1674 2056 1728 2124 II
1762 2075 1974 2124 nonas
2008 2054 2224 2144 junii,
2272 2050 2645 2122 indictione
2679 2052 2825 2120 Vll.

678 2687 1088 2789 HenriCUS,
1170 2683 1692 2765 Romanorum
1750 2707 1928 2785 rex,
2008 2681 2551 2761 monasterium
2629 2681 2721 2757 de
2796 2677 3007 2757 Valle
3083 2677 3401 2757 Sanctae
3485 2695 3767 2803 Nussgubdfflffi

3531 2807 3729 2859 isjunu.

586 2821 836 2901 Crucis
882 2819 1178 2901 noviter
1216 2817 1622 2897 fundatum
1666 2813 1810 2895 sub
1860 2841 2000 2895 sua
2048 2813 2352 2921 speciali
2400 2811 2861 2919 protectione
2905 2811 3205 2915 recipit,
3249 2837 3405 2889 una

582 2977 746 3031 cum
784 2951 1072 3033 nuntiis
1110 2975 1250 3057 pro
1288 2947 1858 3031 necessitatibus
1898 2947 2238 3053 ejusdem
2278 2947 2374 3027 ad
2422 2945 2887 3051 colligendas
2933 2943 3405 3051 elemosynas

580 3085 986 3167 mittendis.

736 3299 1064 3377 (Ineditum
1092 3317 1168 3357 cx.
1194 3297 1460 3373 originali
1490 3299 1550 3355 in
1582 3295 1822 3355 archivo
1852 3295 2320 3369 Stuttgartensi.)

674 3489 786 3573 H„
842 3487 966 3557 Dei
1004 3485 1220 3575 gratia
1260 3487 1716 3555 Romanorum
1764 3505 1890 3553 rex
1930 3491 1998 3551 et
2036 3505 2306 3573 semper
2340 3491 2715 3573 augustus,
2759 3483 3097 3551 universis
3137 3485 3403 3575 imperii

582 3609 894 3682 fidelibus
950 3609 1040 3679 ad,
1098 3631 1278 3701 quos
1336 3629 1620 3701 presens
1682 3607 2008 3697 scriptum
2066 3607 2454 3697 pervenerit
2507 3607 2789 3697 gratiam
2847 3629 3043 3675 suan]
3089 3619 3155 3675 et
3203 3627 3405 3677 omne

586 3733 862 3803 bonum.
908 3731 1380 3805 Adtendentes
1408 3731 1624 3823 ipsius
1654 3731 1942 3821 gratiam
1970 3731 2240 3821 pietatis
2272 3731 2338 3797 in
2372 3733 2478 3819 cuj
2495 3755 2571 3799 us
2601 3741 2773 3799 nutu
2807 3733 3023 3821 posita
3055 3741 3215 3799 sunt
3241 3731 3399 3799 uni-

588 3877 806 3944 versa,
852 3877 895 3928 a
930 3876 1074 3949 quo
1101 3856 1296 3948 regni
1328 3855 1604 3926 culmen
1648 3855 2072 3948 recepimus,
2130 3853 2484 3947 cupientes
2518 3853 2615 3923 illi
2645 3853 2887 3924 merito
2927 3855 3351 3947 complacere
3374 3907 3395 3943 ‚

579 3977 749 4051 illud
779 4001 924 4051 non
966 3978 1331 4049 minimum
1372 3998 1739 4049 censemus
1776 3976 1953 4047 inter
1996 3997 2205 4071 opera
2238 3976 2540 4048 caritatis
2573 3974 2936 4068 religiones
2977 3977 3290 4070 plantare
3334 3988 3404 4050 et

576 4102 914 4195 plantatas
959 4102 1031 4173 in
1082 4123 1211 4174 suo
1257 4102 1413 4193 jure
1458 4101 1824 4174 salubriter
1865 4103 2253 4174 confovere.
2307 4100 2484 4172 Hinc
2528 4110 2633 4174 est
2668 4102 2858 4196 quod
2893 4123 3018 4176 nos
3054 4104 3402 4177 novellam

573 4226 1068 4319 plantationem
1100 4249 1311 4322 quam
1337 4226 1626 4299 dextera
1653 4227 1993 4322 plant-avit
2009 4226 2343 4297 Altissimi
2382 4225 2474 4298 de
2507 4225 2698 4299 Valle
2726 4229 2972 4299 Sancte
2995 4228 3230 4301 Crucis
3260 4228 3315 4322 (4
3334 4231 3396 4325 ),

572 4348 838 4421 ordinis
875 4351 1376 4442 Cisterciensi8‚
1419 4350 1802 4425 serenitatis
1830 4353 2030 4424 oculo
2063 4350 2557 4446 prospicientes
2576 4405 2594 4440 ,
2633 4351 2725 4424 ad
2750 4353 3149 4448 petitionem
3178 4353 3407 4428 dilec-

569 4542 728 4555 ,ιι-ο

1017 4546 1184 4554 --ι--ο-

1537 4546 1729 4557 ..ι-ι*

1926 4547 2084 4554 ...ο-ι’
2091 4547 2300 4556 ,οη-*ᾳ-

647 4654 728 4728 (4)
769 4657 973 4715 Scilicet
995 4658 1488 4732 Heiliqkrcuzthal‚
1509 4661 1663 4735 juxta
1692 4658 2021 4732 Riedlingen.
