<?xml version="1.0" encoding="UTF-8"?>
<!DOCTYPE html PUBLIC "-//W3C//DTD XHTML 1.0 Transitional//EN"
    "http://www.w3.org/TR/xhtml1/DTD/xhtml1-transitional.dtd">
<html xmlns="http://www.w3.org/1999/xhtml" xml:lang="en" lang="en">
 <head>
  <title>
</title>
<meta http-equiv="Content-Type" content="text/html;charset=utf-8" />
  <meta name='ocr-system' content='tesseract 3.04.00' />
  <meta name='ocr-capabilities' content='ocr_page ocr_carea ocr_par ocr_line ocrx_word'/>
</head>
<body>
  <div class='ocr_page' id='page_1' title='image "./historiadiploma00empegoog_0270.png"; bbox 0 0 4500 5956; ppageno 0'>
   <div class='ocr_carea' id='block_1_1' title="bbox 60 1787 80 1916">
    <p class='ocr_par' dir='ltr' id='par_1_1' title="bbox 60 1787 80 1916">
     <span class='ocr_line' id='line_1_1' title="bbox 60 1787 80 1916; textangle 90"><span class='ocrx_word' id='word_1_1' title='bbox 60 1787 80 1916; x_wconf 38' lang='lat' dir='ltr'><strong>*a*</strong></span> 
     </span>
    </p>
   </div>
   <div class='ocr_carea' id='block_1_2' title="bbox 28 2525 74 2794">
    <p class='ocr_par' dir='ltr' id='par_1_2' title="bbox 28 2525 74 2794">
     <span class='ocr_line' id='line_1_2' title="bbox 28 2643 43 2654; textangle 90"><span class='ocrx_word' id='word_1_2' title='bbox 28 2643 43 2654; x_wconf 74' lang='grc' dir='ltr'>Ι</span> 
     </span>
     <span class='ocr_line' id='line_1_3' title="bbox 60 2525 74 2794; textangle 90"><span class='ocrx_word' id='word_1_3' title='bbox 62 2767 74 2794; x_wconf 67' lang='grc' dir='ltr'><strong>Δ-</strong></span> <span class='ocrx_word' id='word_1_4' title='bbox 68 2661 71 2720; x_wconf 85' lang='grc'><strong>-</strong></span> <span class='ocrx_word' id='word_1_5' title='bbox 60 2525 72 2622; x_wconf 59' lang='grc' dir='ltr'><strong>-ι-Ψ</strong></span> 
     </span>
    </p>
   </div>
   <div class='ocr_carea' id='block_1_3' title="bbox 1171 646 3985 731">
    <p class='ocr_par' dir='ltr' id='par_1_3' title="bbox 1171 646 3985 731">
     <span class='ocr_line' id='line_1_4' title="bbox 1171 646 3985 731; baseline 0.002 -20"><span class='ocrx_word' id='word_1_6' title='bbox 1171 650 1296 711; x_wconf 81' lang='grc'><strong>812</strong></span> <span class='ocrx_word' id='word_1_7' title='bbox 2167 647 2593 712; x_wconf 65' lang='lat' dir='ltr'><strong>munemel</strong></span> <span class='ocrx_word' id='word_1_8' title='bbox 2641 646 2993 709; x_wconf 78' lang='lat' dir='ltr'><strong>sEcuNm</strong></span> <span class='ocrx_word' id='word_1_9' title='bbox 3608 652 3769 731; x_wconf 69' lang='lat' dir='ltr'><strong>[Arm.</strong></span> <span class='ocrx_word' id='word_1_10' title='bbox 3806 654 3985 718; x_wconf 75' lang='lat'><strong>1236.</strong></span> 
     </span>
    </p>
   </div>
   <div class='ocr_carea' id='block_1_4' title="bbox 1126 779 3990 4823">
    <p class='ocr_par' dir='ltr' id='par_1_4' title="bbox 1126 779 3990 4823">
     <span class='ocr_line' id='line_1_5' title="bbox 1176 779 3980 882; baseline 0.002 -27"><span class='ocrx_word' id='word_1_11' title='bbox 1176 783 1453 856; x_wconf 84' lang='lat' dir='ltr'><strong>firmum</strong></span> <span class='ocrx_word' id='word_1_12' title='bbox 1485 782 1727 880; x_wconf 81' lang='lat' dir='ltr'>prebet</span> <span class='ocrx_word' id='word_1_13' title='bbox 1757 785 2219 858; x_wconf 89' lang='lat' dir='ltr'><strong>testimonium</strong></span> <span class='ocrx_word' id='word_1_14' title='bbox 2254 784 2522 860; x_wconf 89' lang='lat' dir='ltr'><strong>veritati</strong></span> <span class='ocrx_word' id='word_1_15' title='bbox 2559 781 2653 856; x_wconf 91' lang='lat' dir='ltr'><strong>ad</strong></span> <span class='ocrx_word' id='word_1_16' title='bbox 2688 782 3078 877; x_wconf 85' lang='lat' dir='ltr'>opinionem</span> <span class='ocrx_word' id='word_1_17' title='bbox 3111 779 3462 875; x_wconf 77' lang='lat' dir='ltr'><strong>distantia,</strong></span> <span class='ocrx_word' id='word_1_18' title='bbox 3503 806 3643 858; x_wconf 88' lang='lat' dir='ltr'><strong>non</strong></span> <span class='ocrx_word' id='word_1_19' title='bbox 3680 788 3980 882; x_wconf 88' lang='lat' dir='ltr'><strong>ignoras.</strong></span> 
     </span>
     <span class='ocr_line' id='line_1_6' title="bbox 1172 905 3990 1008; baseline 0.003 -29"><span class='ocrx_word' id='word_1_20' title='bbox 1172 909 1348 979; x_wconf 89' lang='lat' dir='ltr'><strong>Nam</strong></span> <span class='ocrx_word' id='word_1_21' title='bbox 1391 929 1552 980; x_wconf 91' lang='lat' dir='ltr'><strong>ecce</strong></span> <span class='ocrx_word' id='word_1_22' title='bbox 1594 907 1666 979; x_wconf 90' lang='lat' dir='ltr'><strong>in</strong></span> <span class='ocrx_word' id='word_1_23' title='bbox 1714 929 1927 1002; x_wconf 91' lang='lat' dir='ltr'><strong>regno</strong></span> <span class='ocrx_word' id='word_1_24' title='bbox 1971 909 2283 1004; x_wconf 89' lang='lat' dir='ltr'><strong>predicto</strong></span> <span class='ocrx_word' id='word_1_25' title='bbox 2325 930 2449 1004; x_wconf 91' lang='lat' dir='ltr'><strong>per</strong></span> <span class='ocrx_word' id='word_1_26' title='bbox 2496 906 2840 979; x_wconf 86' lang='lat' dir='ltr'><strong>ministros</strong></span> <span class='ocrx_word' id='word_1_27' title='bbox 2883 905 3270 1000; x_wconf 80' lang='lat' dir='ltr'>imperiales</span> <span class='ocrx_word' id='word_1_28' title='bbox 3317 906 3575 981; x_wconf 90' lang='lat' dir='ltr'><strong>nudate</strong></span> <span class='ocrx_word' id='word_1_29' title='bbox 3621 912 3990 1008; x_wconf 85' lang='lat' dir='ltr'><strong>privilegio</strong></span> 
     </span>
     <span class='ocr_line' id='line_1_7' title="bbox 1173 1030 3987 1129; baseline 0.001 -25"><span class='ocrx_word' id='word_1_30' title='bbox 1173 1031 1503 1104; x_wconf 78' lang='lat' dir='ltr'><strong>libertatis</strong></span> <span class='ocrx_word' id='word_1_31' title='bbox 1528 1031 1814 1105; x_wconf 88' lang='lat' dir='ltr'><strong>ecclesie</strong></span> <span class='ocrx_word' id='word_1_32' title='bbox 1843 1031 2041 1104; x_wconf 90' lang='lat' dir='ltr'><strong>bonis</strong></span> <span class='ocrx_word' id='word_1_33' title='bbox 2075 1034 2290 1105; x_wconf 90' lang='lat' dir='ltr'><strong>sacris</strong></span> <span class='ocrx_word' id='word_1_34' title='bbox 2320 1031 2664 1128; x_wconf 87' lang='lat' dir='ltr'><strong>deputatis</strong></span> <span class='ocrx_word' id='word_1_35' title='bbox 2690 1030 2933 1103; x_wconf 89' lang='lat' dir='ltr'><strong>usibus</strong></span> <span class='ocrx_word' id='word_1_36' title='bbox 2958 1030 3246 1125; x_wconf 86' lang='lat' dir='ltr'><strong>spoliate</strong></span> <span class='ocrx_word' id='word_1_37' title='bbox 3266 1031 3458 1124; x_wconf 86' lang='lat' dir='ltr'><strong>flent,</strong></span> <span class='ocrx_word' id='word_1_38' title='bbox 3482 1032 3648 1126; x_wconf 89' lang='lat' dir='ltr'><strong>quia</strong></span> <span class='ocrx_word' id='word_1_39' title='bbox 3677 1033 3987 1129; x_wconf 90' lang='lat' dir='ltr'><strong>ipsarum</strong></span> 
     </span>
     <span class='ocr_line' id='line_1_8' title="bbox 1168 1153 3985 1253; baseline 0.001 -25"><span class='ocrx_word' id='word_1_40' title='bbox 1168 1164 1480 1252; x_wconf 89' lang='lat' dir='ltr'><strong>pastores</strong></span> <span class='ocrx_word' id='word_1_41' title='bbox 1510 1156 1713 1229; x_wconf 91' lang='lat' dir='ltr'><strong>etiam</strong></span> <span class='ocrx_word' id='word_1_42' title='bbox 1749 1163 1819 1229; x_wconf 92' lang='lat' dir='ltr'><strong>et</strong></span> <span class='ocrx_word' id='word_1_43' title='bbox 1862 1156 2153 1229; x_wconf 89' lang='lat' dir='ltr'><strong>ministri</strong></span> <span class='ocrx_word' id='word_1_44' title='bbox 2195 1167 2424 1253; x_wconf 88' lang='lat' dir='ltr'><strong>patres</strong></span> <span class='ocrx_word' id='word_1_45' title='bbox 2456 1166 2524 1229; x_wconf 93' lang='lat' dir='ltr'><strong>et</strong></span> <span class='ocrx_word' id='word_1_46' title='bbox 2558 1154 2679 1227; x_wconf 82' lang='lat' dir='ltr'><strong>filii</strong></span> <span class='ocrx_word' id='word_1_47' title='bbox 2730 1153 3018 1226; x_wconf 80' lang='lat' dir='ltr'><strong>exulare</strong></span> <span class='ocrx_word' id='word_1_48' title='bbox 3053 1161 3414 1247; x_wconf 87' lang='lat' dir='ltr'><strong>coguntur,</strong></span> <span class='ocrx_word' id='word_1_49' title='bbox 3462 1156 3720 1229; x_wconf 90' lang='lat' dir='ltr'><strong>carceri</strong></span> <span class='ocrx_word' id='word_1_50' title='bbox 3768 1180 3985 1231; x_wconf 90' lang='lat' dir='ltr'><strong>man-</strong></span> 
     </span>
     <span class='ocr_line' id='line_1_9' title="bbox 1164 1276 3986 1373; baseline 0.001 -23"><span class='ocrx_word' id='word_1_51' title='bbox 1164 1279 1506 1373; x_wconf 86' lang='lat' dir='ltr'><strong>cipantur,</strong></span> <span class='ocrx_word' id='word_1_52' title='bbox 1545 1287 1615 1351; x_wconf 92' lang='lat' dir='ltr'><strong>et</strong></span> <span class='ocrx_word' id='word_1_53' title='bbox 1645 1279 1789 1351; x_wconf 87' lang='lat' dir='ltr'><strong>foro</strong></span> <span class='ocrx_word' id='word_1_54' title='bbox 1820 1279 2281 1352; x_wconf 90' lang='lat' dir='ltr'><strong>ecclesiastico</strong></span> <span class='ocrx_word' id='word_1_55' title='bbox 2318 1278 2670 1369; x_wconf 89' lang='lat' dir='ltr'><strong>derelict0‚</strong></span> <span class='ocrx_word' id='word_1_56' title='bbox 2708 1277 2779 1348; x_wconf 92' lang='lat' dir='ltr'><strong>in</strong></span> <span class='ocrx_word' id='word_1_57' title='bbox 2811 1276 3134 1350; x_wconf 83' lang='lat' dir='ltr'><strong>examine</strong></span> <span class='ocrx_word' id='word_1_58' title='bbox 3168 1277 3383 1349; x_wconf 85' lang='lat' dir='ltr'><strong>vetito</strong></span> <span class='ocrx_word' id='word_1_59' title='bbox 3421 1278 3720 1352; x_wconf 82' lang='lat' dir='ltr'><strong>actiones</strong></span> <span class='ocrx_word' id='word_1_60' title='bbox 3753 1283 3986 1354; x_wconf 90' lang='lat' dir='ltr'><strong>susci-</strong></span> 
     </span>
     <span class='ocr_line' id='line_1_10' title="bbox 1160 1399 3981 1498; baseline 0.001 -24"><span class='ocrx_word' id='word_1_61' title='bbox 1160 1422 1367 1497; x_wconf 86' lang='lat' dir='ltr'><strong>pere,</strong></span> <span class='ocrx_word' id='word_1_62' title='bbox 1408 1401 1626 1474; x_wconf 82' lang='lat' dir='ltr'><strong>tallias</strong></span> <span class='ocrx_word' id='word_1_63' title='bbox 1664 1401 1934 1474; x_wconf 89' lang='lat' dir='ltr'><strong>solvere</strong></span> <span class='ocrx_word' id='word_1_64' title='bbox 1969 1413 2038 1474; x_wconf 83' lang='lat' dir='ltr'><strong>et</strong></span> <span class='ocrx_word' id='word_1_65' title='bbox 2082 1402 2268 1476; x_wconf 92' lang='lat' dir='ltr'><strong>bona</strong></span> <span class='ocrx_word' id='word_1_66' title='bbox 2309 1402 2818 1498; x_wconf 90' lang='lat' dir='ltr'><strong>compelluntur</strong></span> <span class='ocrx_word' id='word_1_67' title='bbox 2864 1399 3326 1473; x_wconf 91' lang='lat' dir='ltr'><strong>ecclesiastica</strong></span> <span class='ocrx_word' id='word_1_68' title='bbox 3371 1409 3448 1471; x_wconf 91' lang='lat' dir='ltr'><strong>ut</strong></span> <span class='ocrx_word' id='word_1_69' title='bbox 3478 1422 3552 1474; x_wconf 90' lang='lat' dir='ltr'><strong>se</strong></span> <span class='ocrx_word' id='word_1_70' title='bbox 3587 1423 3630 1474; x_wconf 87' lang='lat' dir='ltr'><strong>a</strong></span> <span class='ocrx_word' id='word_1_71' title='bbox 3665 1406 3981 1477; x_wconf 88' lang='lat' dir='ltr'><strong>vexatio·</strong></span> 
     </span>
     <span class='ocr_line' id='line_1_11' title="bbox 1161 1523 3981 1620; baseline 0.001 -23"><span class='ocrx_word' id='word_1_72' title='bbox 1161 1526 1369 1597; x_wconf 90' lang='lat' dir='ltr'><strong>nibus</strong></span> <span class='ocrx_word' id='word_1_73' title='bbox 1404 1525 1789 1608; x_wconf 87' lang='lat' dir='ltr'><strong>redimant,</strong></span> <span class='ocrx_word' id='word_1_74' title='bbox 1827 1525 2236 1615; x_wconf 80' lang='lat' dir='ltr'><strong>exhaurire3</strong></span> <span class='ocrx_word' id='word_1_75' title='bbox 2280 1534 2349 1599; x_wconf 92' lang='lat' dir='ltr'><strong>et</strong></span> <span class='ocrx_word' id='word_1_76' title='bbox 2396 1526 2455 1598; x_wconf 92' lang='lat' dir='ltr'><strong>si</strong></span> <span class='ocrx_word' id='word_1_77' title='bbox 2504 1524 2789 1620; x_wconf 89' lang='lat' dir='ltr'><strong>quando</strong></span> <span class='ocrx_word' id='word_1_78' title='bbox 2842 1545 2959 1597; x_wconf 91' lang='lat' dir='ltr'><strong>eas</strong></span> <span class='ocrx_word' id='word_1_79' title='bbox 3008 1523 3359 1616; x_wconf 87' lang='lat' dir='ltr'><strong>contingat</strong></span> <span class='ocrx_word' id='word_1_80' title='bbox 3395 1526 3687 1620; x_wconf 89' lang='lat' dir='ltr'><strong>pastoris</strong></span> <span class='ocrx_word' id='word_1_81' title='bbox 3737 1528 3981 1601; x_wconf 88' lang='lat' dir='ltr'><strong>solatio</strong></span> 
     </span>
     <span class='ocr_line' id='line_1_12' title="bbox 1154 1644 3978 1745; baseline 0.002 -27"><span class='ocrx_word' id='word_1_82' title='bbox 1154 1648 1467 1739; x_wconf 76' lang='lat' dir='ltr'><strong>viduari,</strong></span> <span class='ocrx_word' id='word_1_83' title='bbox 1510 1668 1645 1719; x_wconf 92' lang='lat' dir='ltr'><strong>non</strong></span> <span class='ocrx_word' id='word_1_84' title='bbox 1684 1649 2170 1743; x_wconf 88' lang='lat' dir='ltr'><strong>permittuntur</strong></span> <span class='ocrx_word' id='word_1_85' title='bbox 2205 1650 2334 1721; x_wconf 89' lang='lat' dir='ltr'><strong>sibi</strong></span> <span class='ocrx_word' id='word_1_86' title='bbox 2381 1671 2710 1745; x_wconf 89' lang='lat' dir='ltr'><strong>sponsum</strong></span> <span class='ocrx_word' id='word_1_87' title='bbox 2755 1648 3008 1742; x_wconf 79' lang='lat' dir='ltr'><strong>eligere</strong></span> <span class='ocrx_word' id='word_1_88' title='bbox 3056 1657 3126 1720; x_wconf 89' lang='lat' dir='ltr'><strong>et</strong></span> <span class='ocrx_word' id='word_1_89' title='bbox 3159 1644 3520 1719; x_wconf 85' lang='lat' dir='ltr'><strong>viduitatis</strong></span> <span class='ocrx_word' id='word_1_90' title='bbox 3571 1650 3978 1724; x_wconf 82' lang='lat' dir='ltr'><strong>vestimenta</strong></span> 
     </span>
     <span class='ocr_line' id='line_1_13' title="bbox 1156 1770 3976 1870; baseline -0 -22"><span class='ocrx_word' id='word_1_91' title='bbox 1156 1774 1542 1870; x_wconf 86' lang='lat' dir='ltr'><strong>deponere,</strong></span> <span class='ocrx_word' id='word_1_92' title='bbox 1583 1770 1805 1844; x_wconf 91' lang='lat' dir='ltr'><strong>donec</strong></span> <span class='ocrx_word' id='word_1_93' title='bbox 1838 1772 2243 1847; x_wconf 88' lang='lat' dir='ltr'><strong>adulterinis</strong></span> <span class='ocrx_word' id='word_1_94' title='bbox 2280 1774 2572 1867; x_wconf 90' lang='lat' dir='ltr'><strong>alicujus</strong></span> <span class='ocrx_word' id='word_1_95' title='bbox 2618 1772 3059 1866; x_wconf 81' lang='lat' dir='ltr'><strong>amplexibus</strong></span> <span class='ocrx_word' id='word_1_96' title='bbox 3097 1770 3218 1865; x_wconf 90' lang='lat' dir='ltr'><strong>qui</strong></span> <span class='ocrx_word' id='word_1_97' title='bbox 3257 1791 3393 1843; x_wconf 91' lang='lat' dir='ltr'><strong>non</strong></span> <span class='ocrx_word' id='word_1_98' title='bbox 3439 1772 3808 1864; x_wconf 89' lang='lat' dir='ltr'><strong>canonice,</strong></span> <span class='ocrx_word' id='word_1_99' title='bbox 3849 1773 3976 1847; x_wconf 87' lang='lat' dir='ltr'><strong>sed</strong></span> 
     </span>
     <span class='ocr_line' id='line_1_14' title="bbox 1155 1894 3966 1992; baseline -0.001 -24"><span class='ocrx_word' id='word_1_100' title='bbox 1155 1917 1281 1992; x_wconf 91' lang='lat' dir='ltr'><strong>per</strong></span> <span class='ocrx_word' id='word_1_101' title='bbox 1330 1894 1850 1990; x_wconf 90' lang='lat' dir='ltr'><strong>impressionem</strong></span> <span class='ocrx_word' id='word_1_102' title='bbox 1895 1897 2152 1969; x_wconf 88' lang='lat' dir='ltr'><strong>electus</strong></span> <span class='ocrx_word' id='word_1_103' title='bbox 2203 1907 2323 1970; x_wconf 88' lang='lat' dir='ltr'><strong>aut</strong></span> <span class='ocrx_word' id='word_1_104' title='bbox 2372 1897 2539 1969; x_wconf 88' lang='lat' dir='ltr'><strong>alias</strong></span> <span class='ocrx_word' id='word_1_105' title='bbox 2588 1897 2896 1968; x_wconf 83' lang='lat' dir='ltr'><strong>intrusus</strong></span> <span class='ocrx_word' id='word_1_106' title='bbox 2945 1894 3182 1982; x_wconf 78' lang='lat' dir='ltr'><strong>ruerit,</strong></span> <span class='ocrx_word' id='word_1_107' title='bbox 3232 1894 3582 1967; x_wconf 80' lang='lat' dir='ltr'><strong>extiterint</strong></span> <span class='ocrx_word' id='word_1_108' title='bbox 3628 1896 3966 1990; x_wconf 89' lang='lat' dir='ltr'><strong>copulate.</strong></span> 
     </span>
     <span class='ocr_line' id='line_1_15' title="bbox 1150 2017 3975 2117; baseline -0 -24"><span class='ocrx_word' id='word_1_109' title='bbox 1150 2021 1332 2094; x_wconf 87' lang='lat' dir='ltr'><strong>Ecce</strong></span> <span class='ocrx_word' id='word_1_110' title='bbox 1372 2019 1469 2091; x_wconf 91' lang='lat' dir='ltr'><strong>ibi</strong></span> <span class='ocrx_word' id='word_1_111' title='bbox 1504 2019 1836 2092; x_wconf 89' lang='lat' dir='ltr'><strong>catholica</strong></span> <span class='ocrx_word' id='word_1_112' title='bbox 1887 2019 2066 2093; x_wconf 88' lang='lat' dir='ltr'><strong>fides</strong></span> <span class='ocrx_word' id='word_1_113' title='bbox 2115 2021 2333 2117; x_wconf 90' lang='lat' dir='ltr'><strong>perit,</strong></span> <span class='ocrx_word' id='word_1_114' title='bbox 2391 2042 2484 2093; x_wconf 90' lang='lat' dir='ltr'><strong>ex</strong></span> <span class='ocrx_word' id='word_1_115' title='bbox 2533 2041 2616 2093; x_wconf 94' lang='lat' dir='ltr'><strong>eo</strong></span> <span class='ocrx_word' id='word_1_116' title='bbox 2660 2018 2920 2093; x_wconf 88' lang='lat' dir='ltr'><strong>heresis</strong></span> <span class='ocrx_word' id='word_1_117' title='bbox 2957 2017 3127 2089; x_wconf 92' lang='lat' dir='ltr'><strong>inibi</strong></span> <span class='ocrx_word' id='word_1_118' title='bbox 3174 2017 3498 2112; x_wconf 86' lang='lat' dir='ltr'><strong>precipue</strong></span> <span class='ocrx_word' id='word_1_119' title='bbox 3546 2017 3730 2090; x_wconf 88' lang='lat' dir='ltr'><strong>vires</strong></span> <span class='ocrx_word' id='word_1_120' title='bbox 3764 2019 3975 2092; x_wconf 85' lang='lat' dir='ltr'><strong>sumit</strong></span> 
     </span>
     <span class='ocr_line' id='line_1_16' title="bbox 1150 2140 3972 2238; baseline 0 -24"><span class='ocrx_word' id='word_1_121' title='bbox 1150 2142 1344 2237; x_wconf 90' lang='lat' dir='ltr'><strong>quod</strong></span> <span class='ocrx_word' id='word_1_122' title='bbox 1377 2142 1449 2214; x_wconf 93' lang='lat' dir='ltr'><strong>in</strong></span> <span class='ocrx_word' id='word_1_123' title='bbox 1492 2143 1816 2215; x_wconf 90' lang='lat' dir='ltr'><strong>ecclesias</strong></span> <span class='ocrx_word' id='word_1_124' title='bbox 1860 2151 1929 2216; x_wconf 92' lang='lat' dir='ltr'><strong>et</strong></span> <span class='ocrx_word' id='word_1_125' title='bbox 1976 2164 2305 2238; x_wconf 83' lang='lat' dir='ltr'><strong>personas</strong></span> <span class='ocrx_word' id='word_1_126' title='bbox 2353 2143 2852 2216; x_wconf 88' lang='lat' dir='ltr'><strong>ecclesiasticas</strong></span> <span class='ocrx_word' id='word_1_127' title='bbox 2900 2140 3298 2215; x_wconf 88' lang='lat' dir='ltr'><strong>officialium</strong></span> <span class='ocrx_word' id='word_1_128' title='bbox 3352 2142 3793 2236; x_wconf 87' lang='lat' dir='ltr'><strong>oppressione</strong></span> <span class='ocrx_word' id='word_1_129' title='bbox 3843 2163 3972 2216; x_wconf 91' lang='lat' dir='ltr'><strong>se-</strong></span> 
     </span>
     <span class='ocr_line' id='line_1_17' title="bbox 1150 2263 3972 2361; baseline 0.001 -25"><span class='ocrx_word' id='word_1_130' title='bbox 1150 2267 1410 2358; x_wconf 80' lang='lat' dir='ltr'><strong>viente,</strong></span> <span class='ocrx_word' id='word_1_131' title='bbox 1463 2266 1703 2338; x_wconf 91' lang='lat' dir='ltr'><strong>eedem</strong></span> <span class='ocrx_word' id='word_1_132' title='bbox 1759 2265 2246 2361; x_wconf 86' lang='lat' dir='ltr'><strong>predicationis</strong></span> <span class='ocrx_word' id='word_1_133' title='bbox 2285 2288 2378 2339; x_wconf 90' lang='lat' dir='ltr'><strong>ex</strong></span> <span class='ocrx_word' id='word_1_134' title='bbox 2413 2289 2551 2360; x_wconf 88' lang='lat' dir='ltr'><strong>qua</strong></span> <span class='ocrx_word' id='word_1_135' title='bbox 2587 2267 2893 2338; x_wconf 87' lang='lat' dir='ltr'><strong>maxime</strong></span> <span class='ocrx_word' id='word_1_136' title='bbox 2942 2264 3379 2338; x_wconf 84' lang='lat' dir='ltr'><strong>confutantur</strong></span> <span class='ocrx_word' id='word_1_137' title='bbox 3413 2263 3693 2337; x_wconf 90' lang='lat' dir='ltr'><strong>heretici</strong></span> <span class='ocrx_word' id='word_1_138' title='bbox 3741 2272 3812 2337; x_wconf 92' lang='lat' dir='ltr'><strong>et</strong></span> <span class='ocrx_word' id='word_1_139' title='bbox 3845 2286 3972 2338; x_wconf 89' lang='lat' dir='ltr'><strong>ca-</strong></span> 
     </span>
     <span class='ocr_line' id='line_1_18' title="bbox 1149 2387 3967 2486; baseline 0.001 -26"><span class='ocrx_word' id='word_1_140' title='bbox 1149 2389 1381 2462; x_wconf 83' lang='lat' dir='ltr'><strong>tholici</strong></span> <span class='ocrx_word' id='word_1_141' title='bbox 1420 2389 1852 2480; x_wconf 87' lang='lat' dir='ltr'><strong>roborantur,</strong></span> <span class='ocrx_word' id='word_1_142' title='bbox 1894 2411 2219 2463; x_wconf 88' lang='lat' dir='ltr'><strong>exercere</strong></span> <span class='ocrx_word' id='word_1_143' title='bbox 2254 2413 2389 2463; x_wconf 91' lang='lat' dir='ltr'><strong>non</strong></span> <span class='ocrx_word' id='word_1_144' title='bbox 2426 2399 2715 2486; x_wconf 90' lang='lat' dir='ltr'><strong>possunt</strong></span> <span class='ocrx_word' id='word_1_145' title='bbox 2744 2388 3081 2476; x_wconf 84' lang='lat' dir='ltr'><strong>officium,</strong></span> <span class='ocrx_word' id='word_1_146' title='bbox 3119 2387 3285 2481; x_wconf 90' lang='lat' dir='ltr'><strong>quia</strong></span> <span class='ocrx_word' id='word_1_147' title='bbox 3318 2388 3706 2461; x_wconf 88' lang='lat' dir='ltr'><strong>necessario</strong></span> <span class='ocrx_word' id='word_1_148' title='bbox 3742 2397 3967 2462; x_wconf 88' lang='lat' dir='ltr'><strong>cetera</strong></span> 
     </span>
     <span class='ocr_line' id='line_1_19' title="bbox 1144 2511 3966 2610; baseline -0 -24"><span class='ocrx_word' id='word_1_149' title='bbox 1144 2536 1306 2610; x_wconf 90' lang='lat' dir='ltr'><strong>pars</strong></span> <span class='ocrx_word' id='word_1_150' title='bbox 1341 2512 1595 2587; x_wconf 86' lang='lat' dir='ltr'><strong>edificii</strong></span> <span class='ocrx_word' id='word_1_151' title='bbox 1635 2515 1889 2586; x_wconf 91' lang='lat' dir='ltr'><strong>corruit</strong></span> <span class='ocrx_word' id='word_1_152' title='bbox 1925 2516 2126 2607; x_wconf 89' lang='lat' dir='ltr'><strong>cujus</strong></span> <span class='ocrx_word' id='word_1_153' title='bbox 2170 2514 2556 2587; x_wconf 88' lang='lat' dir='ltr'><strong>concutitur</strong></span> <span class='ocrx_word' id='word_1_154' title='bbox 2590 2513 3140 2586; x_wconf 84' lang='lat' dir='ltr'><strong>fundamentum.</strong></span> <span class='ocrx_word' id='word_1_155' title='bbox 3187 2513 3367 2584; x_wconf 89' lang='lat' dir='ltr'><strong>Ecce</strong></span> <span class='ocrx_word' id='word_1_156' title='bbox 3409 2511 3500 2586; x_wconf 91' lang='lat' dir='ltr'><strong>de</strong></span> <span class='ocrx_word' id='word_1_157' title='bbox 3545 2513 3748 2585; x_wconf 90' lang='lat' dir='ltr'><strong>ruina</strong></span> <span class='ocrx_word' id='word_1_158' title='bbox 3793 2513 3966 2585; x_wconf 85' lang='lat' dir='ltr'><strong>Hie-</strong></span> 
     </span>
     <span class='ocr_line' id='line_1_20' title="bbox 1136 2635 3965 2734; baseline -0.001 -25"><span class='ocrx_word' id='word_1_159' title='bbox 1136 2639 1439 2711; x_wconf 89' lang='lat' dir='ltr'><strong>rusalem</strong></span> <span class='ocrx_word' id='word_1_160' title='bbox 1493 2639 1864 2734; x_wconf 80' lang='lat' dir='ltr'><strong>Babylonis</strong></span> <span class='ocrx_word' id='word_1_161' title='bbox 1920 2639 2186 2726; x_wconf 89' lang='lat' dir='ltr'><strong>menia,</strong></span> <span class='ocrx_word' id='word_1_162' title='bbox 2235 2639 2327 2711; x_wconf 92' lang='lat' dir='ltr'><strong>de</strong></span> <span class='ocrx_word' id='word_1_163' title='bbox 2373 2659 2621 2710; x_wconf 88' lang='lat' dir='ltr'><strong>acervo</strong></span> <span class='ocrx_word' id='word_1_164' title='bbox 2675 2637 2983 2731; x_wconf 89' lang='lat' dir='ltr'><strong>lapidum</strong></span> <span class='ocrx_word' id='word_1_165' title='bbox 3030 2636 3190 2709; x_wconf 91' lang='lat' dir='ltr'><strong>Sion</strong></span> <span class='ocrx_word' id='word_1_166' title='bbox 3227 2635 3702 2727; x_wconf 86' lang='lat' dir='ltr'><strong>Agarenorum</strong></span> <span class='ocrx_word' id='word_1_167' title='bbox 3750 2658 3965 2730; x_wconf 85' lang='lat' dir='ltr'><strong>gym-</strong></span> 
     </span>
     <span class='ocr_line' id='line_1_21' title="bbox 1139 2758 3963 2857; baseline -0 -25"><span class='ocrx_word' id='word_1_168' title='bbox 1139 2762 1332 2834; x_wconf 89' lang='lat' dir='ltr'><strong>nasia</strong></span> <span class='ocrx_word' id='word_1_169' title='bbox 1375 2771 1887 2854; x_wconf 88' lang='lat' dir='ltr'><strong>construuntur,</strong></span> <span class='ocrx_word' id='word_1_170' title='bbox 1932 2774 2001 2834; x_wconf 91' lang='lat' dir='ltr'><strong>et</strong></span> <span class='ocrx_word' id='word_1_171' title='bbox 2039 2760 2315 2835; x_wconf 87' lang='lat' dir='ltr'><strong>edificia</strong></span> <span class='ocrx_word' id='word_1_172' title='bbox 2359 2761 2432 2833; x_wconf 89' lang='lat' dir='ltr'><strong>in</strong></span> <span class='ocrx_word' id='word_1_173' title='bbox 2468 2761 2725 2857; x_wconf 87' lang='lat' dir='ltr'><strong>quibus</strong></span> <span class='ocrx_word' id='word_1_174' title='bbox 2759 2759 3077 2834; x_wconf 89' lang='lat' dir='ltr'><strong>divinum</strong></span> <span class='ocrx_word' id='word_1_175' title='bbox 3110 2780 3362 2832; x_wconf 91' lang='lat' dir='ltr'><strong>nomen</strong></span> <span class='ocrx_word' id='word_1_176' title='bbox 3398 2758 3760 2848; x_wconf 89' lang='lat' dir='ltr'><strong>excolitur,</strong></span> <span class='ocrx_word' id='word_1_177' title='bbox 3801 2759 3963 2831; x_wconf 92' lang='lat' dir='ltr'><strong>illuc</strong></span> 
     </span>
     <span class='ocr_line' id='line_1_22' title="bbox 1141 2881 3960 2981; baseline 0 -27"><span class='ocrx_word' id='word_1_178' title='bbox 1141 2884 1436 2976; x_wconf 89' lang='lat' dir='ltr'><strong>migrare</strong></span> <span class='ocrx_word' id='word_1_179' title='bbox 1489 2894 1831 2977; x_wconf 84' lang='lat' dir='ltr'><strong>coguntur</strong></span> <span class='ocrx_word' id='word_1_180' title='bbox 1871 2886 1989 2956; x_wconf 90' lang='lat' dir='ltr'><strong>ubi</strong></span> <span class='ocrx_word' id='word_1_181' title='bbox 2028 2886 2378 2958; x_wconf 89' lang='lat' dir='ltr'><strong>Mahomet</strong></span> <span class='ocrx_word' id='word_1_182' title='bbox 2411 2884 2722 2981; x_wconf 89' lang='lat' dir='ltr'><strong>perditus</strong></span> <span class='ocrx_word' id='word_1_183' title='bbox 2765 2885 3109 2956; x_wconf 86' lang='lat' dir='ltr'><strong>adoratur.</strong></span> <span class='ocrx_word' id='word_1_184' title='bbox 3145 2885 3365 2977; x_wconf 90' lang='lat' dir='ltr'><strong>Super</strong></span> <span class='ocrx_word' id='word_1_185' title='bbox 3395 2902 3536 2975; x_wconf 91' lang='lat' dir='ltr'><strong>quo</strong></span> <span class='ocrx_word' id='word_1_186' title='bbox 3578 2902 3663 2954; x_wconf 90' lang='lat' dir='ltr'><strong>eo</strong></span> <span class='ocrx_word' id='word_1_187' title='bbox 3711 2881 3960 2954; x_wconf 92' lang='lat' dir='ltr'><strong>crude-</strong></span> 
     </span>
     <span class='ocr_line' id='line_1_23' title="bbox 1137 3005 3958 3104; baseline -0.001 -25"><span class='ocrx_word' id='word_1_188' title='bbox 1137 3008 1330 3079; x_wconf 79' lang='lat' dir='ltr'><strong>lioris</strong></span> <span class='ocrx_word' id='word_1_189' title='bbox 1361 3029 1486 3079; x_wconf 93' lang='lat' dir='ltr'><strong>nos</strong></span> <span class='ocrx_word' id='word_1_190' title='bbox 1520 3009 1776 3081; x_wconf 91' lang='lat' dir='ltr'><strong>doloris</strong></span> <span class='ocrx_word' id='word_1_191' title='bbox 1812 3010 2088 3103; x_wconf 81' lang='lat' dir='ltr'><strong>gladius</strong></span> <span class='ocrx_word' id='word_1_192' title='bbox 2119 3010 2415 3104; x_wconf 91' lang='lat' dir='ltr'><strong>percutit</strong></span> <span class='ocrx_word' id='word_1_193' title='bbox 2448 3030 2589 3103; x_wconf 89' lang='lat' dir='ltr'><strong>quo</strong></span> <span class='ocrx_word' id='word_1_194' title='bbox 2627 3007 2868 3081; x_wconf 81' lang='lat' dir='ltr'><strong>fortius</strong></span> <span class='ocrx_word' id='word_1_195' title='bbox 2914 3006 3371 3079; x_wconf 89' lang='lat' dir='ltr'><strong>incircumcisi</strong></span> <span class='ocrx_word' id='word_1_196' title='bbox 3409 3005 3607 3099; x_wconf 90' lang='lat' dir='ltr'><strong>quasi</strong></span> <span class='ocrx_word' id='word_1_197' title='bbox 3661 3006 3735 3076; x_wconf 92' lang='lat' dir='ltr'><strong>in</strong></span> <span class='ocrx_word' id='word_1_198' title='bbox 3767 3005 3958 3097; x_wconf 88' lang='lat' dir='ltr'><strong>regni</strong></span> 
     </span>
     <span class='ocr_line' id='line_1_24' title="bbox 1141 3129 3959 3226; baseline -0 -25"><span class='ocrx_word' id='word_1_199' title='bbox 1141 3130 1374 3202; x_wconf 89' lang='lat' dir='ltr'><strong>medio</strong></span> <span class='ocrx_word' id='word_1_200' title='bbox 1425 3132 1625 3225; x_wconf 90' lang='lat' dir='ltr'><strong>positi</strong></span> <span class='ocrx_word' id='word_1_201' title='bbox 1685 3132 1911 3204; x_wconf 89' lang='lat' dir='ltr'><strong>levius</strong></span> <span class='ocrx_word' id='word_1_202' title='bbox 1968 3131 2177 3205; x_wconf 87' lang='lat' dir='ltr'><strong>fidem</strong></span> <span class='ocrx_word' id='word_1_203' title='bbox 2230 3131 2635 3205; x_wconf 84' lang='lat' dir='ltr'><strong>catholicam</strong></span> <span class='ocrx_word' id='word_1_204' title='bbox 2693 3152 2820 3203; x_wconf 89' lang='lat' dir='ltr'><strong>sue</strong></span> <span class='ocrx_word' id='word_1_205' title='bbox 2874 3140 3158 3226; x_wconf 90' lang='lat' dir='ltr'><strong>possunt</strong></span> <span class='ocrx_word' id='word_1_206' title='bbox 3214 3129 3636 3203; x_wconf 86' lang='lat' dir='ltr'><strong>infidelitatis</strong></span> <span class='ocrx_word' id='word_1_207' title='bbox 3692 3149 3959 3201; x_wconf 88' lang='lat' dir='ltr'><strong>veneno</strong></span> 
     </span>
     <span class='ocr_line' id='line_1_25' title="bbox 1136 3250 3956 3348; baseline -0 -25"><span class='ocrx_word' id='word_1_208' title='bbox 1136 3274 1601 3348; x_wconf 87' lang='lat' dir='ltr'><strong>corrumpere,</strong></span> <span class='ocrx_word' id='word_1_209' title='bbox 1629 3276 1771 3348; x_wconf 93' lang='lat' dir='ltr'><strong>quo</strong></span> <span class='ocrx_word' id='word_1_210' title='bbox 1810 3257 2065 3348; x_wconf 88' lang='lat' dir='ltr'><strong>majora</strong></span> <span class='ocrx_word' id='word_1_211' title='bbox 2092 3253 2351 3326; x_wconf 91' lang='lat' dir='ltr'><strong>exinde</strong></span> <span class='ocrx_word' id='word_1_212' title='bbox 2386 3255 2792 3347; x_wconf 90' lang='lat' dir='ltr'><strong>contingunt</strong></span> <span class='ocrx_word' id='word_1_213' title='bbox 2822 3253 3122 3347; x_wconf 87' lang='lat' dir='ltr'><strong>pericula</strong></span> <span class='ocrx_word' id='word_1_214' title='bbox 3158 3253 3349 3346; x_wconf 91' lang='lat' dir='ltr'><strong>quod</strong></span> <span class='ocrx_word' id='word_1_215' title='bbox 3377 3250 3732 3324; x_wconf 90' lang='lat' dir='ltr'><strong>christiani</strong></span> <span class='ocrx_word' id='word_1_216' title='bbox 3769 3271 3956 3323; x_wconf 89' lang='lat' dir='ltr'><strong>com-</strong></span> 
     </span>
     <span class='ocr_line' id='line_1_26' title="bbox 1134 3371 3957 3470; baseline 0 -25"><span class='ocrx_word' id='word_1_217' title='bbox 1134 3376 1510 3448; x_wconf 87' lang='lat' dir='ltr'><strong>miscentur</strong></span> <span class='ocrx_word' id='word_1_218' title='bbox 1569 3375 1877 3464; x_wconf 89' lang='lat' dir='ltr'><strong>eisdem;</strong></span> <span class='ocrx_word' id='word_1_219' title='bbox 1934 3397 2355 3470; x_wconf 90' lang='lat' dir='ltr'><strong>paganorum</strong></span> <span class='ocrx_word' id='word_1_220' title='bbox 2419 3375 2867 3448; x_wconf 90' lang='lat' dir='ltr'><strong>contubernia</strong></span> <span class='ocrx_word' id='word_1_221' title='bbox 2929 3374 3019 3448; x_wconf 91' lang='lat' dir='ltr'><strong>ab</strong></span> <span class='ocrx_word' id='word_1_222' title='bbox 3077 3373 3243 3445; x_wconf 85' lang='lat' dir='ltr'><strong>ovili</strong></span> <span class='ocrx_word' id='word_1_223' title='bbox 3308 3371 3658 3447; x_wconf 90' lang='lat' dir='ltr'><strong>dominico</strong></span> <span class='ocrx_word' id='word_1_224' title='bbox 3713 3394 3957 3467; x_wconf 82' lang='lat' dir='ltr'><strong>greges</strong></span> 
     </span>
     <span class='ocr_line' id='line_1_27' title="bbox 1134 3496 3954 3594; baseline -0.001 -22"><span class='ocrx_word' id='word_1_225' title='bbox 1134 3499 1446 3572; x_wconf 88' lang='lat' dir='ltr'><strong>fidelium</strong></span> <span class='ocrx_word' id='word_1_226' title='bbox 1477 3498 1790 3592; x_wconf 88' lang='lat' dir='ltr'><strong>abigunt,</strong></span> <span class='ocrx_word' id='word_1_227' title='bbox 1818 3508 1889 3571; x_wconf 92' lang='lat' dir='ltr'><strong>et</strong></span> <span class='ocrx_word' id='word_1_228' title='bbox 1916 3498 2162 3571; x_wconf 85' lang='lat' dir='ltr'><strong>Hebrei</strong></span> <span class='ocrx_word' id='word_1_229' title='bbox 2192 3497 2282 3570; x_wconf 85' lang='lat' dir='ltr'><strong>ab</strong></span> <span class='ocrx_word' id='word_1_230' title='bbox 2318 3498 2629 3594; x_wconf 79' lang='lat' dir='ltr'><strong>Egyptiis</strong></span> <span class='ocrx_word' id='word_1_231' title='bbox 2665 3499 2767 3571; x_wconf 88' lang='lat' dir='ltr'><strong>sic</strong></span> <span class='ocrx_word' id='word_1_232' title='bbox 2799 3498 3104 3593; x_wconf 88' lang='lat' dir='ltr'><strong>oppressi</strong></span> <span class='ocrx_word' id='word_1_233' title='bbox 3140 3518 3377 3570; x_wconf 91' lang='lat' dir='ltr'><strong>eorum</strong></span> <span class='ocrx_word' id='word_1_234' title='bbox 3411 3496 3611 3591; x_wconf 90' lang='lat' dir='ltr'><strong>quasi</strong></span> <span class='ocrx_word' id='word_1_235' title='bbox 3647 3496 3954 3571; x_wconf 91' lang='lat' dir='ltr'><strong>dominio</strong></span> 
     </span>
     <span class='ocr_line' id='line_1_28' title="bbox 1134 3620 3954 3718; baseline -0.001 -23"><span class='ocrx_word' id='word_1_236' title='bbox 1134 3624 1620 3718; x_wconf 86' lang='lat' dir='ltr'><strong>subjugantur.</strong></span> <span class='ocrx_word' id='word_1_237' title='bbox 1660 3623 1838 3695; x_wconf 88' lang='lat' dir='ltr'><strong>Ecce</strong></span> <span class='ocrx_word' id='word_1_238' title='bbox 1878 3623 1952 3694; x_wconf 90' lang='lat' dir='ltr'><strong>in</strong></span> <span class='ocrx_word' id='word_1_239' title='bbox 1989 3621 2177 3695; x_wconf 91' lang='lat' dir='ltr'><strong>dicto</strong></span> <span class='ocrx_word' id='word_1_240' title='bbox 2222 3643 2436 3715; x_wconf 90' lang='lat' dir='ltr'><strong>regno</strong></span> <span class='ocrx_word' id='word_1_241' title='bbox 2484 3631 2713 3697; x_wconf 90' lang='lat' dir='ltr'><strong>contra</strong></span> <span class='ocrx_word' id='word_1_242' title='bbox 2766 3625 2956 3718; x_wconf 89' lang='lat' dir='ltr'><strong>pacis</strong></span> <span class='ocrx_word' id='word_1_243' title='bbox 3000 3622 3177 3695; x_wconf 92' lang='lat' dir='ltr'><strong>inter</strong></span> <span class='ocrx_word' id='word_1_244' title='bbox 3213 3630 3280 3703; x_wconf 82' lang='lat' dir='ltr'><strong>te</strong></span> <span class='ocrx_word' id='word_1_245' title='bbox 3322 3632 3388 3693; x_wconf 92' lang='lat' dir='ltr'><strong>et</strong></span> <span class='ocrx_word' id='word_1_246' title='bbox 3422 3620 3796 3692; x_wconf 67' lang='lat' dir='ltr'><strong>Ecclesiam</strong></span> <span class='ocrx_word' id='word_1_247' title='bbox 3835 3640 3954 3692; x_wconf 90' lang='lat' dir='ltr'><strong>re-</strong></span> 
     </span>
     <span class='ocr_line' id='line_1_29' title="bbox 1132 3743 3954 3841; baseline -0.002 -23"><span class='ocrx_word' id='word_1_248' title='bbox 1132 3747 1421 3819; x_wconf 82' lang='lat' dir='ltr'><strong>formate</strong></span> <span class='ocrx_word' id='word_1_249' title='bbox 1469 3745 1743 3834; x_wconf 87' lang='lat' dir='ltr'><strong>federa,</strong></span> <span class='ocrx_word' id='word_1_250' title='bbox 1779 3744 2065 3839; x_wconf 90' lang='lat' dir='ltr'><strong>quidam</strong></span> <span class='ocrx_word' id='word_1_251' title='bbox 2113 3745 2380 3818; x_wconf 91' lang='lat' dir='ltr'><strong>nobiles</strong></span> <span class='ocrx_word' id='word_1_252' title='bbox 2420 3746 2669 3841; x_wconf 88' lang='lat' dir='ltr'><strong>privati</strong></span> <span class='ocrx_word' id='word_1_253' title='bbox 2718 3746 2959 3817; x_wconf 89' lang='lat' dir='ltr'><strong>castris</strong></span> <span class='ocrx_word' id='word_1_254' title='bbox 3001 3753 3070 3817; x_wconf 90' lang='lat' dir='ltr'><strong>et</strong></span> <span class='ocrx_word' id='word_1_255' title='bbox 3103 3744 3256 3816; x_wconf 90' lang='lat' dir='ltr'><strong>aliis</strong></span> <span class='ocrx_word' id='word_1_256' title='bbox 3290 3743 3491 3816; x_wconf 90' lang='lat' dir='ltr'><strong>bonis</strong></span> <span class='ocrx_word' id='word_1_257' title='bbox 3536 3743 3716 3832; x_wconf 92' lang='lat' dir='ltr'><strong>suis,</strong></span> <span class='ocrx_word' id='word_1_258' title='bbox 3759 3762 3954 3814; x_wconf 88' lang='lat' dir='ltr'><strong>uxo·</strong></span> 
     </span>
     <span class='ocr_line' id='line_1_30' title="bbox 1131 3865 3950 3963; baseline -0.001 -24"><span class='ocrx_word' id='word_1_259' title='bbox 1131 3869 1329 3941; x_wconf 89' lang='lat' dir='ltr'><strong>ribus</strong></span> <span class='ocrx_word' id='word_1_260' title='bbox 1373 3877 1444 3942; x_wconf 91' lang='lat' dir='ltr'><strong>et</strong></span> <span class='ocrx_word' id='word_1_261' title='bbox 1489 3868 1724 3942; x_wconf 91' lang='lat' dir='ltr'><strong>liberis</strong></span> <span class='ocrx_word' id='word_1_262' title='bbox 1776 3868 2176 3963; x_wconf 87' lang='lat' dir='ltr'><strong>captivatis,</strong></span> <span class='ocrx_word' id='word_1_263' title='bbox 2213 3868 2362 3941; x_wconf 87' lang='lat' dir='ltr'><strong>loca</strong></span> <span class='ocrx_word' id='word_1_264' title='bbox 2417 3890 2545 3941; x_wconf 91' lang='lat' dir='ltr'><strong>sua</strong></span> <span class='ocrx_word' id='word_1_265' title='bbox 2593 3866 2954 3963; x_wconf 91' lang='lat' dir='ltr'><strong>proscripti</strong></span> <span class='ocrx_word' id='word_1_266' title='bbox 3003 3866 3420 3960; x_wconf 90' lang='lat' dir='ltr'><strong>relinquere,</strong></span> <span class='ocrx_word' id='word_1_267' title='bbox 3475 3865 3826 3939; x_wconf 89' lang='lat' dir='ltr'><strong>domicilia</strong></span> <span class='ocrx_word' id='word_1_268' title='bbox 3877 3865 3950 3936; x_wconf 89' lang='lat' dir='ltr'><strong>in</strong></span> 
     </span>
     <span class='ocr_line' id='line_1_31' title="bbox 1132 3985 3944 4085; baseline -0.002 -21"><span class='ocrx_word' id='word_1_269' title='bbox 1132 3990 1424 4064; x_wconf 89' lang='lat' dir='ltr'><strong>aliorum</strong></span> <span class='ocrx_word' id='word_1_270' title='bbox 1466 3990 1829 4063; x_wconf 82' lang='lat' dir='ltr'><strong>transferre</strong></span> <span class='ocrx_word' id='word_1_271' title='bbox 1863 3990 2203 4063; x_wconf 92' lang='lat' dir='ltr'><strong>coloniam</strong></span> <span class='ocrx_word' id='word_1_272' title='bbox 2234 4000 2305 4063; x_wconf 89' lang='lat' dir='ltr'><strong>et</strong></span> <span class='ocrx_word' id='word_1_273' title='bbox 2339 3989 2432 4064; x_wconf 91' lang='lat' dir='ltr'><strong>ad</strong></span> <span class='ocrx_word' id='word_1_274' title='bbox 2470 4001 2848 4063; x_wconf 90' lang='lat' dir='ltr'><strong>extremam</strong></span> <span class='ocrx_word' id='word_1_275' title='bbox 2886 3996 3225 4083; x_wconf 88' lang='lat' dir='ltr'><strong>coguntur</strong></span> <span class='ocrx_word' id='word_1_276' title='bbox 3256 3988 3557 4085; x_wconf 90' lang='lat' dir='ltr'><strong>inopiam</strong></span> <span class='ocrx_word' id='word_1_277' title='bbox 3591 3985 3944 4061; x_wconf 90' lang='lat' dir='ltr'><strong>devenire.</strong></span> 
     </span>
     <span class='ocr_line' id='line_1_32' title="bbox 1128 4109 3954 4209; baseline -0.002 -22"><span class='ocrx_word' id='word_1_278' title='bbox 1128 4115 1218 4187; x_wconf 90' lang='lat' dir='ltr'><strong>Et</strong></span> <span class='ocrx_word' id='word_1_279' title='bbox 1256 4114 1420 4188; x_wconf 91' lang='lat' dir='ltr'><strong>dum</strong></span> <span class='ocrx_word' id='word_1_280' title='bbox 1455 4112 1696 4186; x_wconf 91' lang='lat' dir='ltr'><strong>similis</strong></span> <span class='ocrx_word' id='word_1_281' title='bbox 1740 4115 1989 4209; x_wconf 92' lang='lat' dir='ltr'><strong>premit</strong></span> <span class='ocrx_word' id='word_1_282' title='bbox 2032 4113 2310 4186; x_wconf 87' lang='lat' dir='ltr'><strong>afflictio</strong></span> <span class='ocrx_word' id='word_1_283' title='bbox 2355 4134 2733 4209; x_wconf 89' lang='lat' dir='ltr'><strong>pauperes,</strong></span> <span class='ocrx_word' id='word_1_284' title='bbox 2775 4111 2852 4186; x_wconf 91' lang='lat' dir='ltr'><strong>id</strong></span> <span class='ocrx_word' id='word_1_285' title='bbox 2887 4119 3076 4185; x_wconf 89' lang='lat' dir='ltr'><strong>tanto</strong></span> <span class='ocrx_word' id='word_1_286' title='bbox 3123 4110 3347 4206; x_wconf 89' lang='lat' dir='ltr'><strong>magis</strong></span> <span class='ocrx_word' id='word_1_287' title='bbox 3392 4112 3535 4184; x_wconf 94' lang='lat' dir='ltr'><strong>Deo</strong></span> <span class='ocrx_word' id='word_1_288' title='bbox 3585 4109 3954 4204; x_wconf 91' lang='lat' dir='ltr'><strong>displicere</strong></span> 
     </span>
     <span class='ocr_line' id='line_1_33' title="bbox 1130 4230 3950 4333; baseline -0.001 -24"><span class='ocrx_word' id='word_1_289' title='bbox 1130 4246 1457 4332; x_wconf 90' lang='lat' dir='ltr'><strong>putamus</strong></span> <span class='ocrx_word' id='word_1_290' title='bbox 1499 4245 1757 4331; x_wconf 84' lang='lat' dir='ltr'><strong>quanto</strong></span> <span class='ocrx_word' id='word_1_291' title='bbox 1803 4238 2047 4310; x_wconf 84' lang='lat' dir='ltr'><strong>fortius</strong></span> <span class='ocrx_word' id='word_1_292' title='bbox 2083 4239 2272 4333; x_wconf 87' lang='lat' dir='ltr'><strong>ipsos</strong></span> <span class='ocrx_word' id='word_1_293' title='bbox 2311 4235 2658 4310; x_wconf 88' lang='lat' dir='ltr'><strong>credimus</strong></span> <span class='ocrx_word' id='word_1_294' title='bbox 2704 4236 3130 4309; x_wconf 89' lang='lat' dir='ltr'><strong>innoeentes.</strong></span> <span class='ocrx_word' id='word_1_295' title='bbox 3175 4233 3361 4321; x_wconf 89' lang='lat' dir='ltr'><strong>Quid</strong></span> <span class='ocrx_word' id='word_1_296' title='bbox 3396 4230 3632 4329; x_wconf 88' lang='lat' dir='ltr'><strong>plural</strong></span> <span class='ocrx_word' id='word_1_297' title='bbox 3689 4233 3762 4303; x_wconf 88' lang='lat' dir='ltr'><strong>in</strong></span> <span class='ocrx_word' id='word_1_298' title='bbox 3799 4252 3950 4305; x_wconf 87' lang='lat' dir='ltr'><strong>om-</strong></span> 
     </span>
     <span class='ocr_line' id='line_1_34' title="bbox 1128 4355 3956 4456; baseline -0.001 -25"><span class='ocrx_word' id='word_1_299' title='bbox 1128 4360 1339 4431; x_wconf 89' lang='lat' dir='ltr'><strong>nibus</strong></span> <span class='ocrx_word' id='word_1_300' title='bbox 1390 4360 1502 4431; x_wconf 89' lang='lat' dir='ltr'><strong>his</strong></span> <span class='ocrx_word' id='word_1_301' title='bbox 1549 4360 1851 4433; x_wconf 89' lang='lat' dir='ltr'><strong>Ecclesia</strong></span> <span class='ocrx_word' id='word_1_302' title='bbox 1900 4371 2089 4434; x_wconf 89' lang='lat' dir='ltr'><strong>tanto</strong></span> <span class='ocrx_word' id='word_1_303' title='bbox 2139 4361 2386 4454; x_wconf 90' lang='lat' dir='ltr'><strong>majori</strong></span> <span class='ocrx_word' id='word_1_304' title='bbox 2435 4361 2691 4434; x_wconf 90' lang='lat' dir='ltr'><strong>rubore</strong></span> <span class='ocrx_word' id='word_1_305' title='bbox 2739 4359 3173 4456; x_wconf 87' lang='lat' dir='ltr'><strong>perfunditur</strong></span> <span class='ocrx_word' id='word_1_306' title='bbox 3219 4371 3481 4452; x_wconf 85' lang='lat' dir='ltr'><strong>quanto</strong></span> <span class='ocrx_word' id='word_1_307' title='bbox 3525 4355 3956 4452; x_wconf 88' lang='lat' dir='ltr'><strong>probabilius</strong></span> 
     </span>
     <span class='ocr_line' id='line_1_35' title="bbox 1130 4478 3951 4580; baseline -0.001 -27"><span class='ocrx_word' id='word_1_308' title='bbox 1130 4482 1481 4576; x_wconf 89' lang='lat' dir='ltr'><strong>premissis</strong></span> <span class='ocrx_word' id='word_1_309' title='bbox 1530 4481 1879 4556; x_wconf 88' lang='lat' dir='ltr'><strong>discordia</strong></span> <span class='ocrx_word' id='word_1_310' title='bbox 1922 4505 2202 4556; x_wconf 90' lang='lat' dir='ltr'><strong>causam</strong></span> <span class='ocrx_word' id='word_1_311' title='bbox 2242 4482 2411 4558; x_wconf 90' lang='lat' dir='ltr'><strong>dare</strong></span> <span class='ocrx_word' id='word_1_312' title='bbox 2454 4484 2775 4580; x_wconf 87' lang='lat' dir='ltr'><strong>preterita</strong></span> <span class='ocrx_word' id='word_1_313' title='bbox 2819 4482 3158 4570; x_wconf 89' lang='lat' dir='ltr'><strong>creditur,</strong></span> <span class='ocrx_word' id='word_1_314' title='bbox 3200 4480 3364 4554; x_wconf 89' lang='lat' dir='ltr'><strong>dum</strong></span> <span class='ocrx_word' id='word_1_315' title='bbox 3412 4480 3509 4552; x_wconf 92' lang='lat' dir='ltr'><strong>illi</strong></span> <span class='ocrx_word' id='word_1_316' title='bbox 3550 4481 3672 4576; x_wconf 92' lang='lat' dir='ltr'><strong>qui</strong></span> <span class='ocrx_word' id='word_1_317' title='bbox 3718 4478 3951 4551; x_wconf 88' lang='lat' dir='ltr'><strong>adhe-</strong></span> 
     </span>
     <span class='ocr_line' id='line_1_36' title="bbox 1128 4601 3949 4703; baseline -0.001 -27"><span class='ocrx_word' id='word_1_318' title='bbox 1128 4614 1370 4676; x_wconf 89' lang='lat' dir='ltr'><strong>serunt</strong></span> <span class='ocrx_word' id='word_1_319' title='bbox 1414 4606 1718 4678; x_wconf 89' lang='lat' dir='ltr'><strong>Ecclesie</strong></span> <span class='ocrx_word' id='word_1_320' title='bbox 1774 4607 1929 4703; x_wconf 92' lang='lat' dir='ltr'><strong>plus</strong></span> <span class='ocrx_word' id='word_1_321' title='bbox 1981 4608 2222 4681; x_wconf 88' lang='lat' dir='ltr'><strong>ceteris</strong></span> <span class='ocrx_word' id='word_1_322' title='bbox 2280 4617 2514 4681; x_wconf 90' lang='lat' dir='ltr'><strong>contra</strong></span> <span class='ocrx_word' id='word_1_323' title='bbox 2556 4608 2890 4700; x_wconf 89' lang='lat' dir='ltr'><strong>justitiam</strong></span> <span class='ocrx_word' id='word_1_324' title='bbox 2936 4607 3440 4702; x_wconf 89' lang='lat' dir='ltr'><strong>opprimuntur.</strong></span> <span class='ocrx_word' id='word_1_325' title='bbox 3490 4604 3765 4677; x_wconf 90' lang='lat' dir='ltr'><strong>Utinam</strong></span> <span class='ocrx_word' id='word_1_326' title='bbox 3816 4601 3949 4674; x_wconf 89' lang='lat' dir='ltr'><strong>hec</strong></span> 
     </span>
     <span class='ocr_line' id='line_1_37' title="bbox 1126 4724 3946 4823; baseline -0.002 -22"><span class='ocrx_word' id='word_1_327' title='bbox 1126 4728 1437 4803; x_wconf 78' lang='lat' dir='ltr'><strong>veritatis</strong></span> <span class='ocrx_word' id='word_1_328' title='bbox 1492 4740 1720 4803; x_wconf 90' lang='lat' dir='ltr'><strong>essent</strong></span> <span class='ocrx_word' id='word_1_329' title='bbox 1773 4730 2101 4805; x_wconf 88' lang='lat' dir='ltr'><strong>destituta</strong></span> <span class='ocrx_word' id='word_1_330' title='bbox 2159 4730 2470 4805; x_wconf 88' lang='lat' dir='ltr'><strong>subsidio</strong></span> <span class='ocrx_word' id='word_1_331' title='bbox 2522 4740 2592 4805; x_wconf 94' lang='lat' dir='ltr'><strong>et</strong></span> <span class='ocrx_word' id='word_1_332' title='bbox 2633 4731 2941 4806; x_wconf 86' lang='lat' dir='ltr'><strong>mendax</strong></span> <span class='ocrx_word' id='word_1_333' title='bbox 2998 4730 3421 4804; x_wconf 91' lang='lat' dir='ltr'><strong>inveniretur</strong></span> <span class='ocrx_word' id='word_1_334' title='bbox 3466 4726 3759 4823; x_wconf 87' lang='lat' dir='ltr'><strong>quilibet</strong></span> <span class='ocrx_word' id='word_1_335' title='bbox 3812 4724 3946 4796; x_wconf 89' lang='lat' dir='ltr'><strong>hec</strong></span> 
     </span>
    </p>
   </div>
  </div>
 </body>
</html>
