4500 5956
1177 622 1297 680 '¹172
2175 621 2602 683 rmnnnlct
2650 621 2998 681 summm
3622 624 3781 702 [Axii.
3820 625 3990 686 1235.

1180 761 1413 825 nostra
1439 755 1855 828 conscientia
1881 766 2304 829 emanarent.
2337 757 2560 849 Super
2583 776 2725 850 quo
2748 755 2931 827 illius
2956 756 3080 849 qui
3107 755 3276 826 nihil
3312 756 3636 851 ignorans
3664 769 4000 834 scrutator

1180 887 1284 948 est
1320 876 1633 951 cordium
1677 888 1747 951 et
1775 880 2087 973 cognitor
2109 889 2527 952 aecretorum
2545 932 2565 969 ,
2604 879 3068 951 testimonium
3105 878 3545 972 invocamus,
3582 883 3776 976 quod
3816 906 3996 957 nun-

1179 1021 1389 1092 quam
1410 1023 1451 1072 a
1484 1002 1681 1073 nobis
1713 1024 1953 1074 eorum
1984 1001 2402 1074 machinatio
2424 1000 2706 1096 prodiit,
2733 1000 2861 1073 sed
2888 1023 3061 1096 pure
3087 1002 3179 1074 de
3205 1001 3480 1096 impura
3506 1002 3812 1098 ipsorum
3840 1029 3996 1078 ma-

1176 1122 1568 1197 chinatione
1621 1126 1991 1220 processit;
2067 1124 2260 1220 quod
2328 1125 2403 1196 in
2482 1126 2660 1198 facto
2738 1125 2936 1218 regni
2999 1125 3576 1199 Hierosolimitani
3638 1130 3996 1204 evidenter

1174 1268 1464 1341 arguere
1494 1269 1578 1319 ac
1615 1270 1734 1321 eos
1768 1250 1890 1342 qui
1924 1250 2266 1323 contraria
2302 1249 2718 1343 scripserant
2759 1270 2882 1342 per
2925 1248 3245 1321 effectum
3287 1252 3517 1345 operis
3566 1252 3640 1322 in
3696 1264 3994 1348 utroque

1175 1372 1449 1465 negotio
1488 1371 1861 1444 mendaces
1893 1372 2148 1468 poteris
2194 1373 2534 1445 invenire.
2583 1371 2914 1469 Nonnulli
2955 1391 3124 1443 vero
3157 1371 3574 1446 collaterales
3604 1374 3743 1462 tui,
3798 1376 3993 1470 pacis

1173 1496 1547 1590 imperialis
1582 1495 1819 1584 emuli,
1857 1495 2035 1567 sicut
2065 1496 2366 1569 creditur
2394 1494 2681 1579 inimici,
2727 1515 2847 1566 eas
2875 1493 2965 1566 de
2989 1515 3313 1589 processu
3354 1505 3583 1568 vestro
3614 1496 3705 1592 (Ρ)
3739 1498 3992 1571 litteras

1172 1620 1482 1714 dirigunt
1505 1620 1759 1713 quibus
1789 1620 1848 1691 si
1885 1620 2141 1693 veritas
2178 1620 2371 1691 testis
2402 1619 2779 1708 assisteret,
2819 1627 3040 1690 totum
3076 1618 3266 1711 quod
3313 1640 3519 1713 super
3572 1629 3640 1691 te
3669 1621 3994 1695 fundavit

1172 1745 1504 1817 Dominus
1551 1743 1905 1816 edificium
1955 1743 2225 1815 ruinam
2271 1743 2541 1837 patiens
2584 1739 2952 1836 deperiret.
3003 1741 3260 1813 Verum
3309 1762 3470 1812 cum
3516 1762 3645 1815 nos
3684 1743 3848 1815 olim
3883 1744 3992 1817 his

1168 1865 1531 1939 fraudibus
1567 1874 2024 1957 occurrentes,
2052 1877 2278 1937 tecum
2308 1866 2380 1936 in
2405 1864 2881 1938 reformatione
2913 1865 3132 1958 paciS,
3158 1864 3219 1936 si
3246 1864 3427 1936 bene
3462 1865 3734 1957 recolis,
3765 1866 3986 1940 duxe-

1166 1989 1383 2059 rimus
1415 1989 1879 2061 ordinandum
1919 1999 1998 2060 ut
2041 1990 2099 2061 si
2135 1989 2310 2082 quid
2351 1988 2443 2061 ad
2479 1989 2765 2061 alterum
2820 1987 2911 2060 de
2952 1987 3165 2059 altero
3221 1988 3412 2080 quod
3457 2008 3698 2082 pacem
3732 1990 3990 2062 lederet

1166 2111 1590 2207 perveniret,
1633 2112 1988 2184 latratibus
2027 2113 2531 2185 detrahentium
2598 2112 2763 2183 hinc
2823 2111 2988 2184 inde
3048 2110 3551 2204 denegaremus
3615 2112 3979 2203 auditum;

1165 2232 1596 2309 serenitatem
1632 2245 1821 2307 tuam
1867 2236 2245 2328 rogandam
2294 2237 2630 2310 duximus
2666 2245 2735 2307 et
2775 2236 3194 2308 monendam
3239 2245 3583 2329 quatenus
3628 2259 3788 2309 cum
3825 2239 3988 2311 talia

1165 2358 1254 2430 de
1285 2359 1482 2431 nobis
1508 2359 1600 2431 ad
1630 2381 1832 2430 aures
1856 2367 2012 2431 tuas
2034 2361 2474 2454 perveniunt,
2498 2381 2577 2431 os
2600 2360 2835 2452 iniqua
2861 2360 3315 2454 loquentium,
3343 2360 3525 2431 sicut
3544 2367 3612 2432 et
3634 2381 3762 2432 nos
3788 2382 3988 2434 versa

1163 2481 1317 2550 vice
1350 2480 1674 2564 facimus,
1713 2480 2065 2571 obstruas,
2125 2490 2196 2553 et
2219 2481 2424 2553 nobis
2457 2492 2535 2552 ut
2564 2480 2971 2554 excellentie
3014 2490 3133 2554 tue
3174 2482 3417 2553 litteris
3449 2481 3700 2553 nostris
3731 2483 3986 2555 veritas

1159 2603 1571 2692 innotescat,
1605 2601 1846 2674 audita
1878 2602 2236 2676 rescribas.
2275 2604 2389 2675 Sic
2413 2605 2668 2676 etenim
2705 2625 2850 2699 pax
2881 2603 2954 2674 in
2979 2624 3111 2676 suo
3133 2604 3377 2695 vigore
3400 2604 3792 2676 servabitur
3819 2615 3887 2677 et
3911 2606 3982 2676 in

1157 2725 1268 2796 sui
1296 2725 1626 2797 lesionem
1654 2726 1899 2820 capitis
1933 2748 2386 2800 susurronum
2424 2727 2752 2821 iniquitas
2780 2726 3170 2800 mentietur.

1158 2938 1165 2945 ι
1254 2849 1502 2920 Datum
1532 2847 1811 2940 Assisii,
1855 2847 1980 2921 XII
2015 2849 2350 2922 kalendas
2385 2850 2727 2941 octobris,
2768 2848 3205 2945 pontificatus
3229 2849 3442 2921 nostri
3466 2871 3651 2920 anno
3678 2849 3798 2921 lx.

1260 2971 1606 3066 Scriptum
1639 2983 1745 3044 est
1777 2994 1984 3066 super
2020 2972 2156 3046 hoc
2200 2972 2528 3066 magistro
2577 2971 2827 3046 domus
2864 2972 3441 3047 Theutonicorum
3480 2983 3560 3045 ut
3591 2971 3819 3045 eidem
3850 2973 3979 3045 im·

1163 3094 1457 3190 peratori
1489 3092 1866 3188 praemissa
1901 3092 2278 3188 prudenter
2310 3096 2561 3168 referat
2579 3103 2650 3166 et
2679 3096 2905 3190 ipsum
2930 3095 3023 3168 ad
3054 3096 3127 3169 id
3160 3095 3540 3169 studiosius
3567 3096 3877 3169 inducat.

747 3822 804 3865 a
825 3767 1090 3877 ‚mm
1265 3732 1674 3845 Gregorius
1737 3758 1935 3842 papa
1978 3731 2360 3816 Friderico
2404 3733 2926 3816 Romanorum
2961 3733 3395 3842 imperatori
3435 3734 3736 3815 nuntiat
3768 3736 3979 3843 quod

1090 3853 1105 3868 ’
1155 3895 1331 3953 cum
1406 3866 1912 3950 Theodericus
1934 3927 1958 3973 ,
2020 3865 2418 3948 Ravennas
2490 3865 3098 3975 archiepiscopus
3122 3926 3146 3972 ,
3206 3865 3680 3974 Apostolicae
3761 3865 3976 3948 Sedis

1151 4006 1478 4115 legatuS,
1519 4002 1602 4083 in
1635 4001 2015 4084 civitatem
2053 3999 2570 4083 Acconensem
2606 3999 3036 4083 diffinitioni
3075 4025 3257 4081 suae
3292 4026 3557 4109 parere
3591 4000 3975 4083 nolentem

1151 4136 1602 4219 sententiam
1654 4132 2031 4216 interdicti
2093 4132 2737 4242 promulgaverit,
2802 4133 2962 4241 ipse
3024 4132 3508 4215 interdictum
3564 4131 3970 4235 relaxavit,

1150 4294 1329 4351 eum
1375 4292 1693 4349 monens
1735 4265 2019 4375 quibus
2072 4264 2634 4348 conditionibus
2683 4292 2833 4373 pax
2888 4264 3300 4348 restaurari
3335 4290 3560 4373 posse
3595 4264 3964 4346 videatur.

1315 4508 1518 4586 (Edld.
1548 4509 1763 4584 partim
1795 4508 2116 4567 mmm.
2145 4504 2364 4567 Annal.
2398 4503 2584 4567 eccles.
2604 4551 2625 4581 ,
2654 4513 2802 4568 tom.
2831 4507 2977 4568 xxl
3011 4508 3090 4567 ad
3129 4523 3270 4567 ann.
3306 4515 3483 4578 1285,
3514 4504 3583 4587 §§
3620 4515 3693 4567 43
3719 4511 3779 4566 ct
3806 4513 3907 4580 44,
3936 4522 3972 4566 e

1386 4619 1600 4689 regest.
1646 4612 1920 4688 Gregor„
1967 4612 2070 4672 lib.
2115 4612 2240 4686 IX,
2288 4614 2463 4688 epist.
2496 4621 2789 4674 280-231.
2833 4612 3006 4673 Nunc
3057 4629 3200 4673 vero
3251 4614 3511 4688 primum
3559 4613 3625 4671 in
3676 4613 3969 4690 integrum

1388 4718 1599 4778 damus
1623 4733 1698 4777 cx
1725 4717 1955 4777 collect.
1980 4717 2234 4794 Laporte
2260 4718 2344 4778 du
2371 4717 2572 4791 Thcil,
2598 4734 2696 4795 ap.
2720 4718 2998 4780 Bibnoth.
3022 4720 3233 4796 imper.
3263 4715 3479 4794 Parts.)
