4500 5956
592 674 788 734 lamer.
817 671 904 749 8.]
1488 666 1876 727 HISTORIA
1927 667 2506 731 mPLoMATmA.
3292 674 3409 733 723

591 806 901 896 rusticis,
943 805 1017 875 in
1042 801 1389 899 presentia
1424 800 1719 872 militum
1756 801 2054 873 Heinrici
2084 800 2175 874 de
2206 802 2728 898 Scharpheneke
2764 814 2833 878 et
2865 803 2987 877 filii
3021 807 3173 897 ejus
3202 807 3406 879 Hein-

592 931 713 1004 rici
736 929 1069 1024 junioris,
1128 926 1204 997 C.
1244 925 1333 998 de
1361 924 1591 1016 Rode,
1646 924 2033 999 Baldewini
2085 925 2173 997 de
2206 927 2539 1016 Nicastel,
2577 929 2838 1000 Ditheri
2892 930 2981 1002 de
3012 930 3398 1020 Queichen,

593 1052 993 1149 supradicte
1017 1048 1307 1122 ecclesie
1334 1046 1645 1142 personis
1674 1056 2003 1143 perpetuo
2023 1049 2439 1143 possidenda
2458 1071 2616 1122 cum
2651 1052 2838 1123 omni
2865 1052 3020 1142 jure
3046 1074 3186 1147 quo
3216 1054 3409 1149 prius

594 1199 675 1249 ea
707 1173 1194 1271 possederam,
1252 1191 1524 1242 rursum
1578 1170 2043 1265 sollempniter
2097 1172 2551 1266 assignando,
2605 1183 2822 1246 totum
2879 1175 3132 1246 factum
3177 1197 3404 1249 meum

595 1297 1028 1372 confirmavi.
1089 1293 1395 1366 Tandem
1439 1292 1629 1388 apud
1665 1301 1961 1366 castrum
2015 1296 2449 1388 Spigelberc,
2505 1297 2809 1391 predicto
2857 1297 2943 1367 H.
3005 1298 3096 1373 de
3147 1299 3410 1372 Sohar-

596 1421 953 1517 phenecke
1000 1427 1069 1491 et
1119 1419 1411 1511 Hugone
1466 1417 1556 1489 de
1594 1416 1952 1490 Offinbach
1997 1428 2160 1489 tunc
2208 1419 2590 1512 burgravio
2628 1420 2700 1490 in
2745 1421 3142 1514 Spigelberc
3178 1443 3405 1495 coram

599 1545 897 1639 glorioso
922 1543 1385 1615 Romanorum
1412 1560 1579 1634 rege
1595 1540 1943 1631 Heinrico,
1977 1540 2153 1616 facto
2181 1548 2336 1615 meo
2368 1553 2437 1615 et
2462 1544 2605 1636 juri
2634 1545 2921 1617 ecclesie
2948 1547 3406 1618 testimonium

597 1667 1160 1764 perhibentibus,
1202 1663 1389 1738 idem
1419 1685 1547 1736 rex
1579 1673 1719 1736 tam
1759 1661 2011 1736 factum
2045 1674 2354 1738 nostrum
2385 1688 2595 1762 quam
2620 1669 2736 1760 jus
2759 1669 3045 1741 ecclesie
3084 1671 3315 1742 favore
3344 1683 3414 1743 et

596 1812 890 1865 assensu
928 1810 1059 1862 suo
1090 1788 1482 1878 roboravit,
1533 1796 1603 1861 et
1634 1787 1947 1883 predicto
1985 1790 2261 1884 Hugoni
2304 1792 2681 1885 burgravio
2713 1792 2803 1863 ab
2832 1793 3019 1864 omni
3057 1793 3316 1869 lesione
3346 1806 3416 1867 et

604 1915 858 2007 injuria
890 1913 1294 1986 auctoritate
1323 1912 1515 2007 regia
1550 1911 1886 1985 tuendum
1908 1913 2273 1985 commisit.

703 2039 932 2131 Hujus
963 2038 1062 2110 rei
1109 2045 1315 2109 testes
1357 2046 1523 2107 sunt
1557 2061 1577 2106 ε
1615 2036 2028 2108 venerabilis
2070 2036 2144 2107 C.
2198 2036 2563 2132 episcopus
2602 2038 2976 2134 Spirensis,
3031 2039 3421 2113 Hertwicus

614 2163 1015 2258 capellanus
1063 2161 1247 2252 ejus,
1308 2157 1697 2232 Fridericus
1750 2180 1981 2233 comes
2037 2159 2127 2237 de
2185 2161 2521 2254 Liningen
2540 2217 2561 2255 ‚
2638 2160 3036 2234 Gerhardus
3076 2164 3424 2259 sylvester

608 2307 870 2375 comes,
910 2284 1332 2355 Wernherus
1354 2281 1444 2354 de
1465 2282 1864 2355 Bonlanden
1884 2337 1903 2372 ,
1943 2283 2243 2356 Wiricus
2268 2284 2358 2358 de
2387 2287 2616 2378 Dune,
2660 2287 2956 2359 Sifridus
2980 2288 3308 2360 scultetus
3334 2287 3424 2361 de

606 2412 845 2499 Lutra,
879 2409 1090 2482 etalii
1121 2409 1592 2503 quamplures.

703 2535 791 2606 Ut
828 2542 1060 2605 autem
1092 2532 1222 2605 hec
1247 2531 1480 2604 omnia
1518 2530 1712 2602 firma
1743 2540 1812 2605 et
1842 2532 2098 2605 illibata
2130 2544 2607 2628 permaneant,
2661 2534 2904 2628 sigillis
2939 2533 3230 2629 predicti
3263 2535 3424 2629 Spi-

620 2657 835 2729 rensis
862 2656 1202 2751 episcopi,
1245 2655 1516 2727 abbatis
1550 2654 1823 2728 Uterine
1857 2656 2093 2748 vallis,
2152 2668 2384 2730 nostro
2413 2668 2481 2729 et
2505 2658 2764 2730 domini
2790 2659 2872 2728 Η.
2910 2656 3000 2730 de
3035 2656 3424 2752 Sohar-phe-

618 2780 828 2852 necke
861 2779 935 2849 in
970 2778 1267 2873 presenti
1298 2776 1545 2850 cedula
1571 2788 1733 2849 sunt
1765 2778 2107 2852 roborata.

705 2901 879 2975 Acta
902 2911 1066 2973 sunt
1101 2900 1231 2974 hec
1257 2921 1442 2973 anno
1470 2899 1816 2974 dominice
1846 2901 2333 2976 incarnationis
2358 2903 2448 2975 M⁰
2474 2903 2601 2975 CC’
2628 2902 2847 2975 XXX⁰
2868 2904 2953 2975 V⁰
2983 2901 3045 2998 (⁴
3064 2902 3114 2998 ).

715 3523 1124 3630 HenricuS,
1174 3523 1695 3607 Romanorum
1741 3550 1912 3630 rex,
1964 3534 2232 3606 notum
2279 3522 2459 3606 facit
2511 3523 2721 3633 quod
2764 3525 3116 3635 episcopo
3164 3526 3431 3611 Osna-

3599 3544 3725 3599 Apud

3514 3598 3787 3651 Oppenheun
3807 3627 3821 3650 ‚

614 3654 976 3766 burgensi
1020 3656 1275 3740 locum
1321 3656 1616 3766 argenti
1652 3656 1956 3739 fodinae
2006 3655 2086 3736 in
2132 3656 2444 3765 praedio
2487 3656 2843 3740 ecclesiae
2877 3655 3079 3765 ejuS,
3131 3658 3428 3768 Hiiggel
3548 3652 3593 3694 ¹·
3617 3651 3785 3705 ΨΜ·

617 3799 689 3869 et
735 3788 1300 3872 Stertenbrinke
1344 3789 1585 3895 dicto,
1637 3788 1781 3898 ipsi
1834 3798 1911 3871 et
1954 3786 2118 3898 ejus
2171 3788 2734 3871 successoribus
2789 3800 2862 3871 et
2915 3788 3270 3872 ecclesiae
3314 3788 3428 3870 ti-

620 3920 778 4003 tulo
830 3920 1151 4004 eontulit
1203 3920 1485 4004 feudali
1524 3930 1599 4003 et
1632 3946 1898 4005 eorum
1951 3921 2334 4029 perpetuis
2372 3919 2639 4003 usibus
2675 3913 3088 4028 deputavit.

777 4145 970 4224 (Edit.
1010 4164 1108 4226 ap.
1150 4148 1393 4221 Mem,
1430 4146 1676 4210 Omahr.
1711 4144 1935 4215 σκιὴ..
1986 4153 2044 4206 a·
2070 4162 2208 4224 pars
2233 4144 2507 4220 docum„
2547 4154 2617 4206 ιι·
2646 4153 2782 4220 168,
2820 4144 3099 4223 descript.
3144 4145 3221 4207 ab
3258 4146 3433 4209 Hen-

853 4254 1025 4315 seler.
1057 4270 1134 4315 ex
1160 4247 1573 4333 autographo.)

694 4590 766 4664 (⁴)
802 4591 967 4649 Deest
990 4591 1190 4649 notatio
1214 4591 1434 4649 mensis.
1469 4589 1686 4648 Minime
1713 4595 1894 4648 tamen
1925 4588 2277 4646 dubitandum
2318 4594 2434 4646 tum
2472 4603 2538 4646 ex
2566 4587 2768 4646 itineris
2798 4589 3007 4660 ordine,
3034 4594 3148 4646 tum
3177 4604 3242 4647 ex
3278 4606 3433 4665 prae-

622 4687 789 4743 sentia
820 4689 1074 4745 comitum
1101 4688 1168 4745 de
1194 4689 1483 4762 Leiningen
1511 4694 1566 4746 et
1586 4687 1897 4762 sylvestris,
1933 4688 2063 4761 quin
2098 4687 2167 4743 ad
2202 4702 2445 4743 mensem
2488 4685 2738 4744 martium
2779 4693 3064 4745 exeuntem
3100 4686 3202 4744 hoc
3238 4687 3432 4745 instru-

624 4792 859 4842 mentum
884 4786 1070 4843 reserri
1099 4786 1311 4844 debeat.
3171 4783 3177 4788 ’
