4500 5956
668 632 868 692 Inter.
902 622 987 707 9.]
1564 619 1958 682 HISTORIA
2013 615 2602 681 DIPLOMATICA.
3369 612 3480 675 861

668 759 994 854 paginam
1030 777 1206 828 ausu
1256 752 1619 826 temerario
1666 754 1739 824 in
1782 755 2013 849 aliquo
2058 755 2450 838 molestare,
2493 744 2804 822 indebite
2836 745 3172 842 impedire
3205 747 3320 820 vel
3363 749 3486 818 in-

664 882 973 975 quietare
1036 886 1416 974 presumat3
1479 876 1671 970 quod
1738 881 1861 970 qui
1943 875 2475 973 presumpserit,
2541 872 3082 966 indignationem
3160 871 3480 943 culminis

670 1004 884 1077 nostri
937 1023 1013 1075 se
1066 1001 1335 1073 noverit
1387 1000 1848 1072 incursurum.
1902 1000 2015 1074 Ad
2061 1000 2275 1092 hujus
2325 1007 2555 1071 autem
2607 997 2704 1070 rei
2751 996 3147 1068 memoriam
3201 1005 3272 1066 et
3321 1016 3486 1091 per-

668 1136 947 1224 petuam
986 1123 1422 1214 firmitatem,
1460 1145 1741 1218 presens
1774 1123 2104 1219 scriptum
2156 1121 2307 1194 fieri
2336 1121 2672 1215 jussimus
2720 1119 3087 1211 majestatis
3123 1127 3351 1190 nostre
3381 1119 3486 1189 si-

667 1250 833 1345 gillo
872 1247 1240 1319 munitum.

765 1374 1017 1443 Datum
1086 1368 1279 1465 apud
1334 1367 1751 1459 Wisebade‚
1807 1390 1989 1441 anno
2051 1368 2393 1441 dominice
2450 1367 2935 1438 incarnationis
2994 1365 3438 1438 MCCXXXVI
3458 1424 3475 1453 ,

671 1516 908 1569 mense
953 1495 1160 1584 maio,
1206 1514 1385 1565 none
1420 1492 1839 1565 indictionis.

776 2074 1203 2157 Fridericus
1224 2138 1247 2180 ,
1306 2076 1827 2158 Romanorum
1891 2078 2337 2186 imperator,
2402 2077 2849 2187 magistram
2902 2085 2977 2159 et
3035 2087 3487 2163 conventum

670 2208 1109 2290 monasterii
1146 2206 1561 2291 Fiissenich
1602 2207 1857 2318 (juxta
1894 2208 2255 2320 Ziilpich)
2295 2235 2471 2293 cum
2526 2210 2885 2294 omnibus
2947 2236 3212 2294 earum
3266 2211 3487 2295 bonis

673 2341 816 2424 sub
853 2367 994 2423 sua
1030 2350 1106 2424 et
1139 2341 1437 2450 imperii
1473 2342 1935 2449 protectione
1972 2343 2261 2452 recipit.

834 2555 1037 2634 (Edid.
1069 2556 1272 2630 Huoo,
1304 2552 1520 2616 Annal.
1552 2557 1935 2630 Presnonstr„
1962 2563 2009 2616 t.
2042 2557 2102 2630 Ι,
2130 2556 2390 2634 probat„
2421 2573 2481 2633 p.
2517 2557 2678 2634 572.)

769 2740 1192 2830 Fridericus‚
1233 2743 1357 2813 Dei
1403 2743 1621 2836 gratia
1652 2743 2113 2814 Romanorum
2149 2743 2520 2837 imperator
2548 2764 2825 2837 semper
2863 2757 3238 2838 augustus,
3279 2750 3485 2821 Jeru-

672 2864 880 2936 salem
914 2874 983 2934 et
1017 2865 1250 2937 Sicilie
1285 2887 1439 2937 rex.
1475 2866 1605 2937 Per
1650 2886 1931 2958 presens
1972 2866 2304 2959 scriptum
2335 2877 2571 2937 notum
2605 2865 2752 2938 fieri
2785 2867 3106 2938 volumus
3145 2870 3485 2943 universis

673 2989 993 3061 fidelibus
1046 2990 1258 3061 nostri
1295 2989 1563 3084 imperii
1616 3000 1756 3061 tam
1803 2990 2234 3083 presentibus
2280 3012 2488 3084 quam
2529 2990 2777 3062 futuris
2828 2991 3020 3083 quod
3059 2993 3382 3086 magistra
3418 3004 3487 3067 et

672 3124 1049 3185 conventus
1078 3114 1471 3186 monasterii
1505 3114 1866 3204 Vusenicz‚
1907 3100 2149 3186 fideles
2192 3126 2448 3202 nostre,
2485 3114 2816 3207 majestati
2857 3123 3084 3188 nostre
3137 3116 3487 3192 humiliter

671 3237 1237 3332 supplicaverunt
1274 3248 1353 3309 ut
1388 3248 1525 3309 tam
1558 3239 1745 3331 ipsas
1775 3260 1982 3331 quam
2016 3238 2199 3310 bona
2235 3238 2629 3311 monasterii
2658 3238 2968 3330 ejusdem
2991 3241 3123 3311 sub
3155 3252 3382 3314 nostra
3418 3253 3489 3316 et

670 3360 940 3455 imperii
1007 3362 1429 3455 protectione
1478 3362 1567 3435 de
1631 3362 1848 3454 gratia
1908 3372 2136 3433 nostra
2196 3362 2502 3457 recipere
2563 3361 3028 3455 dignaremur.
3085 3365 3224 3437 Nos
3279 3366 3488 3459 igitur

672 3484 1294 3579 supplicationibus
1324 3485 1473 3557 suis
1505 3485 1806 3580 benigne
1842 3494 1911 3558 et
1941 3486 2408 3559 favorabiliter
2442 3487 2775 3575 inclinati,
2813 3487 3032 3560 dictas
3068 3489 3375 3583 virgines
3419 3502 3489 3564 et

673 3618 1091 3681 conventum
1144 3608 1385 3682 fideles
1437 3621 1705 3683 nostras
1755 3620 1826 3684 et
1874 3610 2367 3684 monasterium
2406 3611 2635 3705 ipsum
2699 3632 2858 3682 cum
2914 3612 3235 3684 omnibus
3288 3615 3488 3686 bonis

671 3732 815 3804 suis
864 3754 1001 3827 que
1043 3733 1116 3803 in
1165 3734 1663 3828 presentiarum
1710 3734 1896 3826 juste
1946 3744 2133 3806 tenet
2167 3744 2239 3806 et
2278 3734 2582 3828 possidet
2642 3743 2710 3806 et
2751 3756 2891 3827 que
2939 3735 3013 3805 in
3049 3745 3247 3808 antea
3297 3741 3486 3829 justo

676 3857 872 3930 titulo
915 3857 1163 3951 poterit
1201 3858 1527 3951 adipisci,
1571 3858 1705 3929 sub
1748 3858 2167 3953 protectione
2207 3868 2442 3929 nostra
2483 3869 2553 3929 et
2591 3856 2861 3951 imperii
2905 3858 3275 3951 recipimus
3320 3884 3487 3955 spe-

672 3981 853 4053 ciali.
896 3981 1320 4054 Presentium
1371 3983 1579 4075 igitur
1631 3992 1867 4054 tenore
1919 3982 2331 4055 mandamus
2374 3979 2658 4052 firmiter
2710 3980 3098 4053 inhibentes
3147 3993 3488 4076 quatenus

672 4106 902 4177 nullus
937 4108 1025 4177 sit
1060 4107 1185 4200 qui
1224 4107 1520 4200 prefatas
1571 4106 1967 4199 magistram
2015 4115 2085 4177 et
2112 4115 2530 4177 conventum
2566 4102 2807 4175 fideles
2844 4114 3108 4176 nostras
3137 4128 3220 4179 ac
3262 4107 3490 4201 ipsum

674 4231 1164 4302 monasterium
1215 4240 1449 4302 contra
1498 4229 1707 4323 hujus
1757 4229 2192 4323 protectionis
2241 4237 2468 4300 nostre
2521 4228 2843 4321 paginam
2902 4249 3076 4300 ausu
3131 4233 3492 4304 temerario

673 4353 746 4424 in
794 4354 1027 4447 aliquo
1081 4354 1475 4438 molestare,
1528 4349 1836 4425 indebite
1890 4351 2225 4447 impedire
2277 4352 2388 4424 vel
2443 4349 2821 4445 inquietare
2871 4363 3236 4445 presumat.
3287 4355 3494 4440 Quod

670 4477 792 4570 qui
845 4480 1337 4573 presumpserit
1383 4476 1932 4568 indignationem
1985 4476 2304 4549 culminis
2339 4474 2554 4547 nostri
2605 4495 2681 4546 se
2720 4474 2987 4547 noverit
3020 4475 3485 4550 incursurum.

671 4596 780 4671 Ad
819 4598 1030 4691 hujus
1069 4607 1295 4671 autem
1336 4600 1433 4671 rei
1475 4598 1875 4672 memoriam
1912 4607 1980 4670 et
2012 4608 2416 4696 perpetuam
2464 4598 2887 4691 firmitatem,
2945 4622 3224 4694 presens
3267 4603 3490 4696 scrip-

674 4731 818 4794 tum
850 4721 1002 4795 fieri
1030 4724 1368 4815 jussimus
1410 4724 1781 4817 majestatis
1833 4734 2065 4797 nostre
2102 4724 2329 4818 sigillo
2368 4724 2736 4797 munitum.

3650 2094 3777 2137 Aa

3554 2107 3850 2244 Ρηιὲἓέοτᾱ
3859 2177 3873 2202 ,
