4500 5956
1074 517 1200 580 994
1993 520 2246 580 INDEX
2298 520 2993 584 nocuMssN'ronuM.

1934 1036 2173 1096 vinculo
2200 1055 2318 1115 quo
2359 1039 2474 1098 sibi
2518 1047 2661 1100 sunt
2685 1039 2984 1111 adstricti,
3011 1038 3123 1099 sub
3149 1054 3258 1099 sua
3295 1038 3532 1114 speciali
3558 1039 3914 1114 protectione

1936 1138 2164 1211 recipit,
2196 1137 2281 1195 ita
2306 1143 2375 1197 ut
2401 1138 2763 1215 ubicumque
2787 1154 2894 1215 per
2916 1138 3226 1214 imperium
3257 1138 3417 1214 regio
3443 1137 3766 1212 patrocinio
3800 1133 3913 1193 de-

1938 1230 2272 1292 fendantur.
3797 1239 3911 1291 604

1862 1367 1943 1382 -
1980 1337 2075 1397 Ad
2103 1339 2443 1413 petitionem
2487 1340 2709 1399 civium
2730 1339 3133 1399 Bremcnsium
3151 1382 3170 1411 ,
3203 1342 3399 1398 ratum
3423 1334 3605 1396 habet
3630 1334 3793 1410 quod
3819 1351 3916 1395 ar·

1941 1433 2344 1512 chiepiscopus
2379 1437 2711 1497 Bremensis
2749 1437 3127 1497 statuendum
3166 1436 3405 1495 duxerit
3439 1449 3617 1510 super
3655 1432 3918 1493 delendis

1941 1528 2187 1589 teloneis
2221 1536 2282 1591 et
2322 1531 2736 1593 exactionibus
2761 1548 2915 1608 quae
2938 1548 3061 1591 non
3102 1546 3181 1591 ex
3207 1530 3406 1590 debito
3434 1532 3571 1606 jure
3612 1526 3918 1588 habeban-

1943 1631 2060 1684 tur.
3802 1633 3917 1684 605

1867 1760 1947 1774 -
1983 1730 2322 1805 Paupertati
2340 1733 2616 1793 eeclesiae
2630 1733 2909 1793 Uterinae
2930 1732 3117 1793 Vallis
3142 1731 3526 1806 compatiens,
3547 1743 3733 1806 quum
3758 1727 3919 1786 illam

1947 1827 2023 1886 ad
2048 1830 2245 1887 omnia
2272 1831 2533 1890 caritatis
2554 1836 2614 1890 et
2634 1829 3049 1907 hospitalitatis
3079 1844 3257 1905 opera
3282 1830 3549 1904 oporteat
3585 1841 3714 1885 8880
3749 1840 3918 1900 Pffl'fl·

1946 1929 2095 2001 tam,
2125 1925 2432 1986 ecclesiam
2459 1942 2631 1988 suam
2658 1929 2722 1986 in
2746 1926 3108 1999 Annweiler,
3125 1941 3263 1986 cum
3288 1923 3547 1997 vacabit,
3570 1922 3760 1982 eidem
3786 1937 3916 1982 coe-

1947 2019 2125 2079 nobio
2152 2020 2402 2082 confert.
3480 2076 3487 2083 ,
3808 2026 3922 2077 606

1101 2123 1175 2176 30
1195 2118 1371 2173 mart·
1404 2120 1515 2197 Ap.
1533 2118 1842 2179 Werdam.
1871 2157 1951 2167 —
1990 2124 2204 2184 Ratam
2230 2125 2408 2185 habet
2433 2132 2493 2186 et
2516 2125 2828 2187 confirmat
2853 2126 3230 2187 donationem
3245 2142 3429 2204 quam
3455 2125 3791 2186 Fridericus
3815 2126 3926 2184 mi·

1950 2224 2009 2281 ni
2016 2223 2264 2281 sterialis
2291 2221 2366 2280 de
2391 2223 2754 2301 Nordlingen
2778 2223 3052 2299 hospitali
3091 2222 3289 2284 Sancti
3323 2222 3575 2300 Spiritus
3607 2221 3685 2281 de
3721 2220 3921 2281 Nord-

1952 2316 2152 2394 lingen
2179 2316 2255 2376 de
2281 2317 2532 2393 praediis
2552 2320 2678 2380 suis
2700 2318 2863 2379 fecit.
3812 2322 3922 2374 607

1955 2518 2174 2576 mirum
2207 2516 2408 2577 Sancti
2446 2517 2794 2597 Salvatoris,
2826 2519 2947 2580 duo
2985 2519 3198 2579 horrea
3229 2519 3295 2578 in
3334 2518 3639 2578 vicinitate
3673 2518 3788 2576 sita
3823 2514 3929 2574 do·

1956 2617 2082 2672 nat.
3815 2620 3929 2671 608

1880 2749 1963 2762 -
2001 2718 2283 2796 Gregorio
2310 2735 2494 2796 papae
2518 2721 2754 2780 nuntiat
2783 2736 2848 2781 se
2869 2719 2950 2780 ad
2972 2719 3320 2780 mandatum
3356 2719 3726 2797 imperatoris
3751 2720 3937 2795 patris

1963 2913 2174 2973 militia
2199 2915 2264 2973 in
2289 2913 2523 2973 Italiam
2548 2913 2856 2974 mittenda.
3821 2921 3935 2973 609

1800 3045 1816 3063 ·
1890 3048 1968 3062 —
2008 3018 2266 3079 Henrlco
2312 3018 2742 3082 Constantiensi
2785 3021 3058 3097 episeopo
3101 3020 3370 3081 concedit
3416 3020 3744 3080 libertatem
3797 3035 3941 3079 con-

1968 3115 2232 3174 struendi
2272 3123 2333 3177 et
2367 3116 2628 3177 habendi
2661 3116 2860 3178 forum
2912 3117 3295 3195 septimanale
3326 3119 3390 3176 in
3440 3115 3726 3177 suburbio
3766 3117 3941 3175 castri

1969 3210 2300 3288 mersburg.
3825 3219 3940 3272 610

1892 3347 1974 3360 -
2013 3315 2343 3376 Conventni
2370 3317 2650 3379 Omnium
2676 3317 3027 3379 Sanctorum
3048 3321 3113 3379 in
3129 3320 3312 3397 Nigra
3330 3317 3516 3397 Sylva
3541 3319 3767 3380 confert
3789 3317 3946 3378 bona

1975 3413 2265 3489 quaedam
2292 3416 2357 3474 in
2381 3417 2688 3493 privilegio
2722 3418 3055 3491 nominata,
3089 3431 3244 3494 quae
3274 3415 3623 3477 Bertholdus
3660 3416 3737 3475 de
3762 3416 3942 3474 Win-

1976 3508 2214 3569 terbach
2239 3527 2278 3570 a
2303 3527 2367 3570 se
2393 3513 2458 3570 in
2481 3511 2722 3572 feudum
2749 3510 3010 3573 tenebat.
3830 3518 3939 3571 611

1145 3615 1180 3667 ²
1206 3608 1382 3685 Junii-
1564 3602 1745 3679 Apud
1899 3648 1980 3658 —
2017 3615 2189 3675 Cives
2213 3614 2626 3695 Spirenses,ad
2652 3618 2992 3692 petitionem
3006 3616 3257 3678 conradi
3276 3617 3567 3694 Spirensis
3578 3617 3854 3692 episcopi,
3872 3613 3948 3674 ab

1486 3699 1796 3776 Fsssslingffl
1982 3714 2286 3772 exactione
2304 3711 2562 3773 thelonei
2587 3715 2650 3772 in
2676 3712 3041 3790 oppenheim
3066 3712 3299 3775 liberat.
3834 3719 3943 3771 611

1155 3810 1384 3886 21110ίὶ-
1567 3804 1749 3883 Apud
1902 3846 1985 3860 —
2020 3814 2409 3876 Donationem
2452 3831 2619 3876 areae
2655 3822 2717 3877 et
2758 3816 3067 3892 cujusdam
3104 3817 3236 3876 viae
3274 3815 3598 3892 adJacentis
3612 3858 3631 3888 ,
3672 3813 3955 3874 fratribus

1488 3904 1797 3980 Esslingen
1983 3912 2488 3973 Praedicatoribus
2527 3929 2565 3972 a
2599 3913 2833 3974 civibus
2868 3915 2992 3973 suls
3024 3915 3090 3974 in
3128 3913 3445 3991 Ezzlingen
3477 3912 3694 3974 factam
3709 3955 3727 3985 ,
3766 3916 3955 3970 ratam

1984 4006 2163 4066 habet
2188 4014 2247 4067 et
2273 4007 2600 4068 confirmat.
3840 4013 3954 4065 612

1154 4116 1192 4167 4
1211 4110 1368 4185 Junil
1375 4144 1875 4171 ........
1911 4142 1990 4156 -
2029 4110 2319 4186 Hospitali
2345 4113 2573 4171 noviter
2610 4112 2858 4173 fundato
2882 4114 2946 4172 in
2974 4113 3286 4190 Wimplna
3304 4115 3407 4190 Jus
3433 4115 3775 4188 patronatus
3801 4109 3960 4185 apud

1992 4207 2158 4267 Fline
2183 4209 2248 4265 in
2270 4208 2491 4268 donum
2519 4208 2806 4270 concedIt.
3842 4214 3958 4265 613

1161 4316 1195 4366 5
1216 4309 1394 4384 junii.
1574 4306 1756 4385 Apud
1913 4341 1994 4357 --
2033 4310 2323 4373 officiatis
2347 4320 2406 4373 et
2429 4315 2905 4389 procuratoribus
2927 4317 3050 4376 suis
3075 4317 3140 4373 in
3166 4315 3276 4375 Uri
3301 4313 3546 4374 mandat
3569 4320 3640 4374 ut
3665 4318 3962 4373 monaste-

1502 4405 1808 4483 Esslingen
1994 4408 2151 4467 rium
2174 4407 2253 4467 de
2277 4409 2626 4485 Wettingen
2650 4408 2972 4470 defendant
3003 4426 3196 4486 neque
3231 4412 3296 4469 in
3319 4408 3586 4469 homines
3622 4410 3750 4486 ejus
3782 4422 3962 4466 exac-

1995 4506 2184 4562 tiones
2207 4503 2502 4564 indebitas
2526 4511 2858 4565 exerceant.
3674 4510 3813 4573 613,
3846 4510 3960 4561 614
