4500 5956
1053 531 1183 596 732
2060 520 2496 587 monier
2544 522 2898 588 sacuam
3510 526 3674 606 [anu.
3707 523 3883 591 ms.

1058 674 1371 741 voetrnm
1401 658 1692 756 raluirit
1710 656 2047 750 officium,
2079 658 2457 733 accumtim
2479 657 2572 757 (ἲ)
2600 657 2914 735 debitum
2947 656 3461 756 impendentes.
3489 662 3663 736 Data
3693 660 3890 760 apud

1058 791 1369 865 Mentem
1394 782 1631 859 Sancti
1655 781 1938 878 Angeli,
1971 782 2268 879 septimo
2287 783 2607 877 angusti,
2641 793 2892 858 octava
2923 781 3348 858 indictionis.

1155 912 1298 986 1⁵1oe
1326 909 1564 1005 itaque
1590 904 1889 1003 predicti
1917 904 2154 979 Simon
2181 904 2278 979 de
2310 904 2699 997 Gna-nisio,
2729 905 3051 981 unimus
3082 906 3177 981 de
3197 905 3507 981 Concilio
3536 914 3612 981 et
3631 906 3888 982 ‘ihelo-

1052 1054 1262 1111 ¹meus
1310 1077 1995 1107 .........
2042 1029 2297 1102 Sancte
2345 1028 2566 1102 Maris
2615 1038 2964 1103 taxatores
2991 1038 3064 1103 et
3090 1030 3523 1120 collectores,
3561 1028 3891 1106 mandato

1058 1158 1260 1234 curie
1287 1155 1681 1230 satisfwem
1715 1153 2114 1250 cupientes,
2163 1174 2329 1225 cum
2364 1151 2594 1225 dictus
2630 1151 2980 1226 iohannes
3016 1152 3313 1226 ‘rasurus
3363 1152 3711 1250 predictas
3742 1175 3892 1227 un-

1056 1281 1290 1356 decim
1315 1278 1557 1353 uncias
1582 1276 1737 1351 auri
1770 1297 1992 1372 nuper
2008 1275 2146 1349 sibi
2174 1273 2570 1372 impositae,
2606 1295 2838 1372 proco
2865 1273 3062 1372 quod
3085 1276 3315 1350 exivit
3338 1275 3674 1371 de'l'roia,
3700 1279 3894 1353 curie

1058 1425 1205 1479 non
1235 1401 1595 1490 solvisset,
1633 1419 1849 1473 unam
1882 1407 2149 1493 partem
2182 1407 2365 1472 terre
2388 1419 2532 1493 que
2555 1399 2690 1473 suit
2719 1398 2942 1495 ipsius
2976 1398 3315 1474 Iohannis
3343 1400 3581 1474 'raim-i
3605 1422 3749 1496 que
3784 1410 3894 1475 est

1055 1527 1314 1601 exista
1344 1533 1541 1619 parte
1569 1522 1980 1597 nun-mnis
2001 1529 2073 1596 et
2100 1542 2304 1596 secus
2337 1522 2567 1618 ipsum
2590 1522 3089 1607 Rurassonum,
3106 1520 3291 1595 sicut
3315 1522 3766 1619 infrascriptis
3794 1521 3894 1597 fl-

1061 1650 1276 1725 uibus
1321 1647 1717 1739 denotatur,
1745 1645 2029 1739 triginta
2074 1643 2350 1719 dierum
2406 1645 2665 1742 spatio,
2728 1644 2882 1719 loco
2912 1644 3420 1721 subnotacionis
3455 1655 3609 1721 aste
3639 1644 3896 1721 fiscalis

1070 1819 1746 1848 .........
1796 1788 1975 1842 voce
2020 1767 2339 1863 preconis
2385 1767 2717 1842 omnibus
2762 1765 2858 1842 de
2887 1766 3173 1842 civitate
3213 1769 3417 1847 Trois
3455 1771 3774 1844 venalem
3822 1779 3899 1844 et

1064 1894 1543 1973 denuntiatam
1568 1944 1590 1984 ,
1638 1900 1723 1963 nt
1758 1891 1923 1988 plus
1956 1889 2127 1966 inde
2170 1890 2485 1965 offerenti
2515 1891 2967 1966 venderetur.
3001 1890 3281 1967 iuterim
3322 1913 3485 1967 cum
3528 1894 3766 1968 nullus
3800 1893 3896 1969 ad

1060 2017 1383 2095 eamdem
1421 2023 1684 2112 partem
1712 2014 1933 2110 ipsius
1952 2021 2132 2088 terre
2159 2012 2530 2087 emendam
2554 2011 2649 2087 ad
2685 2035 2814 2088 nos
2852 2016 3161 2106 veniret,
3215 2016 3505 2090 consilio
3532 2016 3716 2092 inter
3765 2038 3895 2092 nos

1065 2143 1337 2233 habito,
1366 2138 1807 2237 presentibus
1858 2190 2450 2212 ........
2505 2139 2838 2212 Zachinto
2870 2148 2944 2213 et
2996 2190 3587 2215 ........
3642 2140 3895 2236 bajulis

1067 2267 1268 2342 ‘l'roie
1282 2321 1300 2354 ‚
1344 2285 1577 2336 coram
1599 2262 1881 2336 Nicolao
1914 2260 2010 2335 de
2033 2262 2340 2357 Spu-ano
2361 2262 2702 2357 imperiali
2739 2262 2938 2336 Trois
2974 2262 3216 2355 judice
3240 2272 3312 2336 et
3338 2262 3631 2336 testibus
3665 2265 3896 2339 iufra-

1060 2385 1458 2485 scriptisad
1483 2387 1617 2460 hoc
1640 2384 2039 2481 specialiter
2083 2386 2517 2478 convocatis,
2557 2384 2943 2482 predictam
2983 2394 3249 2482 partem
3288 2386 3510 2482 ipsius
3546 2395 3726 2462 ten-e
3751 2409 3896 2484 que

1062 2515 1201 2589 fuit
1224 2511 1448 2609 ipsius
1472 2507 1805 2583 lobannis
1832 2508 2095 2601 'rasni-i,
2110 2508 2294 2581 sicut
2316 2508 2770 2605 infrascriptis
2791 2508 3054 2583 finibus
3077 2508 3470 2603 denotatur,
3486 2531 3649 2584 cum
3667 2510 3894 2586 omni·

1064 2637 1202 2711 bus
1229 2632 1661 2732 pertinentiis
1680 2641 1752 2706 et
1787 2630 2200 2710 utilitatibus
2230 2632 2383 2704 suis
2405 2632 2665 2706 Iacobo
2692 2631 2786 2706 de
2819 2632 3087 2707 Padulo
3119 2654 3247 2730 pro
3273 2656 3413 2708 una
3445 2635 3655 2709 uncia
3683 2644 3758 2709 et
3781 2633 3894 2711 di·

1066 2760 1318 2852 midia,
1348 2758 1555 2832 Petro
1575 2754 1894 2830 Oddonis
1921 2776 2049 2851 pro
2075 2775 2220 2829 una
2244 2755 2456 2829 uncia
2487 2766 2559 2829 et
2592 2754 2887 2830 dimidia
2910 2765 2984 2830 et
3011 2756 3273 2832 Iacobo
3304 2756 3396 2832 de
3434 2757 3733 2856 Caleppa
3769 2779 3896 2856 pro

1061 2882 1361 2960 dimidia
1382 2880 1594 2954 uncia
1614 2878 1770 2953 auri
1786 2936 1805 2968 ,
1836 2877 2226 2953 secundnm
2255 2877 2451 2974 quod
2479 2879 2778 2954 Iacobus
2801 2877 2894 2954 de
2911 2881 3124 2954 Taeso
3145 2889 3221 2954 et
3245 2880 3544 2955 Iacobus
3567 2879 3660 2955 de
3686 2881 3897 2955 Ama·
3963 2878 3969 2885 ’

1067 3007 1338 3081 toribus
1369 3005 1758 3100 provisores
1787 3025 1832 3077 a
1860 3002 2054 3076 curia
2080 3000 2418 3095 ordinati,
2458 3002 2596 3075 viri
2629 3002 2863 3077 idonei
2905 3014 2974 3077 et
3013 3004 3304 3098 legales,
3355 3006 3638 3099 prestito
3665 3026 3896 3080 sacra-

1063 3136 1302 3202 mento
1326 3129 1534 3220 juna
1557 3125 1958 3220 qualitatem
2011 3175 2591 3198 ........
2643 3127 2885 3200 valere
2933 3135 3098 3199 suut
3139 3126 3487 3220 arbitrati,
3524 3148 3654 3225 pro
3704 3137 3898 3226 parte

1064 3250 1263 3325 cm'ie
1305 3247 1757 3322 vendidimus
1790 3256 1861 3320 et
1912 3246 2363 3339 tradidimus,
2402 3258 2475 3321 et
2503 3247 2699 3345 ipsos
2737 3248 3073 3323 Iacobum
3128 3249 3222 3327 de
3269 3251 3565 3344 Padulo,
3617 3253 3897 3332 Petrum

1059 3372 1379 3448 oddonis
1422 3380 1496 3446 et
1540 3369 1875 3443 Iacobum
1929 3367 2023 3442 de
2070 3369 2376 3466 Caleppa
2436 3370 2511 3441 in
2557 3370 2835 3444 civilem
2879 3380 2953 3445 et
2998 3372 3382 3446 naturalem
3428 3374 3897 3469 possesionem

1060 3494 1381 3591 ejusdem
1422 3502 1605 3568 terre
1655 3490 2106 3584 induximus3
2154 3513 2301 3588 que
2343 3492 2630 3588 quidem
2680 3515 2843 3590 pars
2880 3492 3069 3568 dicte
3113 3505 3301 3570 terre
3347 3496 3484 3570 hiis
3525 3496 3785 3571 linibus
3827 3507 3902 3572 et

1062 3619 1412 3696 mensuris
1437 3614 1785 3690 clauditur
1812 3640 1832 3687 ε
1854 3613 2181 3688 videlicet
2205 3616 2281 3686 in
2305 3615 2531 3712 prima
2552 3628 2755 3714 parte
2773 3637 2980 3692 secus
3001 3619 3282 3692 alteram
3299 3629 3563 3716 partem
3581 3620 3900 3716 eiusdem

1062 3756 1247 3820 terre
1279 3744 1353 3816 in
1388 3763 1533 3837 qua
1567 3746 1755 3813 tenet
1788 3738 2179 3813 Robbertus
2214 3738 2308 3813 de
2345 3740 2637 3815 Girardo
2671 3751 2837 3815 sunt
2873 3763 3122 3839 passus
3155 3743 3595 3841 septuaginta
3633 3755 3897 3842 septem

1060 3877 1139 3941 et
1161 3866 1382 3964 pedes
1406 3874 1547 3940 tres
1581 3863 1912 3960 usquein
1940 3863 2410 3937 Rurassonum
2439 3861 2583 3962 (a);
2614 3886 2661 3940 a
2696 3865 3000 3940 secunda
3031 3875 3227 3963 parte
3250 3887 3452 3942 secus
3481 3868 3713 3966 ipsum
3743 3870 3898 3943 Ru-

1060 4011 1423 4064 rassonnm
1466 3996 1635 4062 snut
1676 4008 1930 4084 pasus
1976 3983 2265 4062 ducenti
2307 4008 2538 4084 nsque
2582 3989 2656 4061 in
2695 3989 2885 4063 viam
2942 3991 3337 4088 puplicam,
3388 4014 3433 4067 a
3463 3993 3678 4070 tercia
3705 4003 3900 4091 parte

1057 4134 1268 4188 secus
1291 4113 1484 4186 viam
1513 4111 1869 4209 puplicam
1894 4120 2063 4185 sunt
2086 4132 2338 4209 passus
2360 4111 2737 4206 nonaginta
2766 4112 2910 4187 duo
2936 4123 3008 4186 et
3058 4166 3890 4192 ...........

1063 4236 1269 4308 aliam
1306 4244 1572 4330 partem
1603 4232 1919 4327 ejusdem
1973 4244 2156 4310 terre
2190 4257 2404 4330 quam
2454 4244 2641 4310 tenet
2675 4235 3080 4311 Guillelmus
3120 4240 3698 4314 Torsamontanus
3733 4250 3899 4314 sunt

1064 4379 1312 4454 passus
1345 4365 1624 4430 centum
1657 4357 2124 4454 septuaginta.
2156 4356 2221 4429 A
2252 4369 2497 4453 quarta
2529 4368 2725 4457 parte
2754 4381 2956 4435 secus
2989 4370 3241 4438 terram
3275 4362 3540 4440 domini
3581 4364 3895 4464 impera-

1147 4620 1233 4702 (a)
1277 4621 1371 4684 Ibi
1396 4622 1779 4703 etun-ahgi
1812 4624 2631 4702 enampomtffivaoeoemm.
