4500 5956
1115 630 1235 692 '140
2116 625 2544 687 Fnlnssnlct
2595 628 2932 688 summm
3564 629 3723 707 [Anu.
3764 629 3934 690 1235.

2230 920 2413 929 ...ιη-.-
2425 921 2618 930 n———n-
2639 923 2829 931 -4———-m--
2843 923 3213 932 η-ω-ῤ--ω-α--η
3232 925 3246 931 -
3263 926 3350 932 -—--*
3365 927 3378 932 -
3393 926 3404 932 -
3418 925 3512 935 -*⁴-

1224 1193 1280 1275 F
1284 1193 1649 1276 ridericus
1667 1255 1689 1297 ‚
1745 1192 2270 1275 Romanorum
2323 1191 2764 1301 imperator,
2832 1195 3444 1278 constitutionem
3508 1197 3937 1304 generalem

980 1367 1029 1433 ι·
1116 1326 1556 1436 promulgat
1602 1324 1747 1408 sub
1784 1323 2225 1433 quindecim
2262 1324 2611 1432 capitulis
2665 1325 3097 1408 distinctam
3123 1389 3147 1433 ,
3188 1328 3287 1408 ad
3326 1337 3609 1410 statum
3646 1327 3935 1437 imperii

1118 1460 1196 1540 in
1234 1459 1714 1542 observantia
1750 1457 1960 1567 pacis
1995 1468 2071 1538 et
2104 1457 2545 1540 executione
2574 1457 2913 1565 justitiae
2948 1457 3550 1541 reformandum.

1285 1658 1473 1736 (Edit.
1503 1676 1601 1735 ap.
1632 1658 1908 1733 Senuux,
1939 1659 2209 1739 Beitraqe
2234 1675 2347 1718 zur
2380 1659 2650 1719 Maium
2680 1658 2911 1737 Gescla„
2943 1667 2989 1721 t.
3020 1662 3084 1736 1,
3121 1678 3182 1737 p.
3217 1670 3350 1723 354.
3375 1663 3680 1723 —Hom
3700 1705 3718 1734 ,
3764 1662 3935 1724 Zeit-

1360 1761 1565 1841 schnst
1584 1805 1601 1836 ‚
1630 1770 1670 1822 t.
1708 1765 1799 1836 H,
1829 1780 1890 1839 p.
1927 1772 2063 1833 190,
2094 1780 2231 1824 cum
2263 1764 2752 1824 variantibus.—
2777 1765 3048 1841 Dumna,
3075 1763 3545 1841 Nebenstundm,
3576 1782 3720 1827 ann.
3758 1775 3930 1837 1768,

1357 1887 1419 1946 p.
1453 1879 1679 1930 433.-
1704 1870 1922 1944 Pam-z,
1954 1869 2209 1928 Monam.
2246 1868 2444 1929 Germ.
2483 1872 2734 1941 Hister..
2765 1877 2813 1931 t.
2845 1872 2954 1945 IV,
2981 1889 3042 1948 p.
3078 1882 3224 1944 8¹33
3257 1873 3393 1932 coll.
3424 1873 3557 1933 cod.
3588 1872 3733 1932 bibl.
3764 1872 3929 1949 publ.

1356 1976 1884 2047 Francofurtanae,
1925 1978 2068 2036 olim
2114 1976 2178 2038 S.
2209 1977 2604 2050 Bartholom„
2647 1993 2765 2037 sec.
2812 1978 2987 2053 xm,
3017 1984 3077 2037 et
3110 1978 3316 2038 charta
3351 1980 3519 2038 civit.
3557 1978 3929 2049 Tremoniae,

1355 2084 1538 2143 seculi
1566 2083 1860 2159 ejusdem,
1888 2099 2050 2142 nunc
2076 2085 2141 2142 in
2168 2083 2409 2143 archivo
2435 2083 2783 2159 provinciali
2807 2082 3305 2161 Monasteriensi.)

1208 2260 1596 2334 Fridericus
1642 2261 2028 2350 secundus,
2072 2260 2311 2334 divina
2366 2263 2642 2334 favente
2684 2262 3045 2335 clementia
3078 2262 3539 2334 Romanorum
3569 2262 3935 2357 imperator

1110 2406 1383 2480 semper
1431 2394 1808 2473 augustus,
1851 2384 2223 2455 Jerusalem
2260 2394 2330 2455 et
2364 2384 2595 2456 Sicilie
2649 2405 2798 2456 rex.
2847 2384 3226 2478 imperialis
3271 2384 3638 2456 eminentie
3682 2385 3929 2457 solium

1110 2519 1284 2579 nutu
1324 2506 1562 2581 divine
1600 2505 2010 2601 provisionis
2041 2505 2301 2600 adepti,
2330 2507 2512 2579 circa
2540 2507 2846 2600 regimen
2884 2507 3348 2598 subjectorum
3387 2507 3671 2579 consilia
3705 2516 3930 2579 nostra

1112 2628 1373 2726 duplici
1412 2631 1696 2701 vinculo
1732 2629 1922 2725 pacis
1944 2638 2013 2701 et
2038 2630 2306 2721 justitie
2341 2629 2729 2702 roboranda
2769 2628 3198 2724 providimus
3225 2639 3304 2701 ut
3329 2651 3454 2724 per
3480 2631 3609 2702 hec
3638 2631 3930 2702 nominis

1108 2754 1320 2825 nostri
1358 2754 1725 2826 celebritas
1762 2754 2015 2825 habeat
2044 2752 2240 2847 quod
2268 2753 2400 2826 sibi
2424 2764 2651 2826 servet
2681 2751 2773 2825 ad
2809 2752 3126 2845 gloriam,
3160 2753 3458 2826 subditis
3481 2752 3574 2826 ad
3609 2755 3923 2827 salutem.

1104 2878 1213 2948 Ex
1247 2877 1359 2948 his
1393 2878 1576 2949 enim
1612 2879 1941 2974 precipue
1973 2878 2282 2949 munitur
2308 2877 2678 2948 auctoritas
2709 2877 3140 2971 imperantiS,
3185 2899 3342 2949 cum
3384 2878 3455 2948 in
3493 2878 3930 2951 observantia

1104 3003 1297 3096 pacis
1319 3011 1387 3074 et
1417 3002 1826 3075 executione
1851 3003 2117 3093 justitie
2139 3012 2477 3095 quantum
2503 3001 2823 3073 terribilis
2855 3010 2957 3073 est
2976 3003 3345 3096 perversis,
3366 3012 3628 3073 tantum
3657 3014 3761 3074 est
3789 3003 3928 3075 de-

1104 3123 1495 3196 siderabilis
1546 3126 1952 3197 mansuetis.
2002 3124 2294 3196 Proinde
2348 3145 2509 3195 cum
2564 3122 2658 3195 ad
2701 3125 3134 3195 commissam
3183 3124 3384 3195 nobis
3433 3125 3923 3219 rempublicam

1104 3247 1627 3341 gubernandam
1655 3270 1778 3320 nos
1803 3269 2055 3341 urgens
2091 3269 2256 3319 cura
2284 3247 2601 3318 sollicitet
2626 3257 2704 3318 ut
2741 3248 2874 3319 sub
2905 3248 3082 3320 felici
3128 3256 3513 3320 nostrorum
3539 3257 3922 3343 temporum

1102 3379 1284 3443 statu
1308 3370 1488 3442 circa
1518 3371 1863 3461 subjectos
1901 3371 2114 3442 nostri
2149 3370 2417 3464 imperii
2457 3369 2749 3465 populos
2795 3371 3024 3464 vigeat
3060 3372 3251 3466 pacis
3286 3379 3356 3444 et
3378 3370 3641 3462 justitie
3676 3371 3926 3443 mode-

1103 3514 1339 3566 ramen
1362 3546 1381 3582 ,
1422 3493 1581 3565 licet
1609 3515 1732 3588 per
1761 3503 1969 3566 totam
2005 3492 2440 3565 Germaniam
2477 3494 2826 3565 constituti
2863 3495 3107 3566 vivant
3143 3495 3214 3565 in
3257 3495 3486 3566 causis
3523 3502 3593 3565 et
3632 3493 3923 3587 negotiis

1105 3618 1530 3713 privatorum
1561 3614 2179 3688 consuetudinibus
2216 3617 2602 3710 antiquitus
2640 3615 2909 3689 traditis
2944 3627 3011 3689 et
3045 3619 3206 3710 jure
3243 3640 3380 3690 non
3417 3618 3710 3712 scripto,
3757 3618 3923 3710 quia

1104 3749 1334 3812 tamen
1385 3737 1605 3811 ardua
1659 3739 1959 3832 quedam
2009 3760 2149 3833 que
2202 3743 2589 3833 generalem
2624 3749 2877 3812 statum
2927 3750 2997 3812 et
3050 3741 3604 3833 tranquillitatem
3657 3742 3923 3837 imperii

1106 3863 1565 3936 reformabant
1601 3860 1912 3934 nondum
1955 3864 2224 3934 fuerant
2262 3863 2650 3956 specialiter
2692 3862 3118 3953 introducta,
3166 3884 3463 3956 quorum
3499 3872 3752 3956 partem
3780 3864 3926 3936 ali—

1105 4009 1317 4080 quam
1351 3986 1693 4080 siquando
1729 4008 1930 4058 casus
1958 3985 2270 4059 trahebat
2298 3986 2370 4057 in
2409 4007 2720 4073 causam,
2754 3985 2912 4058 ficta
2938 3986 3161 4078 magis
3191 3986 3423 4079 opinio
3452 4007 3660 4079 quam
3691 3988 3921 4057 statuti
3972 4064 3977 4067 ,

1099 4111 1279 4200 juris
1300 4120 1423 4182 aut
1450 4121 1727 4204 optente
1758 4110 2283 4184 contradictorio
2300 4111 2566 4202 judicio
2590 4109 3108 4182 consuetudinis
3133 4111 3469 4181 sententia
3488 4110 3915 4196 terminabat;

1109 4231 1198 4304 de
1235 4233 1517 4304 consilio
1551 4242 1619 4304 et
1660 4255 1944 4306 assensu
1989 4234 2392 4305 dilectorum
2444 4234 2828 4327 principum
2882 4233 3492 4305 ecclesiasticorum
3541 4245 3610 4310 et
3642 4234 3923 4307 secula·-

1108 4354 1287 4426 rium
1323 4355 1394 4424 in
1431 4357 1762 4450 solempni
1800 4356 1990 4427 curia
2027 4356 2370 4428 celebrata
2400 4357 2755 4448 Moguntie
2800 4356 3320 4428 constitutiones
3345 4356 3686 4451 quasdam
3719 4357 3920 4428 certis

1108 4478 1428 4571 capitulis
1449 4478 1994 4570 comprehensas,
2025 4480 2455 4572 presentibus
2479 4479 2735 4551 eisdem
2766 4478 3215 4574 principibus,
3239 4480 3586 4552 nobilibus
3605 4480 3919 4574 plurimis

1107 4610 1176 4674 et
1207 4600 1363 4672 aliis
1401 4600 1719 4673 fidelibus
1747 4601 2041 4695 imperii,
2068 4602 2356 4673 fecimus
2392 4603 2851 4697 promulgari;
2881 4625 3056 4696 quas
3084 4602 3152 4673 in
3188 4603 3463 4697 publica
3495 4602 3918 4676 munimenta

1108 4724 1419 4798 redactas
1467 4724 1557 4795 ab
1601 4722 1940 4796 universis
1968 4734 2036 4794 et
2072 4725 2365 4817 singulis
2394 4727 2730 4816 jussimus
2776 4726 3260 4799 inviolabiliter
3300 4726 3651 4798 observari
3676 4777 3696 4816 ,
3742 4747 3918 4820 pena
