4500 5956
1643 680 2023 775 INDEX
2094 682 2913 779 MATERIARUM

1839 913 2319 977 VOLUMINIS
2373 914 2693 990 QUARTI

1521 1095 1652 1140 TA!
1709 1095 1771 1140 m
1825 1095 2034 1139 PRIMA
2090 1096 2267 1151 Quen
2313 1097 2376 1141 m
2429 1096 2726 1141 SECUNDA
2778 1096 3009 1144 rann.

863 1510 1319 1573 constitutiones
1358 1510 1524 1589 regui
1562 1478 1827 1590 Siculae,
1853 1515 1985 1570 tum
2019 1508 2381 1584 Melfienses‚
2408 1515 2539 1571 tum
2564 1525 2717 1587 quae
2741 1514 2941 1587 postea
2965 1509 3213 1572 diversis
3236 1517 3471 1591 tempo·
3508 1433 3665 1489 ΡΨ.

940 1616 1106 1678 ribus
1132 1633 1170 1678 a
1194 1617 1487 1677 Friderico
1515 1616 1773 1677 secundo
1803 1616 1993 1677 editae
2016 1615 2259 1676 fuerunt
2263 1656 3462 1680 ...................
3632 1633 3656 1684 1

857 1748 1173 1827 Appendix
1209 1751 1720 1811 constitutionum.
1779 1789 1797 1808 .
1855 1789 3459 1813 .........................
3547 1763 3661 1816 240

857 1882 1209 1961 Fragmenta
1235 1884 1401 1943 varia
1423 1882 1502 1943 ad
1537 1899 1631 1944 res
1656 1880 1885 1943 fiscales
1909 1882 2260 1958 pertinentia
2299 1896 2377 1941 ex
2416 1881 2680 1959 registris
2712 1880 2994 1941 Frideriei
3019 1882 3261 1943 secundi
3292 1882 3469 1947 hodie

934 1987 1270 2064 deperditis.
1331 2032 1350 2050 .
1406 2025 3459 2053 ................................
3545 2002 3658 2053 250

853 2120 1044 2181 Index
1076 2120 1337 2197 capitum
1345 2158 3459 2184 .................................
3542 2133 3658 2187 255

851 2252 1136 2313 Frideriei
1174 2252 1445 2328 secundi,
1493 2253 1899 2315 Romanorum
1927 2252 2324 2328 imperatoris,
2361 2250 2689 2311 Jerusalem
2726 2256 2788 2312 et
2823 2251 3057 2313 Siciliae
3096 2255 3285 2333 regis,
3324 2255 3463 2317 His-

930 2360 1117 2420 toriae
1154 2357 1563 2436 diplomaticae
1598 2375 1735 2436 pars
1772 2363 1985 2437 quarta
1998 2401 2018 2431 ‚
2059 2373 2097 2418 a
2132 2372 2338 2418 mense
2380 2355 2696 2435 septembri
2743 2365 2891 2419 1231
2942 2358 3020 2419 ad
3064 2374 3329 2421 mensem
3360 2364 3466 2439 Ju-

930 2467 1098 2527 11111111
1141 2474 1321 2527 1235.
1380 2508 1399 2527 .
1461 2508 1481 2527 .
1536 2504 3461 2529 ..............................
3545 2477 3660 2530 265

848 2599 1090 2659 Henriei
1114 2599 1371 2677 septimi,
1399 2598 1798 2660 Romanorum
1827 2599 2001 2675 regis,
2036 2598 2331 2658 Historiae
2357 2596 2765 2675 diplomaticae
2802 2612 2938 2674 pars
2964 2598 3165 2671 tertia,
3195 2614 3233 2659 a
3266 2616 3466 2661 mense

927 2702 1152 2764 octobri
1187 2711 1331 2763 1231
1376 2702 1455 2763 ad
1489 2718 1748 2763 mensem
1768 2703 2010 2779 JunIum
2040 2711 2193 2763 1235
2199 2741 3459 2766 ....................
3545 2716 3657 2768 555

847 2835 1130 2896 Friderici
1162 2834 1402 2897 secundi
1416 2878 1436 2909 ,
1468 2834 1872 2895 Romanorum
1905 2834 2275 2910 imperatoris
2293 2874 2310 2906 ,
2350 2832 2676 2893 Jerusalem
2710 2838 2771 2893 et
2803 2832 3035 2894 Siciliae
3077 2833 3231 2912 regis
3247 2880 3266 2913 ,
3308 2836 3462 2896 His-

924 2943 1110 3003 toriae
1142 2941 1554 3019 diplomaticae
1583 2956 1721 3018 pars
1745 2942 1986 3018 quinta,
2025 2956 2063 3002 a
2100 2955 2303 3002 mense
2322 2940 2493 3017 junio
2535 2946 2687 2999 1235
2729 2938 2807 2999 ad
2832 2953 3094 3000 mensem
3120 2943 3462 3018 jannarium

931 3055 1082 3109 1237
1089 3087 3448 3110 .....................................
3536 3059 3649 3112 727

844 3181 1265 3244 Additamenta
1296 3180 1374 3241 ad
1409 3186 1683 3260 quartam
1721 3185 1782 3241 et
1813 3180 2081 3258 quintam
2118 3183 2349 3256 partem
2376 3178 2669 3239 Historiae
2702 3177 3108 3257 diplomaticae
3111 3220 3453 3242 ......
3540 3190 3652 3244 935

844 3313 1209 3375 Documenta
1247 3313 1451 3389 spuria
1456 3351 3454 3377 ...............................
3539 3324 3654 3378 956

843 3445 1027 3507 Index
1053 3444 1541 3506 documentorum
1566 3461 1720 3522 quae
1745 3445 1811 3504 in
1834 3442 1949 3505 hoc
1974 3444 2275 3505 volumine
2298 3442 2652 3505 exhibentur
2678 3444 2805 3505 sive
2838 3450 3256 3507 memorantur.
3305 3490 3323 3508 .
3369 3488 3389 3508 .
3438 3490 3454 3509 .
3540 3455 3645 3509 961

841 3578 1029 3639 Index
1054 3579 1361 3670 nominum
1387 3583 1447 3637 et
1471 3593 1852 3654 personarum
1860 3619 3452 3639 .........................
3501 3588 3652 3639 1009

841 3711 1032 3772 Index
1069 3711 1333 3771 locorum
1361 3712 1485 3770 sive
1519 3708 1940 3788 geographieus
1947 3748 3448 3770 ........................
3500 3717 3646 3771 1031

842 3839 1133 3903 Addenda
1158 3845 1220 3901 et
1244 3839 1587 3918 corrigenda
1593 3879 2725 3900 ..................
2754 3924 2758 3930 v
2775 3878 3120 3898 ......
3126 3871 3133 3881 ·
3171 3882 3185 3899 .
3234 3879 3252 3898 .
3281 3881 3320 3917 ,.
3368 3883 3385 3902 .
3434 3882 3451 3901 .
3500 3849 3648 3903 1043
