4500 5956
716 574 904 632 lame-r.
938 569 1029 647 9.]
1607 566 1998 627 ulS'ronlA
2049 566 2633 626 DIPLOMA'HCA.
3413 568 3531 627 773

807 704 1181 798 Gregorius
1202 756 1222 791 ,
1261 711 1394 775 etc.
1417 754 1438 793 ,
1479 700 1825 773 Friderico
1871 703 2333 773 Romanorum
2366 701 2793 795 imperatori,
2838 712 2970 773 etc.
3015 702 3313 795 Dignum
3346 702 3531 775 illius

717 828 999 900 assumit
1042 827 1317 900 animus
1357 824 1693 919 gaudium
1751 824 1874 918 qui
1926 846 2002 896 se
2043 823 2481 896 brachiorum
2534 825 2800 896 viribus
2848 825 2939 896 ab
2984 825 3271 897 aliorum
3324 827 3532 899 sentit

719 950 1231 1046 impugnatione
1259 950 1628 1039 munitum,
1664 957 1732 1021 et
1761 946 2268 1019 firmamentum
2305 956 2472 1018 tunc
2505 947 2832 1019 decorum
2866 948 3156 1020 efficitur
3180 972 3339 1022 cum
3369 951 3532 1023 lune

720 1095 923 1167 quam
961 1095 1101 1146 non
1149 1072 1441 1146 offuscat
1488 1072 1787 1168 eclypsis
1825 1070 2039 1142 radiis
2092 1070 2488 1142 illustratur.
2543 1070 2752 1142 Porro
2794 1072 2852 1142 si
2907 1072 3265 1145 brachium
3313 1074 3533 1146 desti-

722 1205 946 1267 tuatur
976 1196 1280 1291 potentia
1319 1205 1389 1268 et
1418 1195 1583 1266 luna
1620 1203 1894 1288 propter
1930 1203 2264 1265 terrarum
2296 1193 2564 1265 obicem
2608 1194 2846 1265 solaris
2878 1195 2967 1265 sit
3010 1196 3290 1267 luminis
3321 1198 3530 1270 bene-

722 1318 868 1390 ficio
911 1319 1236 1413 spoliata,
1279 1340 1441 1413 pars
1485 1327 1709 1390 cetera
1751 1317 2061 1413 corporis
2121 1316 2517 1411 iniquorum
2569 1317 2840 1408 injuriis
2875 1328 2944 1388 et
2983 1319 3271 1409 jacturis
3316 1340 3536 1414 expo-

724 1443 898 1514 nitur
942 1453 1011 1515 et
1061 1443 1189 1515 celi
1226 1442 1438 1515 facien
1481 1441 1697 1514 noctis
1743 1449 2050 1536 tempore
2085 1440 2509 1532 denigratur.
2560 1440 2680 1511 His
2729 1441 2982 1512 etenim
3020 1441 3536 1517 inductionibus

724 1566 988 1658 moniti,
1043 1567 1153 1638 his
1204 1567 1406 1639 etiam
1465 1565 1848 1638 rationibus
1898 1564 2219 1655 excitati,
2268 1574 2347 1635 ut
2398 1566 2721 1656 majestas
2762 1567 3151 1657 augmentis
3200 1578 3535 1661 augeatur

725 1698 1009 1782 augusta
1044 1688 1397 1779 felicibus,
1450 1696 1527 1758 ut
1561 1687 1654 1759 ad
1692 1690 1845 1780 ejus
1882 1685 2284 1760 mandatum
2319 1687 2592 1760 rebellis
2632 1687 2905 1780 redeat,
2943 1688 3007 1759 ei
3049 1688 3373 1762 subditus
3410 1712 3535 1785 pa-

724 1821 859 1883 reat
888 1821 957 1884 et
1004 1812 1137 1882 sibi
1168 1812 1506 1883 barbarus
1531 1812 1621 1882 sit
1652 1810 2005 1901 subjectus
2032 1810 2325 1881 ferventi
2356 1809 2700 1882 desiderio
2728 1812 3080 1906 cupimus,
3125 1824 3194 1884 et
3221 1814 3537 1889 residens

726 1936 787 2006 in
823 1936 1035 2008 nostri
1080 1936 1373 2030 pectoris
1418 1944 1682 2006 secreto
1711 1934 2132 2030 propositum
2165 1955 2250 2006 eo
2277 1934 2605 2007 libentius
2647 1935 3034 2008 actionibus
3074 1938 3529 2034 explicamus,

725 2080 853 2151 quo
893 2060 1135 2132 fortius
1172 2060 1245 2129 in
1289 2058 1706 2131 exaltatione
1753 2057 2022 2152 imperii
2064 2057 2256 2151 quod
2300 2057 2610 2130 defensio
2656 2068 2763 2131 est
2790 2057 3180 2153 Apostolice
3223 2064 3422 2136 Sedis
3467 2077 3536 2138 et

725 2181 1107 2274 brachium,
1155 2183 1566 2255 sublimatur
1614 2192 1685 2255 et
1734 2183 2108 2256 honoratur
2146 2182 2493 2272 Ecclesia,
2546 2204 2688 2277 quo
2733 2183 3133 2257 damnosius
3182 2187 3255 2257 in
3319 2188 3537 2283 ipsius

724 2308 905 2399 quod
951 2317 1057 2379 est
1105 2308 1404 2379 Ecclesie
1447 2307 1844 2401 speculum,
1889 2305 2333 2400 depressione
2376 2306 2783 2401 opprimitur
2828 2316 2897 2379 et
2935 2308 3026 2379 ab
3070 2308 3368 2382 hostium
3417 2333 3538 2383 re-

725 2442 948 2503 manet
1000 2432 1587 2522 persecutionibus
1641 2430 2026 2503 indefensa.
2078 2432 2260 2502 Sane
2291 2450 2451 2500 cum
2486 2430 2686 2522 olim,
2731 2430 2911 2502 sicut
2956 2434 3306 2522 asseritur,
3347 2432 3538 2508 cives

725 2553 1144 2626 Acconenses
1186 2554 1591 2627 excellentie
1627 2563 1745 2627 tue
1777 2553 2070 2627 rebelles
2119 2554 2417 2626 existere
2457 2563 2661 2648 teque
2697 2555 2892 2647 regni
2938 2556 3536 2651 Hierosolymitani

722 2678 1288 2773 presumpsissent
1309 2678 1583 2769 juribus
1630 2678 1964 2774 spoliare,
2009 2677 2385 2750 venerabili
2423 2678 2614 2749 fratri
2648 2685 2971 2749 nostro...
3021 2678 3537 2775 archiepiscopo

722 2801 1091 2875 Ravennati
1147 2801 1241 2874 ad
1295 2810 1521 2896 partes
1579 2802 1730 2873 illas
1791 2801 2240 2896 personaliter
2320 2800 2676 2873 accedenti
2748 2801 3137 2894 apostolicis
3212 2801 3536 2876 dedimus

721 2924 948 2999 litteris
999 2927 1070 2997 in
1113 2925 1458 3000 mandatis
1504 2934 1578 2998 ut
1611 2946 1732 2999 eos
1776 2924 1968 3021 quod
2017 2926 2306 2997 formam
2351 2925 2537 3020 pacis
2585 2925 2760 2996 inter
2802 2932 2869 2996 te
2904 2946 2986 2996 ac
3017 2924 3167 2997 illos
3213 2926 3537 3000 median-

724 3049 903 3122 tibus
944 3049 1322 3123 venerabili
1365 3050 1552 3123 fratri
1602 3059 1834 3123 nostro
1879 3049 2263 3143 patriarcha
2315 3047 2741 3121 Antiocheno
2795 3057 2864 3120 et
2911 3049 3162 3121 dilecto
3211 3048 3349 3124 filio
3392 3075 3537 3125 ma·

721 3173 925 3265 gistro
968 3173 1216 3245 domus
1251 3172 1824 3247 Theutonicorum
1862 3182 2216 3246 tractatam
2244 3172 2724 3263 observarent,
2774 3171 3134 3246 induceret
3168 3171 3230 3270 (l
3246 3174 3299 3272 ).
3345 3175 3537 3250 Alio-

722 3296 884 3386 quin
915 3296 1151 3367 omnia
1171 3349 1191 3385 ,
1235 3296 1467 3388 quoad
1488 3297 1607 3388 jus
1645 3296 2098 3391 possessionis
2127 3305 2197 3368 et
2221 3296 2677 3390 proprietatis,
2717 3295 2790 3366 in
2819 3317 2980 3368 eum
3010 3306 3264 3371 statum
3297 3300 3370 3371 in
3396 3322 3538 3394 quo

723 3426 873 3491 ante
906 3430 1129 3491 ortam
1165 3419 1588 3493 discordiam
1625 3420 1800 3492 inter
1842 3419 2254 3492 Riccardum
2299 3418 2762 3512 Filangerium
2802 3421 3293 3493 marescalcum
3339 3433 3538 3496 tuum

723 3550 786 3612 et
825 3541 1093 3614 nobiles
1139 3553 1208 3614 et
1255 3542 1548 3618 barones
1600 3545 1793 3637 regni
1842 3542 2134 3637 predicti
2189 3552 2258 3615 et
2305 3541 2494 3614 cives
2541 3541 2823 3614 eosdem
2867 3543 3082 3616 fuisse
3131 3553 3532 3635 noscuntur,

724 3663 1120 3739 auctoritate
1147 3677 1376 3738 nostra
1401 3666 1767 3758 reducenS,
1793 3667 2324 3739 contradictores
2351 3677 2421 3737 et
2446 3665 2737 3737 rebelles
2764 3687 3057 3738 censura
3083 3667 3540 3741 ecclesiastica

728 3799 1087 3862 coerceret.
1132 3791 1304 3882 Qui,
1345 3801 1715 3885 antequam
1757 3791 1891 3862 sihi
1943 3790 2033 3863 de
2074 3790 2384 3886 predicte
2420 3790 2611 3884 pacis
2650 3811 2862 3882 quam
2903 3788 3066 3860 dicti
3105 3789 3540 3863 Acconenses

728 3913 1006 4006 probare
1058 3914 1387 3986 volebant
1422 3915 1640 3987 forma
1695 3923 2074 4004 constaret,
2117 3913 2330 3985 nostri
2383 3912 2690 3984 mandati
2747 3910 2995 3983 ordine
3043 3933 3182 3984 non
3236 3923 3533 4005 servato,

727 4035 1198 4110 celsitudinem
1233 4047 1424 4111 tuam
1461 4047 1533 4110 et
1571 4038 1871 4111 nobilem
1906 4037 2136 4109 virum
2163 4028 2554 4108 Conradum
2591 4046 2829 4105 natum
2860 4043 3054 4105 tuum
3102 4035 3196 4108 ad
3228 4036 3542 4131 predicta

728 4161 1051 4250 restituit3
1085 4172 1155 4234 et
1183 4161 1376 4255 quod
1403 4163 1595 4235 cives
1616 4172 1685 4235 et
1711 4161 1984 4259 syndici
2001 4161 2437 4233 Acconenses
2459 4159 2720 4252 prefato
2743 4158 3074 4230 Riccardo
3108 4161 3534 4252 marescallo,

728 4291 838 4356 tuo
866 4292 936 4358 et
961 4282 1279 4376 ejusdem
1312 4286 1456 4358 nati
1485 4286 1799 4375 nomine,
1838 4305 1922 4357 ac
1958 4285 2113 4358 aliis
2144 4283 2398 4376 bajulis
2424 4302 2599 4375 quos
2627 4278 2725 4352 ibi
2754 4303 2880 4377 pro
2913 4289 3222 4377 tempore
3252 4282 3541 4357 duxeris

791 4578 863 4651 (⁴)
899 4578 983 4636 cf.
1003 4593 1220 4653 quoque
1241 4578 1493 4637 mandatu
1516 4593 1660 4653 quae
1683 4577 1754 4635 de
1778 4578 1942 4651 huius
1966 4577 2356 4652 archiepiscopi
2383 4576 2665 4650 legatione,
2680 4577 2807 4633 data
2824 4575 3048 4650 Spoleti,
3073 4579 3106 4631 8
3129 4577 3340 4651 augusti
3372 4580 3532 4648 ⁴234,

728 4673 966 4745 praelatis
988 4681 1046 4733 et
1069 4674 1338 4736 universis
1357 4674 1510 4751 regui
1534 4674 2005 4751 Hierosolymitaui
2029 4689 2175 4750 papa
2207 4674 2505 4747 direxerat,
2533 4680 2590 4732 et
2615 4689 2780 4748 supra
2795 4673 3141 4745 exhibentur,
3165 4690 3225 4748 p.
3256 4675 3352 4732 ‘st
3367 4715 3382 4745 ,
3412 4675 3537 4732 ⁴82.
