4500 5956
592 565 790 624 lxmc‘r.
828 563 951 642 10.]
1492 560 1883 623 HISTORIA
1932 562 2519 629 DIPLOMATICA.
3284 569 3407 631 919

592 699 661 769 in
701 697 1028 786 excelsis,
1071 696 1345 791 proprie
1388 696 1661 770 ruinam
1705 699 2122 772 conscientie
2172 710 2486 773 metuens
2538 701 2917 794 evolassent,
2963 724 3121 774 cum
3164 725 3402 797 regum

594 822 768 895 colla
795 830 864 894 et
898 821 1292 917 principum
1326 819 1637 892 submitti
1681 820 1926 895 videas
1959 823 2256 917 genibus
2283 824 2744 915 sacerdotum,
2782 835 2851 897 et
2882 825 3235 898 christiani
3273 829 3404 899 im-

596 954 941 1040 peratores
973 943 1276 1017 subdere
1309 943 1609 1019 debeant
1641 946 2086 1020 executiones
2114 969 2278 1021 suas
2310 970 2447 1020 non
2478 951 2700 1021 solum
2728 950 3036 1022 Romano
3067 950 3398 1044 pontifici,

591 1070 761 1162 quin
817 1068 1024 1141 etiam
1061 1068 1215 1141 aliis
1258 1068 1647 1163 presulibus
1682 1089 1821 1141 non
1859 1071 2202 1165 preferre,
2254 1093 2521 1144 necnon
2557 1073 2892 1145 Dominus
2925 1072 3170 1146 Sedem
3208 1073 3403 1168 Apo-

597 1192 932 1279 stolicam,
973 1194 1173 1285 cujus
1201 1190 1468 1285 judicio
1498 1192 1732 1265 orbem
1767 1202 2100 1265 terrarum
2127 1194 2408 1286 subjicit
2443 1195 2514 1266 in
2545 1196 2830 1267 occultis
2872 1205 2944 1267 et
2986 1196 3401 1287 manifestiS,

593 1338 635 1387 a
677 1316 956 1389 nemine
1002 1314 1459 1407 judicandam
1507 1316 1635 1389 soli
1682 1338 1815 1389 suo
1862 1317 2129 1409 judicio
2187 1318 2573 1391 reservarit.
2637 1317 2728 1390 At
2782 1319 3083 1392 fortassis
3135 1320 3409 1413 ignoras

589 1438 783 1533 quod
835 1440 972 1513 Oza
1041 1432 1259 1513 mo'rte
1323 1440 1700 1536 percutitur
1754 1461 1840 1513 eo
1895 1440 2084 1536 quod
2139 1463 2373 1514 arcam
2431 1442 2703 1514 Domini
2755 1443 3150 1516 inclinatam
3199 1466 3407 1517 manu

593 1563 953 1637 temeraria
999 1564 1339 1637 sustinere
1395 1565 1799 1654 conabatur,
1849 1574 1919 1638 et
1976 1567 2199 1639 tribus
2265 1565 2525 1639 Chaath
2581 1587 2720 1660 que
2769 1588 2937 1639 vasa
2986 1569 3403 1640 tabernaculi

593 1686 886 1783 propriis
932 1687 1243 1761 involuta
1278 1688 1592 1783 portabat
1626 1687 1933 1762 humeris
1955 1743 1977 1781 ,
2017 1691 2303 1786 paribus
2341 1689 2687 1763 addicitur
2715 1688 3162 1783 detrimentis,
3205 1693 3264 1763 si
3302 1703 3406 1764 ta·

591 1811 1041 1885 bernaculum
1074 1812 1290 1884 solius
1323 1811 1554 1885 Aaron
1589 1810 2018 1907 dispositioni
2053 1814 2497 1886 commissum
2534 1813 2809 1904 ingredi
2844 1815 2954 1886 vel
2989 1836 3157 1887 vasa
3195 1836 3412 1887 sanc-

593 1934 797 2007 tuarii
842 1934 1246 2029 priusquam
1288 1935 1598 2009 involuta
1634 1937 1888 2009 fuerint
1929 1938 2072 2009 ulla
2119 1937 2514 2011 curiositate
2552 1935 2807 2009 audeat
2851 1937 3144 2009 intueri?
3180 1938 3408 2022 Quare

591 2060 651 2131 si
714 2069 780 2132 te
815 2059 908 2132 ad
956 2060 1221 2134 notoria
1255 2061 1433 2133 t'acta
1471 2070 1591 2134 tua
1620 2059 2042 2156 speculanda
2079 2060 2445 2133 reduceres
2466 2113 2488 2153 ,
2536 2081 2676 2132 uon
2719 2061 2941 2132 solum
3004 2058 3093 2132 de
3129 2071 3400 2148 nostra,

592 2184 800 2257 immo
824 2183 1143 2277 judicare
1171 2183 1263 2257 de
1290 2185 1710 2287 conscientia
1748 2185 1959 2258 etiam
1990 2184 2360 2276 cujuslibet
2398 2185 2497 2255 tui
2529 2183 2791 2257 subditi
2823 2182 3197 2256 dubitares.
3230 2185 3410 2280 Ergo

591 2307 753 2401 quia
791 2307 883 2381 de
926 2307 1343 2381 conscientia
1385 2309 1615 2403 agitur
1658 2319 1737 2380 ut
1790 2317 2027 2381 contra
2076 2308 2568 2381 conscientiam
2620 2308 3006 2380 secundum
3059 2309 3412 2382 couscien-

592 2430 754 2504 tiam
798 2430 1238 2527 procedatur,
1278 2453 1439 2505 cum
1477 2441 1707 2505 nostre
1752 2433 1993 2505 fuisset
2037 2432 2454 2505 conscientie
2494 2431 2839 2525 liquidum
2880 2430 3069 2524 quod
3114 2430 3206 2504 de
3248 2433 3411 2507 red-

592 2553 841 2627 dendis
900 2556 1449 2650 possessionibus
1518 2556 1825 2632 Ecclesia
1887 2558 2193 2630 Romane
2257 2555 2349 2629 ad
2410 2563 2473 2627 te
2535 2555 3095 2650 pervenientibus
3153 2557 3411 2649 pluries

590 2679 981 2773 prestiteras
1000 2680 1497 2774 juramentum,
1532 2702 1671 2754 non
1704 2679 2077 2753 videbatur
2106 2700 2258 2752 esse
2289 2679 2454 2752 boni
2494 2678 2616 2750 filii
2645 2701 2688 2751 a
2727 2688 2915 2772 patre
2947 2685 3177 2772 petere
3220 2680 3410 2773 quod

595 2824 720 2875 nec
781 2805 976 2876 salva
1044 2805 1461 2878 conscientia
1514 2814 1784 2902 poteras
1838 2803 2184 2894 detinere,
2242 2824 2327 2875 eo
2377 2801 2570 2897 quod
2629 2823 2757 2873 nec
2807 2800 3108 2873 Ecclesia
3158 2802 3402 2873 vitium

593 2926 948 3023 spoliantis
984 2928 1348 3002 incurrerit
1385 2928 1497 3002 cui
1546 2928 1910 3003 commoda
1945 2928 2056 3002 sui
2085 2929 2264 3021 juris
2297 2926 2796 3000 constitutionis
2840 2924 3254 2999 beneficium
3293 2926 3407 2997 in-

591 3061 785 3146 tegra
819 3054 1223 3125 reservavit.
1268 3054 1409 3126 Nec
1453 3063 1558 3126 est
1590 3053 1966 3127 verisimile
1996 3054 2066 3124 in
2104 3052 2235 3124 bac
2274 3061 2467 3149 parte
2503 3072 2630 3123 nos
2679 3051 2961 3122 fratrum
3025 3059 3406 3123 nostrorum

593 3177 950 3250 consilium
978 3176 1416 3271 despexisse,
1462 3199 1620 3250 cum
1652 3199 1863 3273 super
1906 3176 2040 3249 hoc
2082 3177 2306 3247 nuntii
2359 3177 2461 3247 tui
2513 3176 2864 3269 inceptum
2916 3175 3237 3268 prosequi
3282 3197 3412 3247 vo-

593 3301 880 3374 luisseut
911 3300 1296 3394 judicium3
1351 3311 1422 3372 et
1468 3301 1628 3375 ideo
1679 3300 1988 3374 nondum
2043 3310 2189 3373 erat
2231 3300 2305 3371 in
2354 3300 2464 3371 his
2498 3320 2737 3372 eorum
2776 3298 3136 3370 consilium
3172 3299 3414 3390 requi-

591 3424 912 3498 rendum.
950 3426 1111 3497 Esto
1158 3432 1463 3521 preterea
1495 3423 1687 3519 quod
1728 3424 2034 3497 ecclesiis
2077 3446 2236 3497 cum
2291 3424 2721 3519 principibus
2758 3433 3182 3517 permutare,
3237 3423 3414 3493 sicut

593 3551 666 3621 in
727 3550 864 3622 tuis
900 3545 1197 3646 [litteris]
1237 3549 1753 3622 excusationem
1805 3549 2105 3643 allegas,
2150 3558 2451 3641 utroque
2494 3550 2655 3640 jure
2705 3545 3128 3618 conceditur.
3170 3545 3412 3638 Inique

594 3683 819 3745 tamen
852 3672 945 3746 ad
980 3674 1386 3746 damnosam
1427 3682 1498 3743 et
1546 3693 1685 3745 uon
1735 3673 2197 3745 voluntariam
2232 3671 2630 3764 hujusmodi
2686 3670 3208 3741 celebrationem
3245 3690 3409 3740 con-

592 3806 932 3870 tractuum
954 3851 975 3888 ,
1013 3796 1371 3894 presertim
1400 3796 1551 3868 sine
1585 3797 1958 3892 superioris
1985 3816 2268 3868 assensu
2297 3809 2369 3867 et
2393 3804 2631 3866 contra
2648 3795 3115 3885 juramentum
3146 3789 3235 3863 de
3269 3813 3407 3863 non

592 3920 977 3993 alienandis
1038 3919 1523 3993 ecclesiasticis
1585 3919 2130 4014 possessionibus
2192 3939 2370 4012 quas
2425 3938 2549 4012 pro
2594 3915 2980 3988 animarum
3032 3915 3254 3988 salute
3299 3937 3408 3988 re-

594 4045 788 4116 lictas
822 4044 924 4116 sic
957 4043 1341 4116 alienantes
1380 4053 1451 4116 et
1480 4043 1889 4138 recipientes
1929 4042 2265 4136 sacrilegii
2305 4042 2563 4112 crimen
2608 4041 2998 4127 incurrunt,
3053 4039 3411 4132 prestitum

592 4169 1135 4265 compelluntur,
1172 4169 1338 4263 quia
1380 4167 1574 4263 quod
1606 4168 1680 4240 in
1715 4167 2161 4241 ecclesiarum
2208 4169 2514 4239 favorem
2557 4166 2715 4257 jure
2761 4163 3176 4260 permittitur
3220 4162 3406 4254 fieri,

591 4313 731 4366 non
763 4292 971 4366 debet
1010 4291 1105 4366 ad
1140 4293 1468 4365 lesionem
1503 4313 1739 4365 earum
1778 4313 1904 4387 per
1940 4291 2266 4384 injuriam
2315 4289 2717 4383 retorqueri.
2754 4289 2916 4360 Esto
2948 4287 3142 4381 quod
3177 4288 3410 4382 aliqua

590 4416 931 4491 beneficia
986 4419 1310 4490 vacantia
1363 4418 1712 4507 conferas,
1758 4426 1839 4488 ut
1890 4438 2128 4489 curam
2178 4426 2407 4487 tamen
2452 4415 2837 4486 animarum
2885 4412 3020 4483 illis
3065 4433 3411 4484 annexam

590 4542 1014 4615 committere
1053 4544 1290 4615 valeas
1308 4543 1426 4634 jus
1474 4541 1828 4636 spirituale
1863 4538 2056 4635 quod
2088 4561 2225 4635 non
2262 4539 2447 4611 cadit
2489 4540 2560 4609 in
2596 4537 2847 4608 laicum
2884 4556 3019 4609 nou
3057 4536 3407 4631 permittit,

591 4675 661 4737 et
696 4665 1027 4741 inlocum
1063 4665 1451 4739 viventium
1486 4686 1663 4760 quos
1699 4686 1743 4738 a
1781 4663 2005 4759 gradu
2052 4685 2181 4738 suo
2233 4686 2362 4736 nec
2400 4663 2673 4758 propria
2723 4662 2928 4758 culpa
2976 4682 3104 4732 nec
3150 4657 3257 4731 sui
3298 4659 3411 4750 ju-
