4500 5956
661 624 852 681 [vorm.
885 620 973 702 8.]
1571 618 1959 681 HISTORIA
2012 617 2594 679 DIPLOMATICA.
3371 621 3481 684 761

658 765 959 827 nostram
1008 753 1142 826 sibi
1195 750 1520 839 tradidit;
1583 752 1790 827 feoda
1834 774 2004 827 vero
2057 774 2197 847 que
2254 753 2404 847 ipse
2455 753 2766 843 tenebat,
2820 753 3143 825 videlicet
3196 776 3320 848 per
3371 757 3481 828 di-

650 879 908 950 lectum
946 875 1330 971 principem
1367 884 1673 948 nostrum
1708 875 2334 968 Babinbergeusem
2377 884 2449 948 et
2486 875 3048 969 Herbipolensem
3085 877 3472 971 episcopos,

656 997 883 1070 eidem
932 999 1351 1091 assignavit,
1401 997 1713 1092 predicto
1761 997 2318 1090 Babenbetgensi
2363 998 2486 1090 qui
2522 1019 2804 1091 presens
2834 1007 2977 1070 erat
3010 999 3328 1092 primitus
3364 1022 3474 1073 re-

644 1121 1038 1215 signando,
1081 1120 1482 1213 subscriptis
1525 1119 2033 1193 conditionibus
2074 1131 2144 1192 et
2178 1119 2400 1215 pactis
2433 1121 2505 1190 in
2543 1119 2787 1192 eadem
2832 1120 3200 1192 traditione
3242 1131 3311 1191 et
3362 1143 3470 1193 as-

642 1245 1038 1337 signatione
1083 1244 1303 1315 taliter
1335 1243 1987 1331 intervenientibus,
2023 1241 2217 1336 quod
2254 1242 2344 1315 ab
2386 1242 2550 1313 hinc
2576 1263 2798 1335 usque
2826 1241 2918 1314 ad
2965 1243 3213 1315 festum
3253 1245 3471 1316 sancti

643 1367 928 1440 Martini
979 1367 1297 1461 proximo
1358 1375 1726 1439 venturum
1779 1375 1851 1437 et
1894 1387 1988 1437 ex
2039 1375 2208 1438 tunc
2269 1386 2492 1458 usque
2547 1363 2640 1435 ad
2691 1386 2949 1436 annum
3002 1387 3222 1436 unum
3268 1387 3472 1438 com·-

638 1490 915 1584 pletum
948 1491 1023 1561 in
1071 1489 1319 1561 eodem
1374 1490 1548 1562 festo
1600 1488 1829 1562 dictus
1875 1487 2277 1560 Gottifridus
2319 1499 2386 1560 et
2427 1487 2715 1560 heredes
2752 1487 2861 1560 sui
2903 1488 3135 1560 omnia
3169 1489 3469 1581 predicta

642 1614 834 1687 bona
874 1635 1035 1686 cum
1071 1612 1498 1707 pertinentiis
1531 1613 1677 1684 suis
1717 1612 1922 1707 pleno
1945 1613 2105 1703 jure
2137 1612 2210 1681 in
2259 1611 2474 1682 libera
2517 1618 2585 1682 et
2625 1610 2860 1702 quieta
2907 1612 3336 1705 possessione
3370 1624 3473 1683 te-

644 1738 950 1827 nebuut3
1002 1735 1096 1807 ita
1129 1736 1320 1829 quod
1353 1735 1413 1807 si
1450 1734 1789 1829 completo
1823 1754 2006 1806 anuo
2065 1730 2138 1803 in
2175 1733 2494 1827 sequenti
2549 1734 2723 1804 festo
2767 1732 2955 1804 beati
2996 1733 3267 1803 Martini
3313 1755 3468 1826 pre·

642 1862 833 1933 fatus
883 1860 1248 1932 Gualterus
1282 1859 1471 1930 mille
1521 1878 1787 1930 marcas
1844 1857 2001 1952 puri
2054 1856 2319 1949 argenti
2375 1854 2658 1928 solverit
2706 1853 2932 1927 eidem
2981 1854 3354 1926 Gottefrido
3408 1867 3478 1927 et

642 1982 1033 2056 heredibus
1066 1982 1240 2072 suis,
1285 1981 1473 2056 idem
1516 1979 1938 2054 Gottefridus
1969 1980 2081 2054 vel
2117 1978 2411 2051 heredes
2444 1978 2556 2050 sui
2584 1987 2724 2050 tam
2761 1978 3142 2072 predictum
3176 1988 3473 2050 castrum

640 2129 859 2201 quam
910 2107 1087 2179 alios
1134 2105 1448 2179 redditus
1493 2105 1627 2176 sibi
1674 2104 2032 2199 restituere
2073 2111 2408 2174 teneatur.
2451 2102 2523 2173 Si
2577 2123 2744 2174 vero
2783 2102 3075 2174 termino
3120 2110 3475 2195 pretaxato

639 2229 835 2302 idem
872 2229 1236 2302 Gualterus
1289 2249 1429 2301 nou
1477 2227 1759 2299 solverit
1802 2226 2183 2321 predictam
2235 2224 2535 2320 pecunie
2584 2227 3070 2318 quantitatem,
3122 2224 3475 2316 predictus

638 2351 1071 2425 Gottifredus
1104 2360 1175 2426 et
1211 2351 1500 2424 heredes
1534 2351 1645 2423 sui
1679 2349 2069 2446 predictum
2109 2359 2410 2421 castrum
2444 2348 2882 2420 Sceukeburc
2921 2330 3098 2419 cum*
3118 2348 3475 2440 pertinen-

640 2476 763 2548 tiis
807 2475 957 2549 suis
1002 2485 1071 2548 et
1109 2473 1425 2548 redditus
1476 2482 1755 2548 centum
1812 2474 2220 2546 talentorum
2266 2476 2423 2566 jure
2481 2481 2814 2567 perpetuo
2853 2480 2995 2542 tam
3047 2472 3477 2565 proprietatis

637 2599 847 2671 titulo
877 2599 949 2669 in
984 2598 1122 2671 hiis
1154 2620 1294 2693 que
1321 2597 1595 2693 propria
1623 2607 1785 2669 suut
1813 2620 2021 2692 quam
2045 2599 2202 2689 jure
2231 2595 2485 2668 feodali
2519 2596 2590 2664 in
2625 2594 3011 2666 feodalibus
3038 2595 3465 2684 retinebunt,

636 2720 799 2791 sine
832 2717 1371 2791 contradictione
1395 2718 1511 2788 vel
1544 2719 1862 2790 molestia
1892 2717 2183 2808 alicujus
2212 2715 2447 2808 quiete
2476 2723 2544 2784 et
2573 2711 2859 2807 pacifice
2894 2711 3312 2806 possidenda
3338 2713 3397 2806 (l
3416 2712 3467 2809 ).

624 2842 731 2915 1Jt
763 2853 994 2915 autem
1040 2842 1345 2937 predicta
1375 2843 1741 2914 conventio
1775 2852 1844 2914 et
1884 2841 2255 2914 satisfactio
2286 2840 2355 2909 in
2406 2858 2535 2909 suo
2584 2836 2828 2910 robore
2861 2845 3338 2932 perseverent,
3381 2838 3474 2909 ad

628 2967 958 3060 ejusdem
1017 2967 1115 3039 rei
1166 2965 1571 3039 memoriam
1627 2975 2008 3062 presentem
2071 2962 2538 3037 memorialem
2591 2961 2917 3056 paginam
2975 2958 3124 3033 fieri
3180 2959 3471 3034 fecimus

627 3099 711 3161 et
747 3090 972 3183 sigillo
1009 3098 1240 3162 nostro
1265 3089 1599 3179 jussimus
1633 3088 2065 3160 communiri.

739 3216 973 3285 Testes
1020 3222 1250 3286 autem
1298 3213 1419 3307 qui
1471 3213 1924 3284 interfuerunt
1976 3221 2140 3281 sunt
2188 3235 2207 3279 ε
2255 3207 2638 3280 Ekebertus
2685 3207 3259 3297 Babinbergensis
3318 3207 3467 3302 epi-

617 3358 926 3431 scopuS,
980 3336 1345 3408 Simfridus
1391 3335 1899 3430 Ratispouensis
1944 3333 2307 3428 episcopus
2348 3330 2724 3425 imperialis
2769 3330 2928 3420 aule
2979 3330 3457 3416 cancellarius,

620 3461 724 3531 11.
774 3460 1224 3553 landgravius
1282 3459 1693 3551 Thuringie,
1735 3459 1816 3529 B.
1862 3456 2014 3530 dux
2060 3455 2449 3543 Kerinthie,
2509 3507 2526 3524 .
2562 3508 2579 3524 .
2621 3509 2637 3525 .
2693 3453 2999 3526 marchio
3049 3454 3139 3526 de
3182 3453 3459 3542 Baden,

618 3586 846 3657 frater
891 3585 975 3656 H.
1026 3585 1353 3675 magister
1404 3583 1654 3655 domus
1703 3580 2275 3652 Theotonicorum
2327 3578 2400 3648 in
2455 3578 2829 3650 Jerusalem
2852 3630 2870 3663 ,
2917 3575 2992 3647 C.
3057 3575 3465 3649 burcravius

621 3709 730 3781 de
770 3708 1219 3798 Nuremberc‚
1259 3706 1585 3779 Albertus
1631 3704 1721 3777 de
1752 3705 2156 3790 Rotenvels‚
2206 3700 2605 3774 Wolfradus
2651 3699 2743 3773 de
2785 3699 3168 3784 Crutheim‚
3211 3699 3461 3792 Engel·

618 3829 901 3904 hardus
952 3830 1042 3903 de
1080 3831 1399 3921 Osterna‚
1446 3830 1522 3901 C.
1566 3829 1895 3923 pincerna
1943 3827 2031 3900 de
2067 3826 2609 3908 Winterstetten,
2649 3822 2724 3894 C.
2782 3822 3107 3916 pincerna
3150 3820 3238 3894 de
3278 3820 3460 3892 Clin-

616 3955 923 4048 geburc‚
961 3952 1352 4026 Fridericus
1389 3953 1479 4027 de
1507 3953 1950 4042 Kezzelburc,
1991 3952 2065 4024 C.
2116 3949 2208 4022 de
2255 3947 2692 4035 Smidelvelt‚
2739 3941 3114 4015 Gottsridus
3152 3943 3241 4015 de
3271 3944 3460 4016 Solz-

624 4077 831 4168 burc,
874 4080 961 4149 H.
996 4077 1087 4150 de
1119 4077 1407 4172 Lepide,
1438 4075 1807 4149 Otnandus
1845 4075 1934 4148 de
1965 4076 2374 4161 Escenowe,
2410 4072 2608 4162 Hugo
2633 4068 2723 4140 de
2744 4068 2971 4156 Sulze,
3002 4067 3455 4161 Marquardus

635 4199 723 4274 de
748 4201 1004 4291 Sneite,
1043 4200 1462 4273 Gottefridus
1492 4200 1690 4272 miles
1722 4199 1812 4272 de
1856 4198 2140 4270 Hohello
2175 4195 2310 4291 (2),
2344 4203 2414 4266 et
2447 4192 2565 4264 alii
2602 4192 3068 4286 quamplures.

2693 4401 2728 4408 ‚—
2743 4398 3104 4407 --,—,-.--.-,q.
3119 4398 3439 4407 —...-.„--—.-—-

2154 4404 2310 4412 *m
2319 4404 2388 4412 ..--
2395 4404 2488 4411 m

1372 4409 1468 4415 ..ὡκ
1480 4407 1551 4415 ——ae—-t
1563 4407 1668 4415 -.ο-4.-
1686 4408 1750 4415 --0
1762 4408 1776 4414 0
1788 4407 1943 4414 ·—---.-

635 4406 887 4417 ———-———-

701 4531 775 4605 (t)
808 4531 892 4590 Cf.
914 4531 1053 4589 iufra
1074 4533 1455 4590 documentum
1482 4533 1550 4589 de
1572 4532 1922 4589 conventione
1947 4531 2137 4588 eadem
2167 4546 2294 4586 ann.
2323 4531 2461 4587 ⁴237
2483 4542 2669 4585 mense
2693 4525 2836 4584 maio
2856 4525 3151 4582 redactum.

704 4628 776 4701 (2)
811 4629 912 4686 Hic
945 4636 1125 4687 autem
1147 4645 1256 4687 nou
1281 4635 1401 4687 erat
1425 4630 1493 4686 de
1520 4629 1688 4703 stirpe
1713 4627 2035 4685 Hohenloica
2072 4627 2330 4684 oriundus
2346 4668 2360 4697 ,
2391 4625 2489 4683 sed
2516 4622 2883 4682 tantummodo
2908 4622 3064 4679 miles
3083 4621 3198 4678 sive
3222 4621 3452 4679 vasallus

638 4726 921 4783 castrensis
940 4725 1286 4800 (burqmann)
1311 4744 1326 4797 ;
1349 4727 1457 4783 huc
1477 4726 1749 4799 pertinent
1764 4726 1922 4783 solita
1946 4724 2145 4782 verba:
2168 4731 2406 4781 castrum
2432 4723 2507 4781 N.
2536 4738 2660 4779 cum
2681 4719 2932 4778 omnibus
2951 4718 3263 4777 hominibus
3279 4718 3452 4776 eidem

784 4824 893 4885 IV.
937 4841 1050 4884 Pm
1071 4844 1114 4883 2.
3056 4827 3132 4877 96
