4500 5956
1049 592 1171 654 860
2043 596 2472 659 rmnssnlm
2522 595 2869 656 SECUNDI
3494 595 3652 679 [Arm.
3689 596 3862 658 1236.

1054 752 1403 802 naremur.
1485 733 1806 804 volentes
1881 733 2091 826 igitur
2170 731 2638 826 predictorum
2709 709 3268 825 cappellanorum
3337 741 3724 803 nostrorum
3796 741 3866 805 et

1052 855 1362 949 cappelle
1396 875 1536 948 que
1568 877 1608 926 a
1661 855 1845 929 divis
1894 856 2144 928 nostris
2182 854 2741 949 progenitoribus
2771 863 2877 926 est
2910 854 3223 945 fundata,
3266 855 3864 928 commoditatibus

1050 978 1451 1073 providere,
1504 978 1807 1073 ipsorum
1849 979 2093 1051 decani
2127 989 2196 1051 et
2230 977 2510 1072 capituli
2543 977 2829 1072 predicti
2872 979 3192 1072 precibus
3237 978 3702 1051 favorabiliter
3735 1001 3861 1051 an-

1052 1112 1372 1191 nuentes,
1427 1102 1614 1196 ipsos
1658 1103 2099 1196 cappellanos
2142 1113 2212 1174 et
2248 1102 2627 1196 cappellam
2673 1101 2903 1173 Sancti
2952 1101 3255 1173 Servacii
3307 1122 3468 1173 cum
3522 1102 3862 1176 universis

1048 1225 1485 1313 hominibus,
1526 1225 1727 1298 bonis
1771 1235 1840 1299 et
1859 1226 2134 1317 juribus
2163 1224 2654 1320 temporalibus
2684 1247 2824 1318 que
2856 1223 3057 1298 nobis
3103 1234 3174 1297 et
3207 1224 3492 1319 imperio
3523 1235 3856 1319 spectant,

1048 1350 1447 1424 deffensioni
1485 1360 1602 1422 tue
1650 1349 1987 1422 duximus
2026 1348 2553 1438 committenda;
2608 1346 3016 1419 mandantes
3059 1346 3413 1419 devotioni
3449 1356 3565 1421 tue
3603 1359 3673 1420 et
3703 1370 3861 1443 pre·

1047 1474 1378 1568 cipientes
1416 1473 1744 1567 quatinus
1775 1474 1976 1564 juxta
1998 1473 2174 1563 juris
2206 1472 2308 1543 tui
2341 1469 2653 1544 debitum
2686 1468 2911 1543 eidem
2950 1471 3257 1565 cappelle
3290 1472 3363 1541 in
3393 1471 3862 1566 spiritualibus

1046 1596 1441 1692 providem,
1481 1607 1849 1690 nostraque
1888 1595 2376 1667 nichilominus
2403 1596 2803 1668 auctoritate
2837 1593 3146 1684 eosdem,
3199 1595 3578 1690 cappellam
3614 1604 3684 1667 et
3730 1595 3860 1690 ipsi

1046 1722 1355 1815 cappelle
1389 1719 1800 1815 pertinentia
1835 1719 2239 1793 deffendens
2272 1717 2424 1810 (sic)
2459 1718 2549 1790 ab
2581 1718 2953 1791 insultibus
2989 1719 3470 1812 malignorum,
3502 1728 3578 1790 ut
3612 1718 3702 1791 ad
3736 1739 3862 1791 uos

1041 1865 1169 1938 pro
1200 1842 1494 1917 deffectu
1532 1843 1809 1936 justicie
1842 1863 2192 1915 recurrere
2221 1863 2361 1914 non
2400 1851 2756 1934 cogantur.

1137 1970 1388 2038 Datum
1425 1964 1611 2062 apud
1646 1965 2094 2054 Wisebaden‚
2131 1965 2344 2038 XVIII
2373 1963 2611 2054 madii,
2647 1984 2827 2037 none
2854 1963 3270 2036 indictionis.

658 2597 953 2655 wien-am,
1141 2559 1569 2644 Fridericus
1593 2620 1616 2665 ,
1674 2558 2114 2666 imperator,
2167 2557 2519 2641 abbatem
2574 2571 2649 2640 et
2711 2571 3165 2641 conventum
3220 2559 3317 2641 de
3369 2557 3854 2641 Heisterbach

730 2655 874 2706 'mm'
1041 2694 1553 2778 Cisterciensis
1588 2691 1878 2775 ordinis
1916 2691 2061 2773 sub
2097 2717 2236 2773 sua
2274 2702 2346 2774 et
2381 2691 2678 2799 imperii
2716 2690 3021 2799 speciali
3062 2692 3525 2799 protectione
3561 2692 3847 2802 recipit.

1203 2910 1434 2990 (Edidit
1457 2909 1845 2984 anounurr,
1884 2906 2255 2972 Urlcundenb.
2271 2905 2391 2987 fiir
2423 2905 2515 2968 die
2551 2906 2740 2969 δισσὴ.
2771 2905 2868 2968 des
2894 2906 3229 2987 Niederrh„
3257 2926 3369 2968 zw.
3400 2908 3589 2988 band,
3619 2926 3680 2988 p.
3717 2918 3851 2984 108,

1275 3027 1343 3078 η’
1372 3026 1519 3091 206;
1550 3035 1626 3077 ex
1653 3018 1803 3078 libro
1835 3017 2043 3095 copiali
2073 3033 2191 3077 sec.
2223 3016 2398 3076 XVII
2428 3023 2668 3077 exarato
2694 3033 2793 3094 ap.
2823 3016 3193 3090 Dusseldorf,
3226 3015 3326 3076 sol.
3362 3017 3481 3092 12.)

1136 3201 1569 3291 Fredericus,
1612 3202 1731 3274 Dei
1776 3203 1997 3295 gratia
2033 3204 2496 3276 Romanorum
2529 3203 2894 3296 imperator
2928 3224 3199 3297 semper
3242 3210 3621 3294 augustus,
3656 3204 3856 3276 Ieru-

1036 3327 1249 3398 salem
1280 3335 1349 3397 et
1380 3325 1614 3396 Sicilie
1646 3347 1804 3398 rex.
1848 3326 1977 3397 Per
2009 3348 2290 3420 presens
2317 3328 2645 3420 scriptum
2686 3337 2923 3398 notum
2962 3326 3111 3398 fieri
3150 3327 3472 3397 volumus
3509 3328 3853 3399 universis

1035 3448 1358 3521 fidelibus
1401 3449 1649 3520 nostris
1700 3449 1970 3543 imperii
2008 3460 2144 3521 tam
2191 3450 2624 3544 presentibus
2655 3471 2866 3545 quam
2911 3451 3158 3521 futuris
3202 3449 3397 3543 quod
3440 3450 3853 3521 venerabilis

1035 3574 1253 3646 abbas
1281 3583 1349 3645 et
1376 3582 1757 3646 conventus
1787 3574 2180 3645 monasterii
2207 3573 2297 3645 de
2330 3575 2782 3663 Hcistirbach‚
2805 3573 3263 3646 cisterciensis
3296 3573 3586 3663 ordinm,
3614 3571 3852 3646 fideles

1032 3696 1270 3785 nostri,
1312 3695 1647 3790 majestati
1685 3702 1914 3767 nostre
1945 3693 2296 3767 humiliter
2338 3695 2814 3791 supplicarunt
2856 3706 2933 3767 ut
2988 3704 3124 3768 tam
3172 3698 3360 3791 ipsos
3409 3718 3618 3791 quam
3668 3697 3852 3769 bona

1032 3820 1420 3894 monasterii
1481 3819 1793 3913 ejusdem
1836 3821 1967 3892 sub
2008 3829 2238 3893 nostra
2288 3830 2357 3891 et
2410 3820 2677 3913 imperii
2731 3821 3152 3916 protectione
3208 3821 3299 3893 de
3351 3822 3566 3914 gratia
3617 3831 3849 3894 nostra

1029 3946 1335 4040 recipere
1369 3944 1839 4037 dignaremur.
1880 3945 2019 4015 Nos
2057 3943 2270 4036 igitur
2301 3945 2920 4039 supplicationibus
2951 3945 3097 4016 suis
3130 3944 3430 4036 benigne
3466 3953 3535 4017 et
3564 3947 3848 4017 favora-

1028 4070 1253 4142 biliter
1297 4068 1635 4158 inclinati,
1694 4069 1914 4142 dictos
1964 4069 2284 4142 abbatem
2320 4079 2391 4141 et
2439 4078 2856 4142 conventum
2894 4068 3134 4142 fideles
3173 4078 3437 4141 nostros
3485 4076 3556 4140 et
3611 4089 3846 4141 mona-

1029 4196 1311 4266 sterium
1360 4196 1590 4288 ipsum
1622 4216 1781 4266 cum
1828 4195 2147 4267 omnibus
2178 4195 2380 4267 bonis
2418 4196 2564 4295 suis
2608 4216 2746 4289 que
2789 4196 2861 4266 in
2897 4195 3396 4290 presentiarum
3424 4195 3614 4285 juste
3664 4203 3848 4266 tenet

1027 4326 1097 4390 et
1131 4319 1437 4412 possidet
1472 4328 1541 4390 et
1585 4340 1722 4412 que
1770 4319 1842 4390 in
1876 4329 2087 4417 ⁴antea
2119 4321 2310 4412 justo
2365 4319 2559 4391 titulo
2602 4319 2854 4413 poterit
2884 4318 3215 4412 adipisci,
3252 4318 3384 4389 sub
3427 4318 3846 4411 protectione

1028 4451 1258 4512 nostra
1288 4448 1358 4512 et
1393 4441 1662 4535 imperii
1699 4442 2083 4535 recepimus
2116 4442 2423 4536 speciali.
2458 4442 2881 4514 Pmsentium
2918 4442 3128 4537 igitur
3170 4451 3403 4513 tenore
3435 4440 3845 4515 mandamus

1027 4562 1310 4636 firmiter
1365 4563 1757 4636 inhibentes
1806 4565 2131 4658 quatinus
2191 4566 2424 4637 nullus
2491 4567 2578 4637 sit
2630 4568 2749 4660 qui
2811 4568 3106 4660 prefatos
3169 4565 3487 4638 abbatem
3548 4575 3617 4637 et
3673 4586 3844 4638 con·

1028 4697 1312 4759 ventum
1357 4686 1595 4761 fideles
1637 4697 1900 4762 nostros
1951 4709 2033 4761 ac
2071 4689 2298 4782 ipsum
2333 4688 2819 4762 monasterium
2865 4699 3100 4761 contra
3149 4689 3361 4782 hujus
3411 4687 3846 4784 protectionis
