4500 5956
1043 517 1165 579 692
2089 520 2433 580 HENRICI
2486 519 2824 581 SEPTnn
3490 517 3650 600 [An.
3688 518 3890 579 1234.

1143 654 1397 723 Datum
1435 652 1625 748 apud
1650 654 2081 745 Hagenowe,
2120 676 2305 725 anno
2350 654 2697 729 dominice
2723 652 3207 727 incarnationis
3226 650 3773 741 Mccxxxlur,
3816 653 3888 722 V

1048 794 1269 847 nonas
1300 777 1633 867 octobris,
1675 775 2052 847 indictione
2075 776 2275 847 V111·.

661 1339 944 1446 1132„
1149 1339 1519 1422 Henricus
1536 1401 1558 1444 ,
1610 1340 2129 1421 Romanorum
2182 1365 2315 1420 rex
2331 1400 2354 1445 ,
2404 1340 2503 1421 ad
2549 1338 3117 1449 requisitionem
3164 1336 3590 1420 abbatissae
3643 1337 3861 1418 Thu-

913 1475 929 1491 '
1040 1472 1354 1555 ricensis
1372 1534 1394 1577 ,
1438 1471 1886 1553 sententiam
1925 1497 1970 1552 a
2007 1471 2474 1580 principibus
2512 1472 3010 1581 approbatam
3053 1471 3530 1580 promulgat,
3581 1469 3859 1552 scilicet

1032 1605 1241 1713 quod
1279 1604 1343 1685 si
1389 1603 1562 1711 quis
1600 1601 1916 1684 feudum
1953 1627 2179 1684 suum
2218 1630 2264 1685 a
2299 1605 2611 1686 domino
2647 1603 2856 1685 feudi
2891 1605 2967 1683 in
3009 1627 3300 1685 annum
3344 1613 3420 1684 et
3471 1603 3676 1684 diem
3720 1628 3850 1683 re—

1038 1736 1339 1844 quirere
1375 1734 1828 1845 neglexerit,
1869 1760 1961 1817 ex
1996 1744 2179 1817 tunc
2213 1734 2531 1818 feudum
2570 1736 2668 1817 ad
2703 1737 3106 1819 dominum
3141 1745 3583 1818 revertatur.

1202 1950 1471 2030 (Edider.
1501 1952 1823 2027 Nauem-r,
1865 1950 2004 2011 Cod.
2043 1947 2280 2030 duplam.
2323 1948 2735 2024 Alamanniae,
2763 1958 2812 2013 t.
2843 1953 2934 2031 Π,
2957 1969 3017 2031 p.
3057 1960 3188 2012 145.
3223 1981 3304 1996 —
3336 1950 3560 2022 Pnrz,
3592 1948 3843 2009 Manum.

1272 2057 1428 2118 Hist.
1460 2054 1693 2129 Germ„
1723 2062 1773 2117 t.
1804 2056 1913 2135 IV,
1938 2073 2003 2133 p.
2036 2059 2205 2135 304.)

1130 2242 1462 2314 Henricus
1486 2293 1507 2325 ‚
1558 2242 1681 2314 Dei
1725 2243 1948 2336 gratia
1986 2242 2446 2315 Romanorum
2493 2261 2621 2312 rex
2672 2251 2742 2312 et
2774 2262 3043 2335 semper
3076 2247 3446 2333 augustus,
3511 2239 3849 2312 universis

1033 2375 1414 2459 presentem
1444 2367 1736 2440 litteram
1760 2366 2014 2438 visuris
2051 2364 2339 2459 gratiam
2367 2385 2564 2435 suam
2611 2373 2679 2436 et
2707 2384 2910 2435 omne
2940 2365 3230 2435 bonnm.
3274 2365 3538 2435 Tenore
3564 2385 3843 2459 presen-

1033 2489 1198 2561 tium
1226 2499 1462 2561 notum
1487 2511 1637 2561 esse
1658 2488 1981 2561 volumus
2002 2486 2347 2560 universis
2373 2487 2568 2580 quod
2592 2487 2682 2560 ad
2707 2488 3222 2581 requisitionem
3248 2486 3494 2560 dilecte
3517 2487 3845 2582 principis

1031 2622 1259 2686 nostre
1287 2613 1699 2686 venerabilis
1728 2613 2073 2684 abbatisse
2109 2611 2585 2701 Thuricensis,
2625 2611 2777 2683 talis
2805 2632 3034 2683 coram
3063 2612 3424 2683 serenitate
3454 2619 3684 2682 nostra
3711 2612 3843 2682 lata

1024 2746 1128 2808 est
1171 2738 1504 2809 sententia
1551 2745 1621 2808 et
1664 2758 1706 2807 a
1759 2736 2185 2830 principibus
2229 2745 2300 2807 et
2345 2735 2788 2827 magnatibus
2836 2735 3108 2829 imperii
3157 2735 3534 2829 approbata
3592 2761 3608 2804 ε
3653 2733 3841 2828 quod

1029 2859 1452 2953 quicumque
1481 2859 1761 2930 seudum
1799 2881 2006 2931 suum
2054 2882 2094 2930 a
2153 2858 2435 2932 domino
2484 2858 2678 2931 feudi
2733 2859 2883 2931 sive
2927 2858 3301 2931 feudatoris
3351 2859 3421 2929 in
3474 2880 3732 2930 annum
3780 2867 3847 2929 et

1032 2982 1217 3055 diem
1257 2986 1564 3079 recipere
1597 2984 1709 3055 vel
1734 2985 2079 3077 requirere
2101 2984 2509 3077 neglexerit,
2546 3007 2640 3057 ex
2665 2995 2832 3056 tunc
2854 2983 3141 3056 seudum
3162 2983 3253 3056 ad
3278 2983 3635 3056 dominum
3655 2982 3844 3054 feudi

1032 3113 1440 3194 revertatur,
1470 3116 1539 3178 et
1566 3106 1657 3178 de
1678 3107 1828 3200 ipso
1857 3104 2106 3177 habeat
2132 3107 2478 3177 licentiam
2500 3116 2570 3177 et
2590 3107 2878 3179 liberam
2895 3107 3287 3179 facultatem
3310 3103 3679 3179 ordinandi
3701 3103 3846 3176 sive

1033 3226 1448 3321 disponendi
1473 3250 1598 3321 pro
1634 3250 1761 3299 suo
1793 3228 2073 3300 arbitrio
2112 3229 2509 3300 voluntatis.
2564 3229 2652 3300 Ut
2688 3238 2919 3301 autem
2974 3250 3184 3323 super
3233 3227 3636 3321 hujusmodi
3676 3248 3847 3298 sen—

1031 3353 1240 3422 tentia
1274 3352 1461 3422 nulla
1499 3349 1839 3422 dubitatio
1874 3353 2032 3423 oriri
2070 3353 2318 3447 possit,
2359 3362 2744 3447 presentem
2786 3352 3105 3426 cedulam
3160 3353 3385 3447 sigillo
3432 3360 3663 3424 nostre
3697 3370 3846 3420 ma-

1022 3475 1292 3566 jestatis
1325 3475 1614 3545 fecimus
1644 3475 1972 3546 roborari.

1125 3598 1377 3670 Datum
1415 3597 1608 3693 apud
1635 3600 1997 3691 Hagenau‚
2043 3597 2270 3693 pridie
2306 3619 2521 3672 nonas
2555 3599 2888 3688 octobriS,
2923 3597 3297 3670 indictione
3325 3596 3472 3668 VIII
3502 3594 3633 3691 (t).

661 4158 921 4264 2353&
1137 4140 1505 4226 Henricus
1519 4207 1542 4252 ‚
1590 4146 2105 4230 Romanorum
2145 4174 2277 4230 rex
2294 4209 2317 4254 ,
2367 4145 2739 4231 Landolfo
2783 4145 3321 4230 Wormatiensi
3365 4144 3600 4226 electo
3660 4168 3847 4251 gra-

624 4264 672 4307 1·
690 4265 954 4309 novembriu-

1100 4430 1172 4502 (t)
1210 4431 1363 4504 Apud
1391 4434 1649 4506 Neugart,
1680 4451 1748 4491 ex
1784 4437 2085 4493 indictionis
2110 4453 2331 4495 numero
2349 4480 2363 4508 ‚
2394 4438 2529 4494 haec
2554 4438 2816 4495 sententia
2852 4453 2993 4495 anno
3021 4439 3156 4495 ⁴220
3193 4451 3474 4509 perperam
3505 4433 3839 4493 adscribitur.

1025 4527 1194 4596 Nam,
1224 4534 1284 4582 ut
1320 4529 1556 4584 Pertzius
1586 4537 1794 4600 monet,
1835 4534 2036 4588 mensis
2067 4534 2285 4590 october
2314 4534 2615 4592 indictionis
2643 4541 2862 4592 octavae
2902 4551 3011 4591 non
3047 4533 3150 4591 nisi
3191 4549 3315 4590 oum
3360 4547 3501 4589 anno
3532 4532 3670 4586 ⁴234
3707 4544 3839 4585 con-

1025 4622 1197 4696 gruit3
1224 4622 1352 4678 dum
1382 4623 1644 4681 Henricus
1668 4639 1808 4682 anno
1835 4630 1974 4684 ⁴2⁴9
2002 4628 2058 4683 in
2087 4645 2267 4701 regem
2297 4631 2531 4687 nondum
2560 4632 2766 4689 electus
2791 4637 2954 4689 esset.
