4500 5956
1181 727 1619 830 INDEX
1710 725 2884 833 DOCUMENTORUM

862 946 1068 1017 QUAE
1110 945 1193 1004 IN
1237 946 1389 1003 HOC
1438 945 1839 1003 vommmn
1883 944 2376 1003 mmm-:mun
2420 945 2590 1001 slve
2632 945 3186 1005 mmonANTuR.

1479 1586 1866 1657 Fridericus
1899 1588 1994 1674 II,
2041 1589 2483 1657 Romanorum
2533 1587 2921 1679 imperator,
2972 1585 3338 1656 leucatem

2111 1711 2175 1771 et
2220 1699 2480 1770 Siciliae
2522 1721 2651 1770 reoe
2679 1726 2700 1768 .·

674 1887 824 1958 sept.
1009 1877 1259 1940 Melflae.
1379 1904 1463 1918 —
1500 1872 1959 1934 constitutiones
2010 1875 2178 1951 regni
2221 1873 2455 1935 Siciliae
2495 1874 2560 1932 in
2604 1872 2824 1950 quibus
2872 1873 3030 1950 leges
3069 1877 3193 1932 tam
3236 1887 3275 1932 a
3314 1871 3438 1932 suis

1459 1971 1999 2048 praedecessoribus
2025 1987 2206 2050 quam
2250 1971 2327 2032 ab
2359 1974 2487 2048 ipso
2512 1977 2685 2031 antea
2711 1971 3042 2049 publicatae
3067 1968 3437 2030 concludun-

1458 2076 1580 2147 tur,
1606 2071 1671 2130 in
1697 2070 1945 2130 solemni
1972 2071 2321 2129 consistorio
2348 2085 2456 2129 suo
2483 2068 2833 2146 promulgat.
3051 2067 3201 2146 Peg.
3250 2075 3435 2128 1-177

658 2169 838 2244 [circa
919 2211 935 2227 .
981 2208 1003 2229 .
1050 2209 1070 2229 .
1113 2214 1130 2232 .
1188 2211 1206 2229 .
1262 2212 1282 2231 .
1330 2212 1345 2229 .
1379 2196 1460 2211 —
1497 2166 1898 2226 Januensibus
1922 2166 2168 2226 mandat
2194 2172 2263 2225 ut
2294 2167 2539 2225 nuncios
2565 2181 2702 2225 cum
2728 2171 3015 2242 potestate
3037 2166 3440 2225 transmittent

621 2265 879 2328 medium
1458 2262 1536 2321 ad
1564 2263 1788 2322 curiam
1806 2305 1824 2334 ,
1853 2277 2036 2339 quam
2061 2263 2382 2323 Ravennae
2406 2261 2812 2321 celebrandam
2839 2264 3028 2338 primo
3068 2262 3163 2321 die
3189 2277 3437 2321 novem-

665 2359 842 2444 σφι]
1460 2359 1581 2419 bris
1605 2361 1684 2420 de
1708 2360 1953 2421 consilio
1977 2360 2195 2419 summi
2220 2357 2515 2435 pontificis
2539 2357 2775 2417 indixit.
3319 2366 3435 2418 266

608 2460 876 2522 novemb.
937 2459 1050 2538 Ap.
1072 2461 1322 2523 Fanum.
1378 2487 1452 2503 -·-
1496 2457 1700 2518 Ottoni
1745 2458 1945 2518 comiti
1988 2456 2220 2517 Gelriae
2263 2456 2463 2515 omnia
2505 2470 2659 2531 quae
2700 2470 2900 2514 comes
2938 2452 3238 2515 Gerar-dus
3274 2459 3441 2530 pater

1457 2560 1587 2634 ejus
1624 2555 1702 2617 ab
1746 2556 1991 2631 imperio
2025 2556 2250 2627 tenuit,
2281 2552 2552 2612 concedit
2575 2558 2637 2612 et
2658 2551 2968 2613 confirmat
2982 2596 3001 2630 ,
3030 2551 3316 2612 mandans
3340 2553 3438 2627 ip-

1456 2669 1589 2713 sum
1616 2651 1998 2728 personaliter
2023 2667 2127 2727 per
2153 2652 2588 2727 Trajectensem
2614 2650 2949 2725 episcopum
2967 2692 2986 2721 ,
3016 2654 3247 2725 recepto
3274 2648 3440 2725 prius

1455 2749 1757 2809 fidelitatis
1780 2753 1842 2810 et
1865 2747 2115 2809 hominii
2135 2748 2497 2823 juramento,
2526 2745 2814 2805 investiri.
3147 2752 3287 2818 268,
3322 2750 3437 2804 269

616 2841 873 2904 decani).
958 2846 1033 2908 In
1057 2850 1300 2912 civitate
1376 2875 1457 2889 —
1489 2844 1743 2915 Johanni
1790 2844 2116 2905 marchioni
2159 2842 2705 2920 Brandenburgensi
2744 2848 2804 2902 et
2830 2840 3066 2903 Oddoni
3089 2840 3258 2901 tratri
3284 2843 3437 2917 eJuS,

952 2946 1294 3011 Ravennae.
1455 2943 1507 3002 sl
1550 2941 1887 3003 «Iohannem
1917 2940 2220 3019 'praemori
2263 2940 2577 3018 contigerit
2590 2981 2610 3013 ,
2652 2937 2974 2999 marchiam
3011 2936 3438 2999 Brandenbur-

1453 3053 1695 3116 gensem
1719 3053 1859 3099 cum
1886 3038 2103 3098 ducatu
2130 3037 2510 3096 Pomeranizae
2534 3035 2803 3096 conoedit
2827 3041 2888 3094 et
2919 3034 3250 3096 confirmat.
3320 3043 3435 3095 270

611 3134 874 3198 decemb.
918 3175 921 3178 ι
956 3139 1037 3201 In
1051 3143 1294 3204 civitate
1372 3166 1456 3182 --
1493 3134 1547 3195 A
1569 3135 1837 3195 Conrado
1856 3133 2071 3195 abbate
2095 3134 2299 3195 Sancti
2324 3133 2612 3193 Johannis
2634 3133 2698 3191 in
2729 3132 3022 3192 Thurthal
3044 3134 3108 3191 in
3134 3148 3242 3193 sua
3261 3148 3436 3210 prae-

951 3235 1289 3302 Ravennae.
1453 3240 1647 3297 sentia
1685 3238 2009 3296 constituto
2046 3234 2416 3294 advocatiam
2442 3232 2722 3293 ecclesiae
2746 3231 3013 3309 ejusdem
3042 3232 3249 3307 recipit
3272 3246 3433 3290 nun-

1452 3351 1632 3412 quam
1661 3333 1736 3393 ab
1762 3335 2009 3409 imperio
2034 3330 2429 3392 alienandum.
3316 3337 3430 3388 272

610 3422 871 3488 decemb.
956 3430 1028 3490 In
1052 3433 1295 3495 civitate
1371 3461 1452 3477 —
1490 3430 1587 3491 Ad
1632 3446 1833 3506 preces
1870 3430 2109 3489 Henrici
2144 3428 2377 3489 abbatis
2416 3427 2493 3486 de
2535 3428 2894 3504 Tegernsee,
2927 3427 3135 3486 statuit
3176 3430 3246 3485 ut
3284 3427 3433 3485 nulli

838 3561 841 3562 f
957 3517 1294 3592 Ravennae.
1450 3526 1734 3587 abbatum
1761 3527 1941 3603 hujus
1976 3527 2321 3585 monasterii
2346 3526 2517 3584 liceat
2541 3525 2696 3584 bona
2736 3527 2866 3600 ejus
2905 3526 2969 3582 in
3011 3522 3244 3583 ducatur
3270 3523 3430 3582 Aus-

1448 3626 1596 3685 trlae
1638 3622 1987 3702 quibusdum
2037 3625 2099 3681 in
2144 3622 2561 3682 detrimentum
2606 3623 2939 3680 monasterii
2981 3619 3226 3690 collata,
3264 3626 3428 3695 post-

1449 3736 1631 3798 quam
1655 3719 1734 3781 ad
1760 3719 2099 3779 demanium
2133 3721 2264 3794 ejus
2286 3718 2598 3788 redierint,
2627 3716 2749 3775 ullo
2776 3715 2952 3774 modo
2981 3716 3254 3775 alienare.
3312 3723 3429 3775 274

603 3811 866 3875 decmb.
954 3815 1027 3876 In
1049 3819 1288 3881 civitate
1370 3850 1447 3862 —
1486 3816 1778 3878 Abbatem
1801 3820 1863 3876 et
1889 3814 2100 3875 fram-es
2130 3813 2418 3873 ecclesiae
2433 3813 2827 3873 cisterciensis
2852 3811 3072 3871 ordinis
3092 3827 3245 3887 quae
3269 3810 3428 3871 dici-

654 3945 655 3948 *
698 3937 699 3942 ¹
734 3939 737 3944 ⁴
943 3915 1287 3978 Ravennae.
1445 3920 1545 3974 tur
1569 3913 1737 3974 Buch
1763 3928 1942 3990 supra
1966 3910 2260 3984 Muldam,
2287 3913 2348 3971 in
2377 3926 2485 3969 sua
2509 3909 2870 3985 protectione
2893 3909 3157 3984 suscipit,
3169 3906 3423 3967 eisdem-

1404 4049 1407 4050 ⁷
1444 4025 1563 4086 que
1608 4008 1765 4070 bona
1808 4006 1887 4068 ab
1928 4007 2182 4068 Hemlco
2229 4007 2306 4067 de
2350 4005 2587 4066 Chorun
2622 4003 2924 4081 quondam
2966 4003 3167 4062 oblata
3203 4002 3423 4063 confir-

650 4133 657 4144 ·
1443 4112 1589 4168 mat.
1768 4145 1771 4148 -
3306 4109 3422 4161 275

597 4197 863 4262 decemb.
943 4206 1285 4269 Ravennae.
1365 4234 1442 4247 -
1482 4204 1904 4265 Monasterium
1932 4202 2007 4262 de
2030 4202 2273 4263 Ahusen
2313 4216 2453 4262 cum
2495 4197 2766 4261 omnibus
2808 4196 3269 4275 possessionibus
3292 4200 3423 4276 ejus

1442 4298 1556 4361 sub
1583 4299 1824 4377 speciali
1848 4316 1956 4360 sua
1977 4305 2039 4359 et
2058 4300 2287 4375 imperii
2313 4299 2520 4374 recipit
2542 4296 2920 4374 protectione.
2945 4337 2946 4340 ,
3302 4302 3418 4354 278

602 4390 864 4455 decemb.
938 4398 1281 4461 Ravennae.
1359 4429 1440 4443 —
1480 4397 1820 4458 Hermanno
1863 4399 2145 4474 magistro
2183 4395 2494 4472 hospItalis
2529 4394 3030 4454 'theutonicorum
3058 4397 3120 4452 et
3142 4390 3421 4454 fratribus

906 4521 907 4524 ¹
1439 4497 1571 4571 ejus
1616 4499 1835 4553 terram
1871 4491 2194 4570 quamdam
2241 4492 2527 4552 incultam
2570 4489 2831 4564 confert,
2875 4488 2953 4550 de
2994 4494 3123 4548 orto
3166 4489 3423 4566 episcopi

1441 4590 1796 4651 Acconensls
1820 4606 2011 4668 usque
2045 4590 2121 4650 ad
2161 4591 2442 4651 terminos
2467 4595 2657 4650 terrae
2682 4589 3073 4648 Januenslum
3099 4591 3159 4647 et
3187 4588 3305 4647 alio
3328 4586 3418 4647 la-

1440 4694 1565 4749 tere
1588 4688 1664 4749 de
1690 4690 1792 4750 via
1815 4704 1969 4767 quae
1993 4687 2157 4748 ducit
2182 4687 2259 4748 ad
2284 4687 2507 4765 Saphat
2530 4703 2719 4765 usque
2742 4687 2818 4748 ad
2839 4686 3115 4747 fluvium.
3162 4694 3231 4745 27
3242 4691 3421 4746 8·279

616 4794 620 4797 “
750 4788 860 4852 IV.
901 4803 1015 4849 Ρη.
1042 4807 1086 4850 2
2995 4799 3102 4851 121
