<?xml version="1.0" encoding="UTF-8"?>
<!DOCTYPE html PUBLIC "-//W3C//DTD XHTML 1.0 Transitional//EN"
    "http://www.w3.org/TR/xhtml1/DTD/xhtml1-transitional.dtd">
<html xmlns="http://www.w3.org/1999/xhtml" xml:lang="en" lang="en">
 <head>
  <title>
</title>
<meta http-equiv="Content-Type" content="text/html;charset=utf-8" />
  <meta name='ocr-system' content='tesseract 3.04.00' />
  <meta name='ocr-capabilities' content='ocr_page ocr_carea ocr_par ocr_line ocrx_word'/>
</head>
<body>
  <div class='ocr_page' id='page_1' title='image "./historiadiploma00empegoog_0074.png"; bbox 0 0 4500 5956; ppageno 0'>
   <div class='ocr_carea' id='block_1_1' title="bbox 1022 502 3842 593">
    <p class='ocr_par' dir='ltr' id='par_1_1' title="bbox 1022 502 3842 593">
     <span class='ocr_line' id='line_1_1' title="bbox 1022 502 3842 593; baseline 0.002 -26"><span class='ocrx_word' id='word_1_1' title='bbox 1022 505 1143 567; x_wconf 84' lang='lat'><strong>616</strong></span> <span class='ocrx_word' id='word_1_2' title='bbox 2068 502 2416 565; x_wconf 70' lang='lat' dir='ltr'><strong>usurum</strong></span> <span class='ocrx_word' id='word_1_3' title='bbox 2466 504 2801 565; x_wconf 74' lang='lat' dir='ltr'><strong>snr‘rmi</strong></span> <span class='ocrx_word' id='word_1_4' title='bbox 3473 510 3632 593; x_wconf 59' lang='lat' dir='ltr'><strong>[Am.</strong></span> <span class='ocrx_word' id='word_1_5' title='bbox 3671 512 3842 573; x_wconf 75' lang='lat'><strong>1233.</strong></span> 
     </span>
    </p>
   </div>
   <div class='ocr_carea' id='block_1_2' title="bbox 1024 633 3854 1098">
    <p class='ocr_par' dir='ltr' id='par_1_2' title="bbox 1027 633 3854 857">
     <span class='ocr_line' id='line_1_2' title="bbox 1027 633 3854 735; baseline 0.002 -24"><span class='ocrx_word' id='word_1_6' title='bbox 1027 639 1353 724; x_wconf 78' lang='lat' dir='ltr'><strong>abbateS,</strong></span> <span class='ocrx_word' id='word_1_7' title='bbox 1390 636 1712 707; x_wconf 88' lang='lat' dir='ltr'><strong>Gerlacus</strong></span> <span class='ocrx_word' id='word_1_8' title='bbox 1746 635 1833 708; x_wconf 91' lang='lat' dir='ltr'><strong>de</strong></span> <span class='ocrx_word' id='word_1_9' title='bbox 1860 633 2263 729; x_wconf 80' lang='lat' dir='ltr'><strong>Budingen,</strong></span> <span class='ocrx_word' id='word_1_10' title='bbox 2320 636 2394 708; x_wconf 92' lang='lat' dir='ltr'><strong>C.</strong></span> <span class='ocrx_word' id='word_1_11' title='bbox 2427 639 2757 732; x_wconf 79' lang='lat' dir='ltr'><strong>pincerna</strong></span> <span class='ocrx_word' id='word_1_12' title='bbox 2798 639 2890 713; x_wconf 91' lang='lat' dir='ltr'><strong>de</strong></span> <span class='ocrx_word' id='word_1_13' title='bbox 2916 640 3348 735; x_wconf 89' lang='lat' dir='ltr'><strong>Winterstet,</strong></span> <span class='ocrx_word' id='word_1_14' title='bbox 3407 645 3482 717; x_wconf 93' lang='lat' dir='ltr'><strong>C.</strong></span> <span class='ocrx_word' id='word_1_15' title='bbox 3523 645 3612 718; x_wconf 91' lang='lat' dir='ltr'><strong>de</strong></span> <span class='ocrx_word' id='word_1_16' title='bbox 3644 647 3854 718; x_wconf 91' lang='lat' dir='ltr'><strong>Hini-</strong></span> 
     </span>
     <span class='ocr_line' id='line_1_3' title="bbox 1028 756 2185 857; baseline -0.003 -22"><span class='ocrx_word' id='word_1_17' title='bbox 1028 760 1258 835; x_wconf 90' lang='lat' dir='ltr'><strong>develt</strong></span> <span class='ocrx_word' id='word_1_18' title='bbox 1289 756 1426 857; x_wconf 65' lang='lat' dir='ltr'><strong>(a),</strong></span> <span class='ocrx_word' id='word_1_19' title='bbox 1468 767 1537 831; x_wconf 90' lang='lat' dir='ltr'><strong>et</strong></span> <span class='ocrx_word' id='word_1_20' title='bbox 1567 759 1682 830; x_wconf 89' lang='lat' dir='ltr'><strong>alii</strong></span> <span class='ocrx_word' id='word_1_21' title='bbox 1718 760 2185 853; x_wconf 79' lang='lat' dir='ltr'><strong>quamplures.</strong></span> 
     </span>
    </p>

    <p class='ocr_par' dir='ltr' id='par_1_3' title="bbox 1024 880 3848 1098">
     <span class='ocr_line' id='line_1_4' title="bbox 1125 880 3848 980; baseline 0.004 -26"><span class='ocrx_word' id='word_1_22' title='bbox 1125 882 1374 955; x_wconf 84' lang='lat' dir='ltr'><strong>Actum</strong></span> <span class='ocrx_word' id='word_1_23' title='bbox 1405 880 1596 977; x_wconf 88' lang='lat' dir='ltr'><strong>apud</strong></span> <span class='ocrx_word' id='word_1_24' title='bbox 1623 882 2068 976; x_wconf 83' lang='lat' dir='ltr'><strong>Nurenberg,</strong></span> <span class='ocrx_word' id='word_1_25' title='bbox 2124 903 2309 955; x_wconf 89' lang='lat' dir='ltr'><strong>anno</strong></span> <span class='ocrx_word' id='word_1_26' title='bbox 2347 883 2691 959; x_wconf 89' lang='lat' dir='ltr'><strong>dominice</strong></span> <span class='ocrx_word' id='word_1_27' title='bbox 2726 885 3213 961; x_wconf 81' lang='lat' dir='ltr'><strong>incarnationis</strong></span> <span class='ocrx_word' id='word_1_28' title='bbox 3249 889 3338 962; x_wconf 86' lang='grc' dir='ltr'><strong>Μ.</strong></span> <span class='ocrx_word' id='word_1_29' title='bbox 3376 888 3503 962; x_wconf 92' lang='lat' dir='ltr'><strong>CC.</strong></span> <span class='ocrx_word' id='word_1_30' title='bbox 3531 892 3848 980; x_wconf 84' lang='lat' dir='ltr'>XXXIII,</span> 
     </span>
     <span class='ocr_line' id='line_1_5' title="bbox 1024 1005 2275 1098; baseline -0.003 -17"><span class='ocrx_word' id='word_1_31' title='bbox 1024 1008 1116 1081; x_wconf 84' lang='lat' dir='ltr'><strong>VI</strong></span> <span class='ocrx_word' id='word_1_32' title='bbox 1152 1005 1481 1079; x_wconf 83' lang='lat' dir='ltr'><strong>kalendas</strong></span> <span class='ocrx_word' id='word_1_33' title='bbox 1505 1006 1703 1098; x_wconf 87' lang='lat' dir='ltr'><strong>julii,</strong></span> <span class='ocrx_word' id='word_1_34' title='bbox 1747 1005 2124 1079; x_wconf 83' lang='lat' dir='ltr'><strong>indictione</strong></span> <span class='ocrx_word' id='word_1_35' title='bbox 2160 1007 2275 1078; x_wconf 83' lang='lat' dir='ltr'><strong>VI.</strong></span> 
     </span>
    </p>
   </div>
   <div class='ocr_carea' id='block_1_3' title="bbox 642 1543 3863 2184">
    <p class='ocr_par' dir='ltr' id='par_1_4' title="bbox 642 1543 3863 2184">
     <span class='ocr_line' id='line_1_6' title="bbox 642 1543 3861 1663; baseline 0.002 -37"><span class='ocrx_word' id='word_1_36' title='bbox 642 1556 927 1663; x_wconf 47' lang='lat' dir='ltr'><strong>uossffim</strong></span> <span class='ocrx_word' id='word_1_37' title='bbox 1140 1545 1368 1627; x_wconf 89' lang='lat' dir='ltr'><strong>Anno</strong></span> <span class='ocrx_word' id='word_1_38' title='bbox 1429 1545 1736 1627; x_wconf 89' lang='lat' dir='ltr'><strong>Domini</strong></span> <span class='ocrx_word' id='word_1_39' title='bbox 1808 1544 2348 1651; x_wconf 85' lang='lat' dir='ltr'>MCCXXXIII‚</span> <span class='ocrx_word' id='word_1_40' title='bbox 2422 1554 2689 1628; x_wconf 87' lang='lat' dir='ltr'><strong>octavo</strong></span> <span class='ocrx_word' id='word_1_41' title='bbox 2748 1543 3117 1628; x_wconf 84' lang='lat' dir='ltr'><strong>kalendas</strong></span> <span class='ocrx_word' id='word_1_42' title='bbox 3178 1548 3532 1656; x_wconf 83' lang='lat' dir='ltr'><strong>augusti,</strong></span> <span class='ocrx_word' id='word_1_43' title='bbox 3591 1575 3724 1631; x_wconf 88' lang='lat' dir='ltr'><strong>rex</strong></span> <span class='ocrx_word' id='word_1_44' title='bbox 3786 1562 3861 1631; x_wconf 89' lang='lat' dir='ltr'><strong>et</strong></span> 
     </span>
     <span class='ocr_line' id='line_1_7' title="bbox 700 1639 3861 1787; baseline 0.001 -25"><span class='ocrx_word' id='word_1_45' title='bbox 700 1666 755 1707; x_wconf 75' lang='lat'><strong>²⁵</strong></span> <span class='ocrx_word' id='word_1_46' title='bbox 773 1664 895 1719; x_wconf 63' lang='lat'><strong>&#39;&#39;¹¹³“</strong></span> <span class='ocrx_word' id='word_1_47' title='bbox 937 1639 954 1664; x_wconf 59' lang='grc'><strong><em>’</em></strong></span> <span class='ocrx_word' id='word_1_48' title='bbox 1036 1677 1528 1786; x_wconf 83' lang='lat' dir='ltr'><strong>Moguntinus</strong></span> <span class='ocrx_word' id='word_1_49' title='bbox 1602 1677 2273 1785; x_wconf 84' lang='lat' dir='ltr'><strong>[archiepiscopus]</strong></span> <span class='ocrx_word' id='word_1_50' title='bbox 2329 1685 2403 1758; x_wconf 90' lang='lat' dir='ltr'><strong>et</strong></span> <span class='ocrx_word' id='word_1_51' title='bbox 2454 1676 2818 1787; x_wconf 87' lang='lat' dir='ltr'><strong>magister</strong></span> <span class='ocrx_word' id='word_1_52' title='bbox 2891 1678 3294 1761; x_wconf 89' lang='lat' dir='ltr'><strong>Cunradus</strong></span> <span class='ocrx_word' id='word_1_53' title='bbox 3342 1681 3439 1762; x_wconf 91' lang='lat' dir='ltr'><strong>de</strong></span> <span class='ocrx_word' id='word_1_54' title='bbox 3507 1682 3861 1765; x_wconf 89' lang='lat' dir='ltr'><strong>Marburc</strong></span> 
     </span>
     <span class='ocr_line' id='line_1_8' title="bbox 1034 1810 3858 1921; baseline -0 -27"><span class='ocrx_word' id='word_1_55' title='bbox 1034 1810 1471 1919; x_wconf 87' lang='lat' dir='ltr'><strong>Moguntiae</strong></span> <span class='ocrx_word' id='word_1_56' title='bbox 1506 1819 1964 1893; x_wconf 86' lang='lat' dir='ltr'><strong>conventum</strong></span> <span class='ocrx_word' id='word_1_57' title='bbox 2023 1810 2552 1918; x_wconf 89' lang='lat' dir='ltr'><strong>episcoporum</strong></span> <span class='ocrx_word' id='word_1_58' title='bbox 2605 1819 2681 1892; x_wconf 88' lang='lat' dir='ltr'><strong>et</strong></span> <span class='ocrx_word' id='word_1_59' title='bbox 2714 1810 3081 1892; x_wconf 87' lang='lat' dir='ltr'><strong>comitum</strong></span> <span class='ocrx_word' id='word_1_60' title='bbox 3137 1820 3366 1921; x_wconf 87' lang='lat' dir='ltr'><strong>atque</strong></span> <span class='ocrx_word' id='word_1_61' title='bbox 3408 1812 3858 1896; x_wconf 88' lang='lat' dir='ltr'><strong>clericorum</strong></span> 
     </span>
     <span class='ocr_line' id='line_1_9' title="bbox 1041 1940 3859 2055; baseline 0.002 -32"><span class='ocrx_word' id='word_1_62' title='bbox 1041 1940 1382 2024; x_wconf 87' lang='lat' dir='ltr'><strong>fecerunt</strong></span> <span class='ocrx_word' id='word_1_63' title='bbox 1452 1968 1591 2051; x_wconf 93' lang='lat' dir='ltr'><strong>pro</strong></span> <span class='ocrx_word' id='word_1_64' title='bbox 1654 1942 2117 2050; x_wconf 88' lang='lat' dir='ltr'><strong>quibusdam</strong></span> <span class='ocrx_word' id='word_1_65' title='bbox 2187 1941 2575 2024; x_wconf 88' lang='lat' dir='ltr'><strong>infamatis</strong></span> <span class='ocrx_word' id='word_1_66' title='bbox 2645 1943 2742 2025; x_wconf 91' lang='lat' dir='ltr'><strong>de</strong></span> <span class='ocrx_word' id='word_1_67' title='bbox 2811 1942 3106 2025; x_wconf 90' lang='lat' dir='ltr'><strong>haeresi</strong></span> <span class='ocrx_word' id='word_1_68' title='bbox 3183 1942 3336 2053; x_wconf 84' lang='lat'><strong>(1).</strong></span> <span class='ocrx_word' id='word_1_69' title='bbox 3397 1944 3600 2027; x_wconf 88' lang='lat' dir='ltr'><strong>Inter</strong></span> <span class='ocrx_word' id='word_1_70' title='bbox 3662 1971 3859 2055; x_wconf 90' lang='lat' dir='ltr'><strong>quos</strong></span> 
     </span>
     <span class='ocr_line' id='line_1_10' title="bbox 1038 2074 3863 2184; baseline 0 -27"><span class='ocrx_word' id='word_1_71' title='bbox 1038 2100 1292 2157; x_wconf 90' lang='lat' dir='ltr'><strong>comes</strong></span> <span class='ocrx_word' id='word_1_72' title='bbox 1329 2077 1425 2158; x_wconf 91' lang='lat' dir='ltr'><strong>de</strong></span> <span class='ocrx_word' id='word_1_73' title='bbox 1461 2074 1682 2158; x_wconf 91' lang='lat' dir='ltr'><strong>Seine</strong></span> <span class='ocrx_word' id='word_1_74' title='bbox 1735 2087 2133 2157; x_wconf 88' lang='lat' dir='ltr'><strong>accusatus</strong></span> <span class='ocrx_word' id='word_1_75' title='bbox 2186 2075 2532 2157; x_wconf 88' lang='lat' dir='ltr'><strong>inducias</strong></span> <span class='ocrx_word' id='word_1_76' title='bbox 2585 2074 3154 2184; x_wconf 84' lang='lat' dir='ltr'><strong>expurgationis</strong></span> <span class='ocrx_word' id='word_1_77' title='bbox 3205 2075 3599 2160; x_wconf 84' lang='lat' dir='ltr'><strong>ulteriores</strong></span> <span class='ocrx_word' id='word_1_78' title='bbox 3651 2076 3863 2160; x_wconf 89' lang='lat' dir='ltr'><strong>obti-</strong></span> 
     </span>
    </p>
   </div>
   <div class='ocr_carea' id='block_1_4' title="bbox 1037 2207 3859 2474">
    <p class='ocr_par' dir='ltr' id='par_1_5' title="bbox 1037 2207 3859 2474">
     <span class='ocr_line' id='line_1_11' title="bbox 1037 2207 3859 2319; baseline 0.001 -30"><span class='ocrx_word' id='word_1_79' title='bbox 1037 2208 1207 2291; x_wconf 86' lang='lat' dir='ltr'><strong>nuit</strong></span> <span class='ocrx_word' id='word_1_80' title='bbox 1269 2207 1419 2319; x_wconf 76' lang='lat'><strong>(2).</strong></span> <span class='ocrx_word' id='word_1_81' title='bbox 1501 2207 1744 2316; x_wconf 89' lang='lat' dir='ltr'><strong>Super</strong></span> <span class='ocrx_word' id='word_1_82' title='bbox 1813 2208 2147 2318; x_wconf 89' lang='lat' dir='ltr'><strong>reliquos</strong></span> <span class='ocrx_word' id='word_1_83' title='bbox 2226 2234 2406 2292; x_wconf 85' lang='lat' dir='ltr'><strong>vero</strong></span> <span class='ocrx_word' id='word_1_84' title='bbox 2480 2208 2613 2319; x_wconf 92' lang='lat' dir='ltr'><strong>qui</strong></span> <span class='ocrx_word' id='word_1_85' title='bbox 2686 2232 2844 2290; x_wconf 91' lang='lat' dir='ltr'><strong>non</strong></span> <span class='ocrx_word' id='word_1_86' title='bbox 2920 2220 3511 2317; x_wconf 87' lang='lat' dir='ltr'><strong>comparuerunt</strong></span> <span class='ocrx_word' id='word_1_87' title='bbox 3565 2235 3706 2292; x_wconf 90' lang='lat' dir='ltr'><strong>nec</strong></span> <span class='ocrx_word' id='word_1_88' title='bbox 3779 2236 3859 2293; x_wconf 89' lang='lat' dir='ltr'><strong>se</strong></span> 
     </span>
     <span class='ocr_line' id='line_1_12' title="bbox 1123 2390 2441 2474; baseline 0.002 -19"><span class='ocrx_word' id='word_1_89' title='bbox 1123 2394 1205 2474; x_wconf 84' lang='lat' dir='ltr'><strong>(a)</strong></span> <span class='ocrx_word' id='word_1_90' title='bbox 1250 2395 1657 2458; x_wconf 75' lang='lat' dir='ltr'><strong>verisimiliter</strong></span> <span class='ocrx_word' id='word_1_91' title='bbox 1682 2395 1998 2473; x_wconf 78' lang='lat' dir='ltr'><strong>legendum</strong></span> <span class='ocrx_word' id='word_1_92' title='bbox 2019 2392 2090 2454; x_wconf 75' lang='lat' dir='ltr'><strong>de</strong></span> <span class='ocrx_word' id='word_1_93' title='bbox 2111 2390 2441 2457; x_wconf 73' lang='lat' dir='ltr'><strong>Smidevelt.</strong></span> 
     </span>
    </p>
   </div>
   <div class='ocr_carea' id='block_1_5' title="bbox 3343 2568 3575 2577">
    <p class='ocr_par' dir='ltr' id='par_1_6' title="bbox 3343 2568 3575 2577">
     <span class='ocr_line' id='line_1_13' title="bbox 3343 2568 3575 2577; baseline 0 3379"><span class='ocrx_word' id='word_1_94' title='bbox 3343 2568 3575 2577; x_wconf 95' lang='lat' dir='ltr'><strong> </strong></span> 
     </span>
    </p>
   </div>
   <div class='ocr_carea' id='block_1_6' title="bbox 2597 2566 2848 2575">
    <p class='ocr_par' dir='ltr' id='par_1_7' title="bbox 2597 2566 2848 2575">
     <span class='ocr_line' id='line_1_14' title="bbox 2597 2566 2848 2575; baseline 0 3381"><span class='ocrx_word' id='word_1_95' title='bbox 2597 2566 2848 2575; x_wconf 95' lang='lat' dir='ltr'><strong> </strong></span> 
     </span>
    </p>
   </div>
   <div class='ocr_carea' id='block_1_7' title="bbox 2968 2567 3340 2576">
    <p class='ocr_par' dir='ltr' id='par_1_8' title="bbox 2968 2567 3340 2576">
     <span class='ocr_line' id='line_1_15' title="bbox 2968 2567 3340 2576; baseline 0 3380"><span class='ocrx_word' id='word_1_96' title='bbox 2968 2567 3340 2576; x_wconf 95' lang='lat' dir='ltr'><strong> </strong></span> 
     </span>
    </p>
   </div>
   <div class='ocr_carea' id='block_1_8' title="bbox 2162 2565 2568 2578">
    <p class='ocr_par' dir='ltr' id='par_1_9' title="bbox 2162 2565 2568 2578">
     <span class='ocr_line' id='line_1_16' title="bbox 2162 2565 2568 2578; baseline 0 0"><span class='ocrx_word' id='word_1_97' title='bbox 2162 2565 2568 2578; x_wconf 95' lang='lat' dir='ltr'><strong> </strong></span> 
     </span>
    </p>
   </div>
   <div class='ocr_carea' id='block_1_9' title="bbox 1864 2566 2075 2577">
    <p class='ocr_par' dir='ltr' id='par_1_10' title="bbox 1864 2566 2075 2577">
     <span class='ocr_line' id='line_1_17' title="bbox 1864 2566 2075 2577; baseline 0 0"><span class='ocrx_word' id='word_1_98' title='bbox 1864 2566 2075 2577; x_wconf 95' lang='lat' dir='ltr'><strong> </strong></span> 
     </span>
    </p>
   </div>
   <div class='ocr_carea' id='block_1_10' title="bbox 1028 2662 3866 4681">
    <p class='ocr_par' dir='ltr' id='par_1_11' title="bbox 1029 2662 3862 4099">
     <span class='ocr_line' id='line_1_18' title="bbox 1106 2662 3860 2739; baseline 0.001 -17"><span class='ocrx_word' id='word_1_99' title='bbox 1106 2666 1181 2739; x_wconf 75' lang='lat' dir='ltr'><strong>(l)</strong></span> <span class='ocrx_word' id='word_1_100' title='bbox 1217 2666 1388 2739; x_wconf 85' lang='lat' dir='ltr'><strong>Hujus</strong></span> <span class='ocrx_word' id='word_1_101' title='bbox 1420 2662 1808 2737; x_wconf 84' lang='lat' dir='ltr'><strong>persecutionis</strong></span> <span class='ocrx_word' id='word_1_102' title='bbox 1844 2667 2093 2720; x_wconf 78' lang='lat' dir='ltr'><strong>auctores</strong></span> <span class='ocrx_word' id='word_1_103' title='bbox 2124 2662 2294 2720; x_wconf 83' lang='lat' dir='ltr'><strong>fuisse</strong></span> <span class='ocrx_word' id='word_1_104' title='bbox 2327 2662 2578 2719; x_wconf 91' lang='lat' dir='ltr'><strong>dicuntur</strong></span> <span class='ocrx_word' id='word_1_105' title='bbox 2598 2662 2817 2735; x_wconf 87' lang='lat' dir='ltr'><strong>quidam</strong></span> <span class='ocrx_word' id='word_1_106' title='bbox 2857 2662 3022 2721; x_wconf 80' lang='lat' dir='ltr'><strong>frater</strong></span> <span class='ocrx_word' id='word_1_107' title='bbox 3055 2662 3232 2721; x_wconf 89' lang='lat' dir='ltr'><strong>dictus</strong></span> <span class='ocrx_word' id='word_1_108' title='bbox 3262 2663 3537 2721; x_wconf 89' lang='lat' dir='ltr'><strong>Conradus</strong></span> <span class='ocrx_word' id='word_1_109' title='bbox 3559 2665 3750 2737; x_wconf 88' lang='lat' dir='ltr'><strong>Dorso,</strong></span> <span class='ocrx_word' id='word_1_110' title='bbox 3789 2666 3860 2725; x_wconf 88' lang='lat' dir='ltr'><strong>de</strong></span> 
     </span>
     <span class='ocr_line' id='line_1_19' title="bbox 1038 2759 3862 2833; baseline 0.001 -12"><span class='ocrx_word' id='word_1_111' title='bbox 1038 2764 1223 2821; x_wconf 90' lang='lat' dir='ltr'><strong>ordine</strong></span> <span class='ocrx_word' id='word_1_112' title='bbox 1249 2763 1699 2832; x_wconf 87' lang='lat' dir='ltr'><strong>Praedicatorum,</strong></span> <span class='ocrx_word' id='word_1_113' title='bbox 1734 2766 1791 2818; x_wconf 89' lang='lat' dir='ltr'><strong>et</strong></span> <span class='ocrx_word' id='word_1_114' title='bbox 1816 2760 2036 2832; x_wconf 89' lang='lat' dir='ltr'><strong>quidam</strong></span> <span class='ocrx_word' id='word_1_115' title='bbox 2062 2760 2317 2817; x_wconf 79' lang='lat' dir='ltr'><strong>secularis</strong></span> <span class='ocrx_word' id='word_1_116' title='bbox 2352 2759 2567 2817; x_wconf 90' lang='lat' dir='ltr'><strong>nomine</strong></span> <span class='ocrx_word' id='word_1_117' title='bbox 2598 2759 2872 2818; x_wconf 73' lang='lat' dir='ltr'><strong>Iohannes</strong></span> <span class='ocrx_word' id='word_1_118' title='bbox 2908 2779 2936 2815; x_wconf 70' lang='grc' dir='ltr'>ι</span> <span class='ocrx_word' id='word_1_119' title='bbox 2973 2761 3065 2833; x_wconf 89' lang='lat' dir='ltr'><strong>qui</strong></span> <span class='ocrx_word' id='word_1_120' title='bbox 3100 2766 3222 2818; x_wconf 88' lang='lat' dir='ltr'><strong>erat</strong></span> <span class='ocrx_word' id='word_1_121' title='bbox 3245 2760 3425 2819; x_wconf 91' lang='lat' dir='ltr'><strong>luscus</strong></span> <span class='ocrx_word' id='word_1_122' title='bbox 3461 2769 3517 2820; x_wconf 91' lang='lat' dir='ltr'><strong>et</strong></span> <span class='ocrx_word' id='word_1_123' title='bbox 3541 2779 3767 2821; x_wconf 90' lang='lat' dir='ltr'><strong>mancus</strong></span> <span class='ocrx_word' id='word_1_124' title='bbox 3804 2772 3862 2823; x_wconf 84' lang='lat' dir='ltr'><strong>et</strong></span> 
     </span>
     <span class='ocr_line' id='line_1_20' title="bbox 1039 2856 3860 2932; baseline 0.002 -18"><span class='ocrx_word' id='word_1_125' title='bbox 1039 2880 1067 2914; x_wconf 69' lang='lat' dir='ltr'>n</span> <span class='ocrx_word' id='word_1_126' title='bbox 1098 2877 1228 2918; x_wconf 87' lang='lat' dir='ltr'><strong>vere</strong></span> <span class='ocrx_word' id='word_1_127' title='bbox 1255 2867 1397 2917; x_wconf 89' lang='lat' dir='ltr'><strong>totus</strong></span> <span class='ocrx_word' id='word_1_128' title='bbox 1421 2875 1676 2932; x_wconf 86' lang='lat' dir='ltr'><strong>nequam.</strong></span> <span class='ocrx_word' id='word_1_129' title='bbox 1706 2877 1733 2910; x_wconf 67' lang='grc' dir='ltr'><strong>ι</strong></span> <span class='ocrx_word' id='word_1_130' title='bbox 1765 2858 1869 2927; x_wconf 88' lang='lat' dir='ltr'><strong>Qui</strong></span> <span class='ocrx_word' id='word_1_131' title='bbox 1908 2864 2194 2930; x_wconf 86' lang='lat' dir='ltr'><strong>postquam</strong></span> <span class='ocrx_word' id='word_1_132' title='bbox 2223 2858 2423 2914; x_wconf 89' lang='lat' dir='ltr'><strong>multos</strong></span> <span class='ocrx_word' id='word_1_133' title='bbox 2457 2856 2526 2913; x_wconf 90' lang='lat' dir='ltr'><strong>de</strong></span> <span class='ocrx_word' id='word_1_134' title='bbox 2563 2856 2723 2931; x_wconf 85' lang='lat' dir='ltr'><strong>plebe</strong></span> <span class='ocrx_word' id='word_1_135' title='bbox 2767 2862 3017 2929; x_wconf 86' lang='lat' dir='ltr'><strong>tanquam</strong></span> <span class='ocrx_word' id='word_1_136' title='bbox 3063 2858 3391 2932; x_wconf 89' lang='lat' dir='ltr'><strong>haereticos,</strong></span> <span class='ocrx_word' id='word_1_137' title='bbox 3425 2860 3644 2918; x_wconf 91' lang='lat' dir='ltr'><strong>minime</strong></span> <span class='ocrx_word' id='word_1_138' title='bbox 3681 2868 3860 2920; x_wconf 89' lang='lat' dir='ltr'><strong>tamen</strong></span> 
     </span>
     <span class='ocr_line' id='line_1_21' title="bbox 1029 2954 3859 3033; baseline 0.001 -18"><span class='ocrx_word' id='word_1_139' title='bbox 1029 2959 1230 3033; x_wconf 85' lang='lat' dir='ltr'><strong>judicio</strong></span> <span class='ocrx_word' id='word_1_140' title='bbox 1265 2959 1563 3029; x_wconf 87' lang='lat' dir='ltr'><strong>convictos,</strong></span> <span class='ocrx_word' id='word_1_141' title='bbox 1599 2956 1829 3014; x_wconf 86' lang='lat' dir='ltr'><strong>flammis</strong></span> <span class='ocrx_word' id='word_1_142' title='bbox 1874 2956 2244 3026; x_wconf 88' lang='lat' dir='ltr'><strong>tradidissent,</strong></span> <span class='ocrx_word' id='word_1_143' title='bbox 2287 2975 2313 3009; x_wconf 77' lang='grc' dir='ltr'><strong>α</strong></span> <span class='ocrx_word' id='word_1_144' title='bbox 2359 2954 2708 3012; x_wconf 83' lang='lat' dir='ltr'><strong>adtraxerunt</strong></span> <span class='ocrx_word' id='word_1_145' title='bbox 2743 2954 2849 3012; x_wconf 89' lang='lat' dir='ltr'><strong>sibi</strong></span> <span class='ocrx_word' id='word_1_146' title='bbox 2885 2954 3188 3013; x_wconf 84' lang='lat' dir='ltr'><strong>Heinricum</strong></span> <span class='ocrx_word' id='word_1_147' title='bbox 3221 2971 3401 3030; x_wconf 87' lang='lat' dir='ltr'><strong>regem</strong></span> <span class='ocrx_word' id='word_1_148' title='bbox 3438 2962 3495 3014; x_wconf 89' lang='lat' dir='ltr'><strong>et</strong></span> <span class='ocrx_word' id='word_1_149' title='bbox 3527 2957 3770 3017; x_wconf 90' lang='lat' dir='ltr'><strong>dominos</strong></span> <span class='ocrx_word' id='word_1_150' title='bbox 3804 2960 3859 3018; x_wconf 91' lang='lat' dir='ltr'><strong>in</strong></span> 
     </span>
     <span class='ocr_line' id='line_1_22' title="bbox 1038 3052 3857 3128; baseline 0.001 -17"><span class='ocrx_word' id='word_1_151' title='bbox 1038 3056 1185 3111; x_wconf 90' lang='lat' dir='ltr'><strong>hunc</strong></span> <span class='ocrx_word' id='word_1_152' title='bbox 1224 3055 1441 3112; x_wconf 90' lang='lat' dir='ltr'><strong>modum</strong></span> <span class='ocrx_word' id='word_1_153' title='bbox 1478 3073 1492 3110; x_wconf 74' lang='grc' dir='ltr'>ι</span> <span class='ocrx_word' id='word_1_154' title='bbox 1531 3075 1558 3108; x_wconf 73' lang='grc' dir='ltr'><strong>α</strong></span> <span class='ocrx_word' id='word_1_155' title='bbox 1591 3056 1731 3110; x_wconf 91' lang='lat' dir='ltr'><strong>Ecce</strong></span> <span class='ocrx_word' id='word_1_156' title='bbox 1774 3068 1873 3110; x_wconf 90' lang='lat' dir='ltr'><strong>nos</strong></span> <span class='ocrx_word' id='word_1_157' title='bbox 1928 3053 2307 3110; x_wconf 89' lang='lat' dir='ltr'><strong>comburemus</strong></span> <span class='ocrx_word' id='word_1_158' title='bbox 2348 3052 2541 3109; x_wconf 88' lang='lat' dir='ltr'><strong>divites</strong></span> <span class='ocrx_word' id='word_1_159' title='bbox 2576 3052 2772 3110; x_wconf 87' lang='lat' dir='ltr'><strong>multos</strong></span> <span class='ocrx_word' id='word_1_160' title='bbox 2804 3058 2862 3109; x_wconf 93' lang='lat' dir='ltr'><strong>et</strong></span> <span class='ocrx_word' id='word_1_161' title='bbox 2891 3053 3036 3110; x_wconf 86' lang='lat' dir='ltr'><strong>bona</strong></span> <span class='ocrx_word' id='word_1_162' title='bbox 3079 3055 3316 3128; x_wconf 88' lang='lat' dir='ltr'><strong>ipsorum</strong></span> <span class='ocrx_word' id='word_1_163' title='bbox 3358 3054 3653 3114; x_wconf 88' lang='lat' dir='ltr'><strong>habebitis.</strong></span> <span class='ocrx_word' id='word_1_164' title='bbox 3695 3057 3766 3113; x_wconf 87' lang='lat' dir='ltr'><strong>Et</strong></span> <span class='ocrx_word' id='word_1_165' title='bbox 3801 3058 3857 3115; x_wconf 92' lang='lat' dir='ltr'><strong>in</strong></span> 
     </span>
     <span class='ocr_line' id='line_1_23' title="bbox 1040 3149 3857 3227; baseline 0.001 -22"><span class='ocrx_word' id='word_1_166' title='bbox 1040 3172 1069 3205; x_wconf 76' lang='lat' dir='ltr'><strong>x·</strong></span> <span class='ocrx_word' id='word_1_167' title='bbox 1102 3152 1411 3209; x_wconf 89' lang='lat' dir='ltr'><strong>civitatibus</strong></span> <span class='ocrx_word' id='word_1_168' title='bbox 1432 3150 1847 3225; x_wconf 87' lang='lat' dir='ltr'><strong>episcopalibus,</strong></span> <span class='ocrx_word' id='word_1_169' title='bbox 1871 3150 2090 3222; x_wconf 87' lang='lat' dir='ltr'><strong>recipiet</strong></span> <span class='ocrx_word' id='word_1_170' title='bbox 2106 3151 2390 3223; x_wconf 90' lang='lat' dir='ltr'><strong>episcopus</strong></span> <span class='ocrx_word' id='word_1_171' title='bbox 2411 3149 2754 3205; x_wconf 88' lang='lat' dir='ltr'><strong>medietatem</strong></span> <span class='ocrx_word' id='word_1_172' title='bbox 2772 3154 2830 3206; x_wconf 90' lang='lat' dir='ltr'><strong>et</strong></span> <span class='ocrx_word' id='word_1_173' title='bbox 2844 3164 2938 3207; x_wconf 88' lang='lat' dir='ltr'><strong>rex</strong></span> <span class='ocrx_word' id='word_1_174' title='bbox 2957 3150 3042 3207; x_wconf 87' lang='lat' dir='ltr'><strong>vel</strong></span> <span class='ocrx_word' id='word_1_175' title='bbox 3067 3151 3203 3209; x_wconf 85' lang='lat' dir='ltr'><strong>alius</strong></span> <span class='ocrx_word' id='word_1_176' title='bbox 3215 3152 3380 3223; x_wconf 85' lang='lat' dir='ltr'><strong>judex</strong></span> <span class='ocrx_word' id='word_1_177' title='bbox 3403 3153 3561 3209; x_wconf 90' lang='lat' dir='ltr'><strong>aliam</strong></span> <span class='ocrx_word' id='word_1_178' title='bbox 3584 3149 3857 3227; x_wconf 76' lang='lat' dir='ltr'><strong>partem.»</strong></span> 
     </span>
     <span class='ocr_line' id='line_1_24' title="bbox 1037 3244 3862 3321; baseline 0.001 -16"><span class='ocrx_word' id='word_1_179' title='bbox 1037 3249 1108 3305; x_wconf 86' lang='lat' dir='ltr'><strong>Et</strong></span> <span class='ocrx_word' id='word_1_180' title='bbox 1156 3248 1323 3321; x_wconf 85' lang='lat' dir='ltr'><strong>gavisi</strong></span> <span class='ocrx_word' id='word_1_181' title='bbox 1365 3253 1493 3304; x_wconf 90' lang='lat' dir='ltr'><strong>sunt</strong></span> <span class='ocrx_word' id='word_1_182' title='bbox 1522 3247 1719 3304; x_wconf 90' lang='lat' dir='ltr'><strong>domini</strong></span> <span class='ocrx_word' id='word_1_183' title='bbox 1754 3247 2063 3303; x_wconf 85' lang='lat' dir='ltr'><strong>assistentes</strong></span> <span class='ocrx_word' id='word_1_184' title='bbox 2098 3245 2229 3318; x_wconf 91' lang='lat' dir='ltr'><strong>ipsis</strong></span> <span class='ocrx_word' id='word_1_185' title='bbox 2258 3250 2315 3301; x_wconf 88' lang='lat' dir='ltr'><strong>et</strong></span> <span class='ocrx_word' id='word_1_186' title='bbox 2344 3244 2602 3302; x_wconf 85' lang='lat' dir='ltr'><strong>ducentes</strong></span> <span class='ocrx_word' id='word_1_187' title='bbox 2635 3261 2730 3302; x_wconf 89' lang='lat' dir='ltr'><strong>eos</strong></span> <span class='ocrx_word' id='word_1_188' title='bbox 2763 3246 2818 3302; x_wconf 92' lang='lat' dir='ltr'><strong>in</strong></span> <span class='ocrx_word' id='word_1_189' title='bbox 2850 3245 3094 3303; x_wconf 84' lang='lat' dir='ltr'><strong>civitates</strong></span> <span class='ocrx_word' id='word_1_190' title='bbox 3139 3253 3194 3304; x_wconf 90' lang='lat' dir='ltr'><strong>et</strong></span> <span class='ocrx_word' id='word_1_191' title='bbox 3239 3247 3393 3305; x_wconf 86' lang='lat' dir='ltr'><strong>villas</strong></span> <span class='ocrx_word' id='word_1_192' title='bbox 3430 3265 3645 3308; x_wconf 90' lang='lat' dir='ltr'><strong>suas....</strong></span> <span class='ocrx_word' id='word_1_193' title='bbox 3687 3257 3744 3308; x_wconf 89' lang='lat' dir='ltr'><strong>et</strong></span> <span class='ocrx_word' id='word_1_194' title='bbox 3779 3251 3862 3309; x_wconf 89' lang='lat' dir='ltr'><strong>sic</strong></span> 
     </span>
     <span class='ocr_line' id='line_1_25' title="bbox 1037 3341 3861 3419; baseline 0.001 -16"><span class='ocrx_word' id='word_1_195' title='bbox 1037 3346 1192 3403; x_wconf 88' lang='lat' dir='ltr'><strong>multi</strong></span> <span class='ocrx_word' id='word_1_196' title='bbox 1231 3345 1539 3401; x_wconf 90' lang='lat' dir='ltr'><strong>innocentes</strong></span> <span class='ocrx_word' id='word_1_197' title='bbox 1574 3343 1888 3399; x_wconf 89' lang='lat' dir='ltr'><strong>interierunt</strong></span> <span class='ocrx_word' id='word_1_198' title='bbox 1929 3349 2151 3416; x_wconf 91' lang='lat' dir='ltr'><strong>propter</strong></span> <span class='ocrx_word' id='word_1_199' title='bbox 2194 3341 2340 3399; x_wconf 88' lang='lat' dir='ltr'><strong>hona</strong></span> <span class='ocrx_word' id='word_1_200' title='bbox 2383 3357 2480 3399; x_wconf 90' lang='lat' dir='ltr'><strong>sua</strong></span> <span class='ocrx_word' id='word_1_201' title='bbox 2514 3359 2613 3415; x_wconf 89' lang='lat' dir='ltr'><strong>per</strong></span> <span class='ocrx_word' id='word_1_202' title='bbox 2652 3343 2898 3400; x_wconf 90' lang='lat' dir='ltr'><strong>dominos</strong></span> <span class='ocrx_word' id='word_1_203' title='bbox 2945 3343 3060 3417; x_wconf 90' lang='lat' dir='ltr'><strong>ipsa</strong></span> <span class='ocrx_word' id='word_1_204' title='bbox 3106 3345 3446 3419; x_wconf 86' lang='lat' dir='ltr'><strong>accipientes.</strong></span> <span class='ocrx_word' id='word_1_205' title='bbox 3489 3347 3690 3406; x_wconf 89' lang='lat' dir='ltr'><strong>Videns</strong></span> <span class='ocrx_word' id='word_1_206' title='bbox 3727 3347 3861 3407; x_wconf 82' lang='lat' dir='ltr'><strong>haec</strong></span> 
     </span>
     <span class='ocr_line' id='line_1_26' title="bbox 1037 3438 3852 3519; baseline 0.001 -20"><span class='ocrx_word' id='word_1_207' title='bbox 1037 3443 1271 3518; x_wconf 86' lang='lat' dir='ltr'><strong>populus</strong></span> <span class='ocrx_word' id='word_1_208' title='bbox 1297 3443 1552 3498; x_wconf 90' lang='lat' dir='ltr'><strong>misertus</strong></span> <span class='ocrx_word' id='word_1_209' title='bbox 1580 3446 1634 3496; x_wconf 91' lang='lat' dir='ltr'><strong>et</strong></span> <span class='ocrx_word' id='word_1_210' title='bbox 1654 3439 1846 3497; x_wconf 88' lang='lat' dir='ltr'><strong>timens</strong></span> <span class='ocrx_word' id='word_1_211' title='bbox 1864 3439 1995 3495; x_wconf 86' lang='lat' dir='ltr'><strong>dixit</strong></span> <span class='ocrx_word' id='word_1_212' title='bbox 2026 3439 2094 3496; x_wconf 88' lang='lat' dir='ltr'><strong>ad</strong></span> <span class='ocrx_word' id='word_1_213' title='bbox 2120 3454 2216 3496; x_wconf 89' lang='lat' dir='ltr'><strong>eos</strong></span> <span class='ocrx_word' id='word_1_214' title='bbox 2246 3455 2263 3493; x_wconf 73' lang='grc' dir='ltr'>ε</span> <span class='ocrx_word' id='word_1_215' title='bbox 2297 3458 2325 3491; x_wconf 65' lang='lat' dir='ltr'><strong>a</strong></span> <span class='ocrx_word' id='word_1_216' title='bbox 2355 3438 2535 3508; x_wconf 86' lang='lat' dir='ltr'><strong>Quare</strong></span> <span class='ocrx_word' id='word_1_217' title='bbox 2570 3440 2649 3496; x_wconf 91' lang='lat' dir='ltr'><strong>sic</strong></span> <span class='ocrx_word' id='word_1_218' title='bbox 2674 3439 2961 3512; x_wconf 86' lang='lat' dir='ltr'><strong>proceditis</strong></span> <span class='ocrx_word' id='word_1_219' title='bbox 2985 3457 3048 3509; x_wconf 82' lang='lat'><strong>»;</strong></span> <span class='ocrx_word' id='word_1_220' title='bbox 3082 3445 3139 3497; x_wconf 90' lang='lat' dir='ltr'><strong>et</strong></span> <span class='ocrx_word' id='word_1_221' title='bbox 3171 3440 3275 3513; x_wconf 91' lang='lat' dir='ltr'><strong>ipsi</strong></span> <span class='ocrx_word' id='word_1_222' title='bbox 3307 3442 3596 3500; x_wconf 83' lang='lat' dir='ltr'><strong>enormiter</strong></span> <span class='ocrx_word' id='word_1_223' title='bbox 3627 3459 3852 3519; x_wconf 89' lang='lat' dir='ltr'><strong>respon·</strong></span> 
     </span>
     <span class='ocr_line' id='line_1_27' title="bbox 1034 3535 3853 3610; baseline -0.001 -13"><span class='ocrx_word' id='word_1_224' title='bbox 1034 3541 1210 3599; x_wconf 89' lang='lat' dir='ltr'><strong>dendo</strong></span> <span class='ocrx_word' id='word_1_225' title='bbox 1250 3539 1500 3597; x_wconf 87' lang='lat' dir='ltr'><strong>dicebant</strong></span> <span class='ocrx_word' id='word_1_226' title='bbox 1537 3556 1552 3594; x_wconf 72' lang='grc' dir='ltr'>ε</span> <span class='ocrx_word' id='word_1_227' title='bbox 1597 3558 1625 3592; x_wconf 76' lang='grc' dir='ltr'><strong>α</strong></span> <span class='ocrx_word' id='word_1_228' title='bbox 1668 3536 1939 3595; x_wconf 81' lang='lat' dir='ltr'><strong>vellemus</strong></span> <span class='ocrx_word' id='word_1_229' title='bbox 1979 3535 2296 3594; x_wconf 87' lang='lat' dir='ltr'><strong>comburere</strong></span> <span class='ocrx_word' id='word_1_230' title='bbox 2335 3541 2555 3592; x_wconf 89' lang='lat' dir='ltr'><strong>centum</strong></span> <span class='ocrx_word' id='word_1_231' title='bbox 2595 3537 2905 3594; x_wconf 89' lang='lat' dir='ltr'><strong>innocentes</strong></span> <span class='ocrx_word' id='word_1_232' title='bbox 2939 3537 3078 3594; x_wconf 89' lang='lat' dir='ltr'><strong>inter</strong></span> <span class='ocrx_word' id='word_1_233' title='bbox 3115 3553 3252 3610; x_wconf 90' lang='lat' dir='ltr'><strong>quos</strong></span> <span class='ocrx_word' id='word_1_234' title='bbox 3289 3546 3435 3596; x_wconf 88' lang='lat' dir='ltr'><strong>esset</strong></span> <span class='ocrx_word' id='word_1_235' title='bbox 3476 3556 3617 3598; x_wconf 88' lang='lat' dir='ltr'><strong>unus</strong></span> <span class='ocrx_word' id='word_1_236' title='bbox 3652 3557 3794 3599; x_wconf 89' lang='lat' dir='ltr'><strong>reus.</strong></span> <span class='ocrx_word' id='word_1_237' title='bbox 3825 3558 3853 3593; x_wconf 70' lang='grc' dir='ltr'>ι</span> 
     </span>
     <span class='ocr_line' id='line_1_28' title="bbox 1132 3631 3857 3709; baseline 0 -14.967"><span class='ocrx_word' id='word_1_238' title='bbox 1132 3636 1215 3693; x_wconf 83' lang='grc' dir='ltr'><strong>1Πί</strong></span> <span class='ocrx_word' id='word_1_239' title='bbox 1244 3637 1351 3694; x_wconf 90' lang='lat' dir='ltr'><strong>duo</strong></span> <span class='ocrx_word' id='word_1_240' title='bbox 1386 3641 1447 3692; x_wconf 90' lang='lat' dir='ltr'><strong>ut</strong></span> <span class='ocrx_word' id='word_1_241' title='bbox 1471 3634 1715 3691; x_wconf 82' lang='lat' dir='ltr'><strong>fortiores</strong></span> <span class='ocrx_word' id='word_1_242' title='bbox 1738 3632 1942 3703; x_wconf 87' lang='lat' dir='ltr'><strong>fierent,</strong></span> <span class='ocrx_word' id='word_1_243' title='bbox 1976 3636 2320 3690; x_wconf 88' lang='lat' dir='ltr'><strong>accesserunt</strong></span> <span class='ocrx_word' id='word_1_244' title='bbox 2344 3632 2412 3688; x_wconf 87' lang='lat' dir='ltr'><strong>ad</strong></span> <span class='ocrx_word' id='word_1_245' title='bbox 2439 3631 2658 3688; x_wconf 83' lang='lat' dir='ltr'><strong>fratrem</strong></span> <span class='ocrx_word' id='word_1_246' title='bbox 2699 3631 3002 3690; x_wconf 80' lang='lat' dir='ltr'><strong>Com-adum</strong></span> <span class='ocrx_word' id='word_1_247' title='bbox 3040 3632 3108 3690; x_wconf 88' lang='lat' dir='ltr'><strong>de</strong></span> <span class='ocrx_word' id='word_1_248' title='bbox 3142 3634 3417 3709; x_wconf 73' lang='lat' dir='ltr'><strong>Marburg,</strong></span> <span class='ocrx_word' id='word_1_249' title='bbox 3456 3637 3550 3709; x_wconf 90' lang='lat' dir='ltr'><strong>qui</strong></span> <span class='ocrx_word' id='word_1_250' title='bbox 3579 3643 3700 3694; x_wconf 85' lang='lat' dir='ltr'><strong>erat</strong></span> <span class='ocrx_word' id='word_1_251' title='bbox 3728 3652 3857 3695; x_wconf 88' lang='lat' dir='ltr'><strong>con·</strong></span> 
     </span>
     <span class='ocr_line' id='line_1_29' title="bbox 1035 3727 3858 3806; baseline 0.001 -17"><span class='ocrx_word' id='word_1_252' title='bbox 1035 3734 1207 3790; x_wconf 79' lang='lat' dir='ltr'><strong>sessor</strong></span> <span class='ocrx_word' id='word_1_253' title='bbox 1238 3738 1458 3790; x_wconf 86' lang='lat' dir='ltr'><strong>sanctae</strong></span> <span class='ocrx_word' id='word_1_254' title='bbox 1498 3730 1838 3788; x_wconf 87' lang='lat' dir='ltr'><strong>Elizabethae</strong></span> <span class='ocrx_word' id='word_1_255' title='bbox 1883 3735 1938 3786; x_wconf 90' lang='lat' dir='ltr'><strong>et</strong></span> <span class='ocrx_word' id='word_1_256' title='bbox 1972 3729 2125 3803; x_wconf 88' lang='lat' dir='ltr'><strong>quasi</strong></span> <span class='ocrx_word' id='word_1_257' title='bbox 2154 3727 2418 3802; x_wconf 80' lang='lat' dir='ltr'><strong>propheta</strong></span> <span class='ocrx_word' id='word_1_258' title='bbox 2450 3729 2817 3802; x_wconf 89' lang='lat' dir='ltr'><strong>reputabatur.</strong></span> <span class='ocrx_word' id='word_1_259' title='bbox 2852 3729 2923 3786; x_wconf 84' lang='lat' dir='ltr'><strong>Et</strong></span> <span class='ocrx_word' id='word_1_260' title='bbox 2953 3729 3284 3788; x_wconf 86' lang='lat' dir='ltr'><strong>attrahentes</strong></span> <span class='ocrx_word' id='word_1_261' title='bbox 3311 3732 3415 3788; x_wconf 90' lang='lat' dir='ltr'><strong>sibi</strong></span> <span class='ocrx_word' id='word_1_262' title='bbox 3447 3731 3617 3803; x_wconf 86' lang='lat' dir='ltr'><strong>illum,</strong></span> <span class='ocrx_word' id='word_1_263' title='bbox 3642 3749 3858 3806; x_wconf 88' lang='lat' dir='ltr'><strong>proces-</strong></span> 
     </span>
     <span class='ocr_line' id='line_1_30' title="bbox 1032 3826 3852 3903; baseline -0 -16"><span class='ocrx_word' id='word_1_264' title='bbox 1032 3836 1217 3888; x_wconf 90' lang='lat' dir='ltr'><strong>serunt</strong></span> <span class='ocrx_word' id='word_1_265' title='bbox 1254 3830 1481 3901; x_wconf 61' lang='lat' dir='ltr'><strong>insomni</strong></span> <span class='ocrx_word' id='word_1_266' title='bbox 1516 3829 1658 3885; x_wconf 83' lang='lat' dir='ltr'><strong>facto</strong></span> <span class='ocrx_word' id='word_1_267' title='bbox 1693 3843 1824 3899; x_wconf 87' lang='lat' dir='ltr'><strong>suo,</strong></span> <span class='ocrx_word' id='word_1_268' title='bbox 1864 3827 1992 3899; x_wconf 89' lang='lat' dir='ltr'><strong>quia</strong></span> <span class='ocrx_word' id='word_1_269' title='bbox 2035 3827 2151 3899; x_wconf 89' lang='lat' dir='ltr'><strong>ipse</strong></span> <span class='ocrx_word' id='word_1_270' title='bbox 2194 3831 2311 3883; x_wconf 90' lang='lat' dir='ltr'><strong>erat</strong></span> <span class='ocrx_word' id='word_1_271' title='bbox 2340 3826 2507 3899; x_wconf 87' lang='lat' dir='ltr'><strong>judex</strong></span> <span class='ocrx_word' id='word_1_272' title='bbox 2549 3827 2666 3883; x_wconf 89' lang='lat' dir='ltr'><strong>sine</strong></span> <span class='ocrx_word' id='word_1_273' title='bbox 2704 3826 3090 3884; x_wconf 89' lang='lat' dir='ltr'><strong>misericordia.</strong></span> <span class='ocrx_word' id='word_1_274' title='bbox 3123 3846 3151 3880; x_wconf 72' lang='lat' dir='ltr'><strong>n</strong></span> <span class='ocrx_word' id='word_1_275' title='bbox 3190 3829 3392 3885; x_wconf 71' lang='lat' dir='ltr'><strong>Amal.</strong></span> <span class='ocrx_word' id='word_1_276' title='bbox 3436 3830 3694 3888; x_wconf 81' lang='lat' dir='ltr'><strong>Wormat.</strong></span> <span class='ocrx_word' id='word_1_277' title='bbox 3714 3871 3729 3901; x_wconf 87' lang='lat'><strong>,</strong></span> <span class='ocrx_word' id='word_1_278' title='bbox 3765 3846 3852 3903; x_wconf 87' lang='lat' dir='ltr'><strong>ap.</strong></span> 
     </span>
     <span class='ocr_line' id='line_1_31' title="bbox 1032 3922 3856 4000; baseline -0.001 -15"><span class='ocrx_word' id='word_1_279' title='bbox 1032 3929 1323 3999; x_wconf 70' lang='lat' dir='ltr'><strong>Bessum,</strong></span> <span class='ocrx_word' id='word_1_280' title='bbox 1345 3929 1557 3998; x_wconf 78' lang='lat' dir='ltr'><strong>Fontes,</strong></span> <span class='ocrx_word' id='word_1_281' title='bbox 1572 3932 1613 3983; x_wconf 92' lang='lat' dir='ltr'><strong>t.</strong></span> <span class='ocrx_word' id='word_1_282' title='bbox 1636 3927 1705 3997; x_wconf 84' lang='grc' dir='ltr'><strong>Π,</strong></span> <span class='ocrx_word' id='word_1_283' title='bbox 1742 3943 1798 4000; x_wconf 91' lang='lat' dir='ltr'><strong>p.</strong></span> <span class='ocrx_word' id='word_1_284' title='bbox 1842 3927 1948 3981; x_wconf 72' lang='lat'><strong>⁴75</strong></span> <span class='ocrx_word' id='word_1_285' title='bbox 1976 3930 2033 3982; x_wconf 90' lang='lat' dir='ltr'><strong>et</strong></span> <span class='ocrx_word' id='word_1_286' title='bbox 2059 3925 2184 3981; x_wconf 70' lang='lat'><strong>⁴76.</strong></span> <span class='ocrx_word' id='word_1_287' title='bbox 2215 3922 2296 3980; x_wconf 78' lang='lat' dir='ltr'><strong>Cf.</strong></span> <span class='ocrx_word' id='word_1_288' title='bbox 2327 3923 2614 3997; x_wconf 65' lang='lat' dir='ltr'><strong>Anemo„</strong></span> <span class='ocrx_word' id='word_1_289' title='bbox 2639 3939 2728 3998; x_wconf 86' lang='lat' dir='ltr'><strong>ap.</strong></span> <span class='ocrx_word' id='word_1_290' title='bbox 2768 3924 3058 3995; x_wconf 76' lang='lat' dir='ltr'><strong>Lsrsmz,</strong></span> <span class='ocrx_word' id='word_1_291' title='bbox 3093 3925 3321 3996; x_wconf 57' lang='lat' dir='ltr'><strong>Accam,</strong></span> <span class='ocrx_word' id='word_1_292' title='bbox 3351 3926 3420 3998; x_wconf 83' lang='grc' dir='ltr'><strong>Π,</strong></span> <span class='ocrx_word' id='word_1_293' title='bbox 3446 3926 3586 3999; x_wconf 72' lang='lat' dir='ltr'><strong>su,</strong></span> <span class='ocrx_word' id='word_1_294' title='bbox 3619 3931 3676 3984; x_wconf 90' lang='lat' dir='ltr'><strong>et</strong></span> <span class='ocrx_word' id='word_1_295' title='bbox 3713 3926 3856 3983; x_wconf 81' lang='lat' dir='ltr'><strong>Gest.</strong></span> 
     </span>
     <span class='ocr_line' id='line_1_32' title="bbox 1036 4011 1884 4099; baseline -0.002 -17"><span class='ocrx_word' id='word_1_296' title='bbox 1036 4027 1272 4094; x_wconf 66' lang='lat' dir='ltr'><strong>Treuir„</strong></span> <span class='ocrx_word' id='word_1_297' title='bbox 1297 4041 1385 4099; x_wconf 88' lang='lat' dir='ltr'><strong>ap.</strong></span> <span class='ocrx_word' id='word_1_298' title='bbox 1415 4028 1736 4093; x_wconf 70' lang='lat' dir='ltr'><strong>Howrnnur,</strong></span> <span class='ocrx_word' id='word_1_299' title='bbox 1759 4011 1884 4080; x_wconf 84' lang='lat'><strong>798.</strong></span> 
     </span>
    </p>

    <p class='ocr_par' dir='ltr' id='par_1_12' title="bbox 1028 4117 3866 4681">
     <span class='ocr_line' id='line_1_33' title="bbox 1106 4117 3861 4195; baseline 0 -17"><span class='ocrx_word' id='word_1_300' title='bbox 1106 4122 1178 4195; x_wconf 76' lang='lat'><strong>(2)</strong></span> <span class='ocrx_word' id='word_1_301' title='bbox 1204 4142 1229 4174; x_wconf 76' lang='grc' dir='ltr'><strong>α</strong></span> <span class='ocrx_word' id='word_1_302' title='bbox 1251 4122 1421 4179; x_wconf 86' lang='lat' dir='ltr'><strong>Valde</strong></span> <span class='ocrx_word' id='word_1_303' title='bbox 1442 4122 1748 4177; x_wconf 88' lang='lat' dir='ltr'><strong>institerunt</strong></span> <span class='ocrx_word' id='word_1_304' title='bbox 1768 4120 1981 4178; x_wconf 91' lang='lat' dir='ltr'><strong>domino</strong></span> <span class='ocrx_word' id='word_1_305' title='bbox 2007 4119 2256 4177; x_wconf 84' lang='lat' dir='ltr'><strong>Heinrico</strong></span> <span class='ocrx_word' id='word_1_306' title='bbox 2282 4118 2471 4176; x_wconf 89' lang='lat' dir='ltr'><strong>illustri</strong></span> <span class='ocrx_word' id='word_1_307' title='bbox 2493 4119 2674 4176; x_wconf 87' lang='lat' dir='ltr'><strong>comiti</strong></span> <span class='ocrx_word' id='word_1_308' title='bbox 2694 4117 2937 4177; x_wconf 88' lang='lat' dir='ltr'><strong>Seinensi</strong></span> <span class='ocrx_word' id='word_1_309' title='bbox 2954 4118 3047 4192; x_wconf 89' lang='lat' dir='ltr'><strong>qui</strong></span> <span class='ocrx_word' id='word_1_310' title='bbox 3070 4124 3189 4176; x_wconf 88' lang='lat' dir='ltr'><strong>erat</strong></span> <span class='ocrx_word' id='word_1_311' title='bbox 3213 4119 3297 4175; x_wconf 87' lang='lat' dir='ltr'><strong>vir</strong></span> <span class='ocrx_word' id='word_1_312' title='bbox 3317 4118 3660 4191; x_wconf 86' lang='lat' dir='ltr'><strong>christianus,</strong></span> <span class='ocrx_word' id='word_1_313' title='bbox 3686 4133 3861 4194; x_wconf 84' lang='lat' dir='ltr'><strong>prae·</strong></span> 
     </span>
     <span class='ocr_line' id='line_1_34' title="bbox 1035 4215 3860 4292; baseline 0 -17"><span class='ocrx_word' id='word_1_314' title='bbox 1035 4225 1230 4292; x_wconf 91' lang='lat' dir='ltr'><strong>potens</strong></span> <span class='ocrx_word' id='word_1_315' title='bbox 1264 4222 1320 4274; x_wconf 90' lang='lat' dir='ltr'><strong>et</strong></span> <span class='ocrx_word' id='word_1_316' title='bbox 1354 4218 1506 4274; x_wconf 87' lang='lat' dir='ltr'><strong>dives</strong></span> <span class='ocrx_word' id='word_1_317' title='bbox 1541 4220 1597 4272; x_wconf 90' lang='lat' dir='ltr'><strong>et</strong></span> <span class='ocrx_word' id='word_1_318' title='bbox 1625 4215 1998 4272; x_wconf 87' lang='lat' dir='ltr'><strong>honestissime</strong></span> <span class='ocrx_word' id='word_1_319' title='bbox 2026 4216 2247 4287; x_wconf 79' lang='lat' dir='ltr'><strong>vivens,</strong></span> <span class='ocrx_word' id='word_1_320' title='bbox 2280 4232 2442 4288; x_wconf 89' lang='lat' dir='ltr'><strong>quem</strong></span> <span class='ocrx_word' id='word_1_321' title='bbox 2469 4215 2809 4273; x_wconf 86' lang='lat' dir='ltr'><strong>affirmabant</strong></span> <span class='ocrx_word' id='word_1_322' title='bbox 2837 4217 3112 4290; x_wconf 88' lang='lat' dir='ltr'><strong>equitasse</strong></span> <span class='ocrx_word' id='word_1_323' title='bbox 3153 4217 3209 4273; x_wconf 93' lang='lat' dir='ltr'><strong>in</strong></span> <span class='ocrx_word' id='word_1_324' title='bbox 3243 4232 3456 4288; x_wconf 89' lang='lat' dir='ltr'><strong>cancro,</strong></span> <span class='ocrx_word' id='word_1_325' title='bbox 3488 4218 3726 4276; x_wconf 89' lang='lat' dir='ltr'><strong>dicentes</strong></span> <span class='ocrx_word' id='word_1_326' title='bbox 3758 4218 3860 4276; x_wconf 87' lang='lat' dir='ltr'><strong>nisi</strong></span> 
     </span>
     <span class='ocr_line' id='line_1_35' title="bbox 1033 4312 3866 4386; baseline -0 -14"><span class='ocrx_word' id='word_1_327' title='bbox 1033 4315 1394 4383; x_wconf 83' lang='lat' dir='ltr'><strong>confiteretur,</strong></span> <span class='ocrx_word' id='word_1_328' title='bbox 1426 4312 1569 4385; x_wconf 91' lang='lat' dir='ltr'><strong>quod</strong></span> <span class='ocrx_word' id='word_1_329' title='bbox 1588 4318 1764 4368; x_wconf 88' lang='lat' dir='ltr'><strong>castra</strong></span> <span class='ocrx_word' id='word_1_330' title='bbox 1791 4327 1891 4368; x_wconf 92' lang='lat' dir='ltr'><strong>sua</strong></span> <span class='ocrx_word' id='word_1_331' title='bbox 1920 4327 2061 4384; x_wconf 88' lang='lat' dir='ltr'><strong>quae</strong></span> <span class='ocrx_word' id='word_1_332' title='bbox 2078 4317 2232 4369; x_wconf 87' lang='lat' dir='ltr'><strong>erant</strong></span> <span class='ocrx_word' id='word_1_333' title='bbox 2257 4312 2586 4386; x_wconf 88' lang='lat' dir='ltr'><strong>peroptima,</strong></span> <span class='ocrx_word' id='word_1_334' title='bbox 2617 4312 2718 4386; x_wconf 91' lang='lat' dir='ltr'><strong>ipsi</strong></span> <span class='ocrx_word' id='word_1_335' title='bbox 2743 4329 2867 4369; x_wconf 93' lang='lat' dir='ltr'><strong>cum</strong></span> <span class='ocrx_word' id='word_1_336' title='bbox 2895 4314 3168 4372; x_wconf 87' lang='lat' dir='ltr'><strong>veteribus</strong></span> <span class='ocrx_word' id='word_1_337' title='bbox 3195 4314 3511 4372; x_wconf 89' lang='lat' dir='ltr'><strong>mulieribus</strong></span> <span class='ocrx_word' id='word_1_338' title='bbox 3538 4314 3739 4373; x_wconf 85' lang='lat' dir='ltr'><strong>vellent</strong></span> <span class='ocrx_word' id='word_1_339' title='bbox 3767 4331 3866 4371; x_wconf 88' lang='lat' dir='ltr'><strong>au·</strong></span> 
     </span>
     <span class='ocr_line' id='line_1_36' title="bbox 1033 4406 3865 4486; baseline -0 -16"><span class='ocrx_word' id='word_1_340' title='bbox 1033 4414 1175 4471; x_wconf 75' lang='lat' dir='ltr'><strong>ferre</strong></span> <span class='ocrx_word' id='word_1_341' title='bbox 1197 4417 1254 4467; x_wconf 89' lang='lat' dir='ltr'><strong>et</strong></span> <span class='ocrx_word' id='word_1_342' title='bbox 1280 4410 1571 4482; x_wconf 90' lang='lat' dir='ltr'><strong>inquirere.</strong></span> <span class='ocrx_word' id='word_1_343' title='bbox 1594 4409 1716 4480; x_wconf 90' lang='lat' dir='ltr'><strong>Ipse</strong></span> <span class='ocrx_word' id='word_1_344' title='bbox 1735 4423 1866 4466; x_wconf 86' lang='lat' dir='ltr'><strong>vero</strong></span> <span class='ocrx_word' id='word_1_345' title='bbox 1890 4424 2072 4465; x_wconf 91' lang='lat' dir='ltr'><strong>comes</strong></span> <span class='ocrx_word' id='word_1_346' title='bbox 2088 4423 2243 4465; x_wconf 88' lang='lat' dir='ltr'><strong>suam</strong></span> <span class='ocrx_word' id='word_1_347' title='bbox 2265 4406 2427 4465; x_wconf 88' lang='lat' dir='ltr'><strong>fidem</strong></span> <span class='ocrx_word' id='word_1_348' title='bbox 2451 4409 2765 4467; x_wconf 86' lang='lat' dir='ltr'><strong>catholicam</strong></span> <span class='ocrx_word' id='word_1_349' title='bbox 2794 4410 2980 4468; x_wconf 89' lang='lat' dir='ltr'><strong>volens</strong></span> <span class='ocrx_word' id='word_1_350' title='bbox 3001 4418 3113 4469; x_wconf 90' lang='lat' dir='ltr'><strong>toto</strong></span> <span class='ocrx_word' id='word_1_351' title='bbox 3139 4428 3301 4486; x_wconf 88' lang='lat' dir='ltr'><strong>posse</strong></span> <span class='ocrx_word' id='word_1_352' title='bbox 3325 4412 3630 4484; x_wconf 76' lang='lat' dir='ltr'><strong>defendere,</strong></span> <span class='ocrx_word' id='word_1_353' title='bbox 3658 4412 3865 4485; x_wconf 83' lang='lat' dir='ltr'><strong>rogavit</strong></span> 
     </span>
     <span class='ocr_line' id='line_1_37' title="bbox 1030 4505 3862 4584; baseline 0 -17"><span class='ocrx_word' id='word_1_354' title='bbox 1030 4509 1282 4568; x_wconf 79' lang='lat' dir='ltr'><strong>Sifridum</strong></span> <span class='ocrx_word' id='word_1_355' title='bbox 1306 4506 1767 4581; x_wconf 87' lang='lat' dir='ltr'><strong>archiepiscopum</strong></span> <span class='ocrx_word' id='word_1_356' title='bbox 1793 4505 2255 4578; x_wconf 65' lang='lat' dir='ltr'><strong>moguntinensem</strong></span> <span class='ocrx_word' id='word_1_357' title='bbox 2280 4511 2342 4562; x_wconf 89' lang='lat' dir='ltr'><strong>ut</strong></span> <span class='ocrx_word' id='word_1_358' title='bbox 2362 4522 2492 4564; x_wconf 91' lang='lat' dir='ltr'><strong>suos</strong></span> <span class='ocrx_word' id='word_1_359' title='bbox 2519 4507 2882 4581; x_wconf 79' lang='lat' dir='ltr'><strong>suffraganeos</strong></span> <span class='ocrx_word' id='word_1_360' title='bbox 2908 4509 3189 4584; x_wconf 87' lang='lat' dir='ltr'><strong>episcopos</strong></span> <span class='ocrx_word' id='word_1_361' title='bbox 3215 4517 3272 4569; x_wconf 90' lang='lat' dir='ltr'><strong>et</strong></span> <span class='ocrx_word' id='word_1_362' title='bbox 3299 4510 3502 4568; x_wconf 88' lang='lat' dir='ltr'><strong>clerum</strong></span> <span class='ocrx_word' id='word_1_363' title='bbox 3530 4511 3693 4569; x_wconf 87' lang='lat' dir='ltr'><strong>totius</strong></span> <span class='ocrx_word' id='word_1_364' title='bbox 3727 4525 3862 4568; x_wconf 87' lang='lat' dir='ltr'><strong>suae</strong></span> 
     </span>
     <span class='ocr_line' id='line_1_38' title="bbox 1028 4601 3142 4681; baseline 0 -18"><span class='ocrx_word' id='word_1_365' title='bbox 1028 4604 1332 4680; x_wconf 89' lang='lat' dir='ltr'><strong>provinciae</strong></span> <span class='ocrx_word' id='word_1_366' title='bbox 1365 4607 1704 4674; x_wconf 85' lang='lat' dir='ltr'><strong>convocaret,</strong></span> <span class='ocrx_word' id='word_1_367' title='bbox 1731 4607 1836 4660; x_wconf 80' lang='lat' dir='ltr'><strong>etc.</strong></span> <span class='ocrx_word' id='word_1_368' title='bbox 1864 4620 1892 4656; x_wconf 67' lang='lat' dir='ltr'><strong>n</strong></span> <span class='ocrx_word' id='word_1_369' title='bbox 1913 4601 2114 4661; x_wconf 77' lang='lat' dir='ltr'><strong>Annal.</strong></span> <span class='ocrx_word' id='word_1_370' title='bbox 2148 4603 2435 4677; x_wconf 67' lang='lat' dir='ltr'><strong>Wormat„</strong></span> <span class='ocrx_word' id='word_1_371' title='bbox 2462 4604 2579 4664; x_wconf 89' lang='lat' dir='ltr'><strong>loco</strong></span> <span class='ocrx_word' id='word_1_372' title='bbox 2599 4621 2750 4680; x_wconf 91' lang='lat' dir='ltr'><strong>supr.</strong></span> <span class='ocrx_word' id='word_1_373' title='bbox 2780 4606 2896 4679; x_wconf 72' lang='lat' dir='ltr'><strong>cit„</strong></span> <span class='ocrx_word' id='word_1_374' title='bbox 2925 4623 2982 4681; x_wconf 89' lang='lat' dir='ltr'><strong>p.</strong></span> <span class='ocrx_word' id='word_1_375' title='bbox 3018 4607 3142 4665; x_wconf 72' lang='lat'><strong>⁴76.</strong></span> 
     </span>
    </p>
   </div>
  </div>
 </body>
</html>
