4500 5956
621 591 814 652 lumen
848 588 940 666 6.]
1518 578 1915 640 HISTORIA
1968 579 2558 648 DIPLOMATICA.
3337 584 3459 645 593

779 719 1038 801 (InedIt.
1079 733 1155 779 ex
1195 715 1330 776 cod.
1369 712 1484 775 sub
1520 714 1690 773 initio
1730 714 1912 774 seculi
1947 714 2158 775 decimi
2194 718 2391 776 octavi
2426 722 2702 789 exarato,
2749 716 2908 777 dicto
2951 713 3323 778 chartulam
3358 715 3456 778 des

854 823 1219 906 prenuntia-ds
1245 817 1316 881 de
1339 819 1689 900 uuquam,
1719 821 1784 879 in
1808 818 2049 880 archivo
2075 820 2512 899 Argentlnensi‚
2549 822 2647 883 fol.
2685 831 2785 897 16,
2811 831 2885 883 8²
2913 829 2975 883 et
3005 822 3169 901 104.)

718 1007 1085 1092 Henricus,
1114 1004 1239 1078 Dei
1266 1002 1491 1099 gratia
1517 1003 1978 1075 Romanorum
2013 1023 2142 1075 rex
2173 1025 2447 1100 semper
2466 1013 2840 1099 augustus,
2870 1005 3178 1077 scultetis
3193 1007 3315 1101 qui
3330 1027 3455 1101 pro

627 1142 933 1228 tempore
986 1128 1243 1203 fuerint
1296 1127 1623 1219 Hagenoe
1667 1127 2053 1219 ceterisque
2096 1127 2369 1223 imperii
2420 1127 2743 1201 fidelibus
2790 1128 3050 1222 quibus
3105 1129 3234 1201 hec
3264 1130 3457 1202 litera

629 1256 936 1329 exhibita
953 1253 1185 1344 fuerit,
1211 1250 1502 1345 gratiam
1525 1271 1725 1322 suam
1747 1256 1819 1323 et
1834 1270 2039 1323 omne
2062 1250 2353 1323 bonum.
2371 1251 2782 1346 Religiosam
2796 1252 3010 1324 vitam
3038 1251 3457 1325 habentibus

630 1379 854 1474 regale
881 1378 1090 1451 debet
1114 1375 1363 1450 adesse
1395 1374 1777 1470 presidium
1798 1427 1818 1464 ‚
1860 1394 1948 1447 ne
1969 1375 2278 1467 cujusvis
2320 1376 2719 1449 temeritatis
2756 1376 3077 1448 incursus
3116 1385 3237 1448 aut
3266 1397 3386 1449 eos
3412 1399 3454 1450 a

630 1503 811 1577 bono
845 1501 1202 1599 proposito
1235 1507 1517 1574 revocet
1553 1508 1675 1572 aut
1724 1499 1796 1571 iu
1851 1498 1979 1589 eis,
2022 1499 2216 1592 quod
2240 1499 2459 1589 absit,
2513 1499 2731 1572 robur
2765 1521 2892 1572 sue
2919 1500 3458 1572 conversationis

632 1626 977 1720 infringat.
1014 1626 1196 1698 Hinc
1221 1622 1548 1719 estquod
1574 1621 1668 1697 ad
1699 1622 2012 1696 notitiam
2045 1622 2475 1716 singulorum
2519 1622 2846 1695 volumus
2875 1623 3239 1718 pervenire
3262 1623 3457 1719 quod

634 1771 756 1823 nos
809 1772 933 1846 pro
983 1750 1216 1823 anime
1263 1756 1495 1820 nostre
1536 1748 1760 1819 salute
1811 1745 2131 1841 hospitali
2167 1756 2402 1819 nostro
2448 1748 2519 1818 in
2562 1748 2897 1838 Hagenau
2929 1746 3019 1819 de
3052 1748 3457 1821 liberalitate

633 1875 818 1969 regia
846 1874 1182 1947 duximus
1198 1869 1710 1965 indulgendum
1739 1869 1930 1964 quod
1948 1870 2376 1964 quicumque
2399 1870 2715 1943 homines
2739 1871 2980 1958 nostri,
2999 1872 3149 1943 zelo
3179 1870 3343 1943 fidei
3373 1893 3457 1945 ac

631 1997 1020 2073 devotionis
1061 1995 1366 2086 accensi,
1396 2016 1472 2068 se
1516 2016 1678 2067 cum
1723 1994 1934 2066 rebus
1978 2004 2049 2065 et
2081 1994 2389 2087 personis
2420 1993 2513 2067 ad
2562 1995 2803 2066 fratres
2839 1994 3192 2088 hospitalis
3237 1995 3459 2089 ipsius

627 2124 998 2195 transferre
1049 2120 1433 2210 voluerint,
1493 2118 1644 2191 sive
1702 2117 1768 2188 iu
1823 2116 2064 2189 habitu
2110 2118 2462 2208 religionis
2508 2118 2662 2190 sive
2710 2117 2782 2189 in
2838 2118 3130 2191 seculari
3172 2119 3450 2208 habitu,

623 2247 925 2319 Domino
969 2243 1292 2317 servituri
1352 2243 1423 2314 in
1476 2243 1698 2337 ipsius
1751 2240 2017 2315 ordinis
2062 2243 2464 2332 confratria,
2521 2263 2966 2338 quocumque
3006 2243 3216 2315 modo
3260 2243 3461 2316 nobis

621 2372 997 2456 attineant,
1055 2366 1510 2442 transferendi
1553 2388 1631 2439 se
1678 2366 1843 2437 illuc
1893 2366 2179 2438 liberam
2230 2366 2533 2438 habeant
2571 2367 3004 2456 facultatem,
3061 2388 3189 2439 nec
3227 2375 3462 2460 postea

619 2503 997 2567 teneantur
1022 2492 1220 2565 nobis
1256 2491 1327 2562 in
1355 2490 1709 2585 aliquibus
1742 2488 2044 2563 servitiis
2088 2511 2227 2583 que
2271 2489 2344 2560 in
2380 2489 2733 2584 hospitalis
2764 2492 3041 2562 valeant
3071 2490 3463 2563 redundare

613 2615 1079 2711 dispendium
1134 2613 1250 2686 vel
1323 2633 1730 2707 gravamen.
1801 2613 1934 2684 Per
1990 2612 2280 2704 gratiam
2342 2633 2625 2707 quoque
2670 2612 2767 2709 (α)
2822 2621 3121 2685 nostram
3182 2612 3466 2686 firmiter

604 2738 1030 2811 inhibemus
1058 2760 1148 2811 ne
1174 2737 1336 2832 quis
1357 2737 1691 2809 scultetus
1712 2745 1834 2808 aut
1852 2735 2163 2808 officialis
2189 2745 2418 2807 noster
2435 2736 2586 2810 sive
2602 2737 2737 2809 alia
2764 2757 3054 2831 persona
3081 2735 3464 2830 predictum

602 2862 971 2959 hospitale
1011 2862 1084 2934 in
1115 2862 1250 2934 hac
1302 2861 1520 2956 gratia
1567 2859 1698 2932 sibi
1743 2859 1924 2932 facta
1966 2860 1992 2952 (
1995 2860 2062 2953 b)
2113 2870 2461 2954 presumat
2501 2858 2945 2954 aliquomodo
2990 2859 3349 2931 molestare
3400 2870 3472 2933 et

607 2991 844 3062 etiam
874 2995 1112 3061 contra
1143 2987 1366 3081 ipsam
1399 2985 1682 3075 venire;
1709 2983 1903 3080 quod
1937 2983 2060 3078 qui
2089 2992 2493 3080 attemptare
2520 2983 2612 3079 (c)
2638 2985 3159 3080 presumpserit,
3189 2985 3465 3077 triginta

603 3135 905 3187 marcas
937 3111 1091 3185 auri
1124 3119 1519 3206 componat,
1570 3131 1868 3203 quarum
1906 3107 2240 3182 medietas
2281 3109 2484 3182 cedat
2522 3110 2760 3199 nobis3
2824 3110 3092 3203 reliqua
3133 3110 3467 3184 medietas

602 3236 854 3330 passis
886 3235 983 3328 iuj
994 3234 1212 3307 uriam
1243 3233 1697 3329 persolvatur.

730 3361 981 3432 Datum
1011 3357 1205 3453 apud
1239 3359 1589 3451 Hagenoe,
1632 3355 1942 3430 calendis
1977 3356 2397 3449 decembris,
2439 3356 2815 3431 indictione
2847 3368 3068 3432 sexta.

748 3982 1113 4066 Henricus
1137 4044 1161 4089 ,
1220 3984 1742 4067 Romanorum
1795 4009 1926 4066 rex
1943 4044 1966 4090 ,
2024 3984 2366 4068 Waltero
2427 3985 2524 4067 de
2576 3983 2973 4067 Hochdorf
3028 3986 3465 4068 monasterii
3560 4064 3693 4119 naue
3640 4013 3737 4108 *⁹11²
3707 4012 3792 4109 ng

653 4106 916 4197 Montis
954 4114 1428 4225 Angelorum
1463 4116 1724 4199 bona
1703 4142 1784 4197 m
1822 4116 2131 4226 Aargau
2169 4117 2354 4223 sita,
2407 4118 2776 4227 quamdiu
2824 4117 3080 4202 abbati
3125 4119 3468 4230 ejusdem
3549 4121 3579 4165 ²
3597 4077 3853 4164 ‘'⁰⁶3⁶‘'-

662 4247 994 4330 eeclesiae
1024 4247 1421 4358 placuerit,
1463 4249 1744 4331 tuenda
1780 4251 2289 4333 commendat.

738 4458 811 4539 (a)
850 4463 1017 4524 Alias
1044 4480 1198 4545 erqo.

741 4563 812 4644 (b)
852 4569 1012 4630 Alias
1036 4567 1130 4629 vel
1148 4575 1332 4630 statu.

751 4669 816 4750 (c)
849 4674 919 4733 In
946 4673 1223 4737 omnibus
1246 4681 1562 4755 acceptare,
1591 4674 1766 4736 male.

814 4778 914 4841 IV.
953 4794 1066 4840 Pan
1090 4798 1133 4840 2.
3086 4792 3161 4844 75
