4500 5956
543 640 730 699 Ineter.
762 637 857 713 7.]
1442 629 1839 692 HISTORIA
1890 628 2476 691 DIPLOMATICA.
3244 628 3368 690 633

641 772 852 843 Testes
878 768 1075 839 iidem
1113 771 1255 859 sere
1285 767 1403 860 qui
1438 770 1512 836 in
1537 767 1994 859 praecedente,
2031 767 2167 837 nisi
2201 765 2376 858 quod
2398 765 2686 836 adsunt:
2721 762 2794 834 C.
2838 762 3211 856 Spirensis,
3273 763 3354 835 E.

537 890 1150 987 Naumburgensis‚
1185 900 1256 964 et
1288 891 1375 963 H.
1392 889 1790 965 Eistetensis
1822 890 2165 985 episcopi,
2207 889 2293 959 Η.
2338 908 2568 961 comes
2594 885 2822 977 Seiae,
2856 894 2926 958 et
2956 885 3072 957 alii
3105 906 3356 979 quam-

541 1020 791 1115 plureS.

629 1144 883 1215 Datum
919 1139 1433 1211 Frankenevort
1463 1137 1536 1207 in
1582 1137 1773 1210 curia
1809 1136 2179 1231 solempni,
2240 1155 2423 1206 anno
2471 1133 2817 1206 dominice
2873 1132 3363 1206 incarnationis

541 1264 1019 1355 MCCXXXIV‚
1060 1262 1262 1335 nonis
1298 1260 1658 1348 februarii,
1699 1259 2079 1333 indictione
2111 1257 2430 1352 septima.

986 1555 2322 1570 “n—--m—-q--ae——o—m--o
2333 1553 2565 1563 ——un--s—-o
2584 1551 2917 1563 ’.α-Η...-

645 1823 1044 1930 HenricuS,
1060 1786 1599 1937 *Romanorum
1626 1846 1759 1904 rex
1777 1883 1800 1927 ,
1833 1817 2091 1902 abbati
2125 1828 2201 1902 et
2234 1818 2633 1902 conventui
2668 1818 2764 1900 de
2791 1790 3055 1926 Porta,
3083 1819 3359 1905 Nuen-
3438 1839 3783 1937 Fuigkgffion.

554 1954 947 2068 burgensis
1005 1954 1374 2038 dioecesis
1387 2015 1412 2060 ,
1460 1953 1746 2036 conced
1855 1961 1941 2034 ut
1982 1981 2036 2061 q
2080 1976 2103 2024 :2
2123 1977 2514 2061 tecumque
2575 1951 3088 2060 possessiones
3146 1979 3361 2064 quo-
3461 1948 3743 2046 6·ἳέξαὶἓῇ

555 2115 867 2200 cumque
911 2087 1133 2171 titulo
1185 2114 1231 2169 a
1294 2086 1348 2167 fi
1374 2086 1675 2170 delibus
1719 2084 2523 2194 imperiiobtinuerint‚
2586 2086 2747 2167 sine
2793 2086 3006 2169 omni
3040 2096 3364 2171 contra-

558 2220 869 2307 dictione
901 2221 982 2303 in
1018 2230 1470 2332 perpetuum
1505 2218 1970 2327 possideant.

698 2435 950 2515 (Inedit.
981 2453 1059 2497 ex
1085 2435 1359 2515 originali
1384 2437 1449 2494 in
1475 2395 1718 2495 archivo
1743 2433 2061 2495 Dresdensl
2105 2440 2407 2495 asservato
2424 2475 2443 2510 ,
2480 2435 2640 2494 unde
2679 2449 2838 2495 anno
2882 2442 3036 2496 1849
3075 2436 3368 2513 pendebat

704 2618 709 2621 ⁷
771 2541 972 2604 adhue
997 2541 1254 2621 sigillum
1280 2540 1566 2618 cereum.)

624 2729 711 2801 In
735 2727 1285 2802 nominesancte
1315 2735 1384 2799 et
1407 2725 1770 2800 individue
1796 2724 2171 2797 Trinitatis.
2221 2724 2581 2797 Heinricus
2607 2726 2760 2817 Vll,
2804 2726 2931 2798 Dei
2967 2726 3188 2819 gratia
3216 2728 3365 2799 Ro-

555 2870 902 2926 mornm
927 2872 1058 2924 rex
1082 2859 1481 2944 *et-semper
1516 2858 1880 2942 augustus.
1919 2846 2032 2920 Ad
2061 2846 2192 2920 hoc
2225 2846 2467 2921 divina
2494 2846 2905 2943 disponente
2931 2849 3368 2945 providentia

555 2971 637 3048 ad
663 2972 860 3067 regni
887 2972 1363 3070 gubernacula
1401 2994 1527 3045 nos
1565 2994 1718 3045 esse
1749 2970 2099 3044 credimus
2144 2971 2580 3065 sublimatos,
2624 2983 2701 3043 ut
2737 2995 3093 3047 servorum
3128 2974 3255 3049 Dei
3293 2974 3367 3048 in

554 3096 1029 3195 temporalibus
1079 3095 1415 3169 subsidiis
1462 3095 1880 3168 utilitatibus
1921 3094 2324 3168 liberalitate
2360 3096 2549 3191 regia
2601 3097 3040 3171 consulamus
3085 3109 3154 3171 et
3205 3123 3370 3194 pro-

554 3219 837 3313 pensiori
860 3218 1130 3294 cautele
1158 3218 1526 3314 diligentia
1559 3218 2075 3315 privilegiorum
2109 3228 2500 3291 nostrorum
2538 3218 3052 3294 confirmatione
3086 3224 3369 3320 prospi-

555 3364 696 3418 cere
733 3343 1165 3417 studeamus.
1211 3342 1381 3417 Inde
1427 3342 1756 3437 estquod
1799 3343 2140 3417 universis
2189 3345 2458 3439 imperii
2513 3343 2835 3418 fidelibus
2869 3368 3019 3420 esse
3047 3349 3370 3421 volumus

553 3468 972 3541 manifestum
993 3459 1187 3561 quod
1219 3488 1370 3558 nos,
1403 3466 1785 3539 imitatione
1815 3468 2029 3561 patris
2055 3468 2266 3540 nostri
2300 3469 2723 3541 serenissimi
2750 3472 3212 3543 Romanorum
3236 3471 3369 3542 im-

548 3591 868 3683 peratoris
905 3601 973 3663 et
1004 3611 1272 3685 semper
1305 3591 1586 3683 angusti
1618 3589 1948 3662 Friderici
1966 3644 1988 3683 ‚
2047 3590 2359 3687 petitioni
2401 3593 2873 3687 religiosorum
2902 3595 3208 3665 virorum
3245 3593 3370 3666 ab·

549 3712 713 3787 batis
744 3725 818 3787 et
853 3723 1234 3788 conventus
1265 3713 1356 3788 de
1378 3715 1605 3802 Porta,
1642 3714 2107 3787 cisterciensis
2129 3715 2423 3805 ordiniS,
2452 3716 3014 3810 Nuenburgensis
3039 3715 3360 3807 diocesis,

550 3837 927 3911 satisfacere
954 3837 1344 3932 cupientes,
1381 3859 1505 3933 pro
1528 3837 1839 3911 remedio
1867 3838 2097 3912 anime
2129 3849 2362 3913 nostre
2381 3841 2565 3913 hanc
2596 3840 2698 3912 eis
2731 3840 3022 3934 gratiam
3056 3849 3127 3911 et
3155 3840 3365 3911 licen-

548 3958 699 4031 tiam
738 3958 1076 4033 duximus
1109 3961 1624 4036 concedendam
1660 3972 1739 4034 ut
1781 3985 2259 4059 quascumque
2307 3963 2773 4060 possessiones
2821 3964 2891 4034 in
2936 3961 3119 4056 agris
3163 3961 3363 4035 vide-

548 4081 730 4174 licet,
773 4084 1033 4177 vineis,
1086 4087 1338 4181 pratis,
1392 4086 1631 4178 silvis,
1682 4087 1915 4182 aquis,
1974 4087 2293 4181 pascuis,
2351 4085 2549 4158 terris
2600 4085 2803 4158 cultis
2843 4087 2955 4160 vel
2993 4086 3272 4159 incultis
3316 4109 3359 4160 a

551 4202 859 4280 fidelibus
887 4209 1160 4306 imperii
1210 4211 1407 4283 titulo
1455 4209 1878 4299 donationis,
1929 4212 2298 4307 emptionis
2335 4233 2460 4284 seu
2501 4210 2887 4284 concambii
2935 4211 3362 4307 optinuerint

550 4331 651 4403 vel
695 4333 890 4426 prius
945 4335 1418 4430 optinuerant,
1493 4335 1645 4407 sine
1692 4335 1879 4408 omni
1932 4357 2214 4430 prorsus
2259 4334 2796 4410 contradictione
2831 4337 2903 4407 in
2949 4346 3359 4432 perpetuum

551 4464 761 4527 nostre
790 4457 1168 4549 majestatis
1194 4457 1597 4531 auctoritate
1631 4456 2058 4554 possideant.
2100 4459 2188 4531 Ut
2219 4469 2450 4533 autem
2475 4459 2607 4533 hec
2641 4467 2875 4531 nostra
2911 4458 3189 4533 donatio
3209 4470 3357 4532 rata

553 4575 620 4647 iu
634 4588 976 4672 posterum
997 4592 1068 4654 et
1088 4582 1499 4657 inconvulsa
1525 4582 1885 4678 perduret,
1926 4593 2316 4678 presentem
2344 4584 2671 4679 paginam
2690 4605 2897 4679 super
2918 4605 3003 4658 ea
3019 4584 3356 4658 conscribi

559 4706 622 4770 et
650 4701 845 4794 sigilli
875 4706 1088 4777 nostri
1115 4707 1569 4803 impressione
1606 4707 1890 4781 fecimus
1911 4708 2350 4781 communiri.

732 4825 835 4890 lv.
877 4846 988 4890 Pan
1012 4844 1055 4887 a.
2961 4838 3037 4889 80
