4500 5956
629 604 823 664 lauret.
853 601 944 680 8.]
1533 602 1926 665 HISTORIA
1975 602 2560 665 D1PLOMAT1CA.
3317 602 3436 664 735

727 1159 1138 1243 Celebratis
1183 1162 1442 1271 itaque
1489 1163 1773 1272 nuptiis
1824 1162 1951 1247 die
2000 1163 2387 1272 praedicta
2402 1223 2426 1269 ,
2475 1177 2866 1274 assumpta
2919 1167 3231 1250 domina
3275 1171 3434 1249 im-

625 1292 985 1399 peratrice
1075 1305 1553 1378 accesserunt
1635 1295 2176 1405 Hagenowiam
2248 1296 2401 1406 (1).
2478 1300 2742 1379 Annal.
2834 1306 3178 1381 Wormat.
3210 1362 3234 1407 ‚
3301 1328 3427 1410 ap.

623 1423 997 1531 Boanum,
1035 1433 1334 1532 Fontes,
1377 1435 1433 1508 t.
1476 1425 1573 1533 11,
1613 1455 1692 1536 p.
1741 1431 1921 1511 165.

1066 1738 2922 1750 ”omnum-*onn—Wm--o—-om—0*
2940 1741 2966 1750 ι-

719 2004 1131 2116 Gregorius
1201 2032 1400 2115 papa
1471 2005 1943 2114 principibus
2027 2006 2521 2089 Alemanniae
2593 2007 2911 2090 mandat
2980 2019 3105 2115 ut,
3186 2035 3431 2118 quum

617 2138 1015 2220 concordia
1064 2137 1457 2221 christiani
1510 2139 1773 2248 populi
1830 2140 1928 2222 sit
1980 2141 2286 2251 negotio
2341 2141 2615 2223 Terrae
2667 2142 2988 2223 Sanctae
3044 2142 3384 2249 perutilis
3403 2204 3424 2245 ‚

616 2269 1143 2379 imperatorem
1202 2272 1302 2354 ad
1354 2272 1503 2355 hoc
1546 2271 1913 2355 inducant
1949 2275 2151 2383 quod
2193 2274 2355 2382 ipse
2380 2334 2401 2376 ‚
2443 2273 2786 2383 deposito
2822 2274 3031 2356 omni
3078 2275 3157 2354 in
3197 2276 3434 2357 Lom-

617 2402 887 2488 bardos
922 2431 1279 2513 rancore,
1321 2406 1715 2515 negotium
1763 2408 2136 2490 societatis
2185 2407 2687 2490 Lombardiae
2749 2408 2828 2487 in
2875 2407 3230 2490 manibus
3266 2409 3428 2490 Ec-

616 2535 880 2619 clesiae
941 2539 1277 2646 praecise
1319 2540 1597 2621 iterum
1651 2563 1931 2647 ponere
1975 2565 2129 2622 non
2185 2539 2510 2620 omittat.

768 2750 975 2826 (Edid.
1014 2753 1245 2825 Pinum,
1286 2753 1550 2815 Menum.
1587 2750 1776 2814 Germ.
1807 2752 2058 2827 Hister„
2088 2757 2136 2814 t.
2172 2752 2282 2826 IV,
2314 2769 2378 2830 p.
2426 2761 2728 2827 3124513,
2768 2770 2845 2814 ex
2889 2759 3103 2830 regest.
3153 2752 3426 2831 Gregor.,

843 2875 999 2919 anno
1023 2860 1141 2935 lx,
1171 2869 1239 2919 n⁹
1274 2860 1439 2939 169.)

702 3045 1108 3139 Gregorius,
1150 3057 1321 3136 etc.,
1352 3046 1889 3143 archiepiscopis
1918 3055 1988 3119 st
2003 3046 2339 3142 episcopis
2362 3067 2447 3117 ac
2469 3046 2627 3118 aliis
2643 3046 3083 3120 ecclesiarum
3116 3047 3422 3142 prelatiS,

612 3168 957 3240 nobilibus
989 3169 1160 3242 viris
1192 3170 1515 3263 ducibus,
1543 3170 2084 3255 marchionibus,
2107 3169 2471 3242 comitibus
2501 3179 2569 3242 et
2594 3170 2973 3243 baronibus
2995 3171 3065 3242 in
3090 3171 3425 3268 imperiali

610 3290 798 3363 curia
848 3293 1233 3365 constitutis
1271 3293 1409 3390 (2),
1469 3302 1604 3366 etc.
1644 3293 1913 3366 Puritas
1950 3292 2114 3365 fidei
2168 3303 2238 3365 et
2287 3282 2672 3369 devotionis
2704 3295 3038 3368 immense
3076 3296 3430 3369 sinceritas

607 3414 860 3508 quibus
892 3416 1073 3489 circa
1098 3414 1557 3492 reverentiam
1589 3418 1826 3491 matris
1845 3417 2149 3491 Ecclesie
2176 3439 2297 3512 pre
2313 3418 2466 3490 aliis
2490 3417 2812 3491 fidelibus
2841 3420 3132 3493 studetis
3154 3429 3433 3492 auctore

604 3539 894 3612 Domino
930 3543 1305 3635 refulgere,
1361 3542 1563 3617 nobis
1610 3542 1889 3639 plenam
1936 3540 2265 3615 fiduciam
2313 3542 2609 3616 offerunt
2644 3541 2836 3638 quod
2871 3544 2943 3615 in
2978 3544 3116 3615 hiis
3158 3565 3297 3637 qus
3323 3566 3433 3616 se-

605 3662 913 3736 cundum
934 3666 1157 3737 Deum
1197 3667 1544 3763 cupimus,
1585 3689 1712 3740 vos
1740 3676 2092 3763 promptos
2109 3676 2180 3739 et
2206 3667 2440 3740 faciles
2464 3667 2873 3741 habeamus.
2910 3668 3086 3739 Hinc
3109 3667 3428 3762 estquod

605 3808 760 3859 cum
790 3798 1067 3885 tempus
1101 3790 1464 3864 advenerit
1493 3790 1994 3888 prorogationis
2027 3791 2328 3886 spatium
2360 3812 2498 3864 non
2550 3791 2955 3877 admittens,
3014 3791 3086 3861 in
3132 3812 3274 3882 quo
3308 3811 3425 3861 re-

605 3909 980 4006 demptioni
1002 3915 1220 4008 patrie
1256 3936 1472 4008 quam
1499 3913 1719 3986 Patris
1750 3914 1967 3986 eterni
2006 3914 2218 3985 Filius
2249 3935 2379 3986 suo
2416 3913 2722 3987 noscitur
2758 3913 3054 4009 pretioso
3084 3912 3426 4006 sanguine

604 4053 1075 4128 consecrasse,
1126 4037 1381 4111 efficax
1407 4037 1769 4111 consilium
1819 4037 2026 4110 finale
2051 4045 2122 4110 et
2157 4032 2499 4109 auxilium
2531 4036 2781 4108 debeat
2827 4035 3211 4130 provideri,
3264 4035 3426 4107 uni-

672 4310 743 4384 (1)
780 4312 1021 4372 Annales
1047 4315 1469 4388 Argentinenses
1491 4316 1762 4392 pleniores
1788 4332 1876 4391 ap.
1901 4317 2195 4390 Βοιιωιιιι,
2224 4316 2437 4385 Fontes,
2464 4321 2506 4373 t.
2532 4316 2627 4387 111,
2657 4332 2714 4389 p.
2745 4319 2870 4388 ⁴09,
2898 4330 3011 4372 rem
3028 4315 3192 4389 paulo
3214 4315 3426 4374 diverse

604 4408 841 4467 referunt
869 4429 884 4467 :
921 4431 950 4466 ι
981 4412 1155 4484 Quam
1195 4415 1344 4488 (scil.
1390 4414 1814 4490 imperatricem)
1840 4420 1967 4489 post
2002 4415 2218 4488 nuptias
2253 4415 2401 4471 misit
2436 4415 2743 4487 Hagsnowe
2762 4456 2777 4486 ,
2816 4419 2873 4470 st
2904 4428 3030 4470 cum
3066 4413 3186 4486 ipsa
3229 4413 3429 4471 ibidem

611 4503 882 4565 hiemavit.
908 4528 937 4563 s

675 4601 744 4676 (2)
776 4605 947 4663 Erant
969 4608 1115 4666 enim
1140 4610 1212 4667 ad
1237 4612 1341 4669 hoc
1363 4610 1665 4671 destinatae
1687 4610 1899 4672 litterae
1924 4615 1986 4668 ut
2012 4610 2080 4667 ad
2108 4610 2319 4684 imperii
2346 4610 2619 4685 principes
2638 4610 2997 4685 pervenirent,
3021 4610 3152 4667 dum
3179 4608 3353 4668 forent
3377 4608 3434 4666 in

606 4697 910 4773 Hoguntina
929 4706 1083 4764 curia
1107 4709 1434 4783 congregati.

3589 1167 3726 1223 [June

3547 1226 3751 1265 mute.
3760 1222 3777 1278 1

3559 2015 3758 2073 Pau-u,

3558 2074 3613 2117 as
3631 2073 3753 2127 jum.
