4500 5956
1023 575 1145 639 688
2062 578 2407 640 mmmm
2455 579 2787 641 snrrun
3462 580 3621 658 [Anu.
3658 581 3842 643 1234..

1025 711 1270 783 nituere
1295 720 1362 782 et
1393 708 1675 783 eosdem
1701 711 2016 805 ampliori
2051 713 2273 807 gratia
2318 713 2706 807 prevenire.
2747 713 2894 786 Hac
2924 710 3270 807 siquidem
3308 713 3571 786 ratione
3596 723 3837 785 notum

1023 850 1174 902 esse
1207 829 1529 903 volumus
1551 840 1689 901 tam
1721 830 2154 926 presentibus
2184 853 2394 927 quam
2433 832 2684 905 futuris
2708 830 2901 925 quod
2943 853 3103 902 cum
3133 831 3548 904 universitas
3574 832 3832 902 civium

1022 960 1090 1024 et
1116 952 1471 1023 hominum
1497 951 1586 1024 de
1611 952 1944 1026 Erffordia
1971 955 2261 1027 exclusa
2296 954 2538 1026 fuisset
2567 977 2610 1027 a
2636 955 2854 1048 gratia
2890 964 3119 1026 nostra
3145 965 3215 1026 et
3249 976 3373 1049 pro
3405 954 3834 1048 querimonia

1025 1074 1258 1147 dilecti
1313 1076 1643 1170 principis
1699 1077 1913 1149 nostri
1961 1076 2196 1149 Sirridi
2250 1077 2667 1150 venerabilis
2718 1076 3210 1172 archiepiscopi
3239 1076 3621 1170 Moguntini
3666 1097 3826 1171 pro-

1020 1199 1409 1294 scriptionis
1435 1209 1665 1271 nostre
1699 1201 1982 1274 vinculo
2011 1200 2340 1274 innodata
2363 1201 2495 1299 (l),
2511 1211 2579 1274 et
2614 1223 2708 1273 ex
2726 1201 2860 1275 hoc
2879 1199 3283 1273 viderentur
3305 1200 3646 1273 debilitari
3665 1202 3828 1293 jura

1015 1330 1084 1393 et
1130 1322 1495 1415 privilegia
1532 1322 1828 1396 civitatis
1863 1324 2121 1418 ipsius,
2161 1325 2507 1397 reformati
2554 1326 2773 1417 gratie
2815 1334 3044 1397 nostre
3094 1334 3164 1397 et
3208 1346 3249 1396 a
3312 1323 3827 1418 proscriptionis

1014 1445 1329 1537 ejusdem
1384 1446 1724 1518 sententia
1775 1447 2105 1535 absoluti,
2156 1449 2631 1542 supplicarunt
2681 1448 2883 1519 nobis
2932 1446 3287 1519 humiliter
3337 1456 3406 1518 et
3456 1446 3707 1519 devote
3750 1457 3827 1518 ut

1007 1568 1280 1660 juribus
1310 1569 1595 1662 suisque
1623 1569 1908 1660 justitiis
1933 1592 2109 1663 quas
2136 1593 2177 1642 a
2212 1570 2759 1665 progenitoribus
2789 1571 3038 1642 nostris
3082 1569 3266 1642 divis
3300 1570 3824 1665 imperatoribus

1011 1701 1080 1763 et
1104 1692 1387 1786 regibus
1411 1713 1451 1761 a
1478 1693 1830 1765 retroactis
1853 1694 2275 1788 temporibus
2300 1694 2690 1766 habuerunt
2706 1748 2726 1786 ,
2762 1695 2951 1767 cives
2981 1703 3050 1765 et
3074 1694 3389 1765 homines
3417 1694 3604 1788 ipsos
3639 1701 3708 1765 et
3733 1693 3824 1764 ci·

1008 1816 1291 1886 vitatem
1316 1815 1622 1910 ipsorum
1647 1817 1736 1890 de
1764 1826 1991 1891 nostre
2023 1819 2400 1911 majestatis
2427 1820 2643 1912 gratia
2674 1820 3058 1891 faceremus
3082 1816 3412 1910 gaudere.
3444 1818 3582 1889 Nos
3614 1817 3822 1911 igitur

1010 1939 1312 2033 ipsorum
1350 1940 1968 2034 supplicationibus
1991 1941 2335 2031 inclinati,
2370 1944 2599 2015 omnia
2624 1943 2808 2033 jura,
2831 1942 3158 2033 justitias,
3197 1942 3542 2013 libertates
3566 1940 3820 2035 pariter

1007 2073 1076 2134 et
1110 2063 1405 2135 honores
1433 2063 1691 2156 quibus
1719 2064 2054 2137 hactenus
2089 2075 2255 2138 sunt
2288 2063 2515 2159 gavisi
2552 2088 2645 2138 ex
2683 2066 3040 2159 largitione
3068 2065 3178 2137 vel
3216 2064 3656 2137 concessione
3691 2064 3815 2135 im-

998 2196 1387 2281 peratorum
1424 2207 1546 2257 seu
1578 2207 1850 2279 regum,
1873 2187 2041 2282 ipsis
2065 2189 2340 2259 civibus
2373 2189 2788 2261 innovamus
2817 2197 2885 2261 et
2909 2188 3319 2260 authoritate
3347 2187 3537 2280 regia
3571 2184 3815 2258 conflr-

1000 2331 1298 2400 mamus,
1340 2309 1479 2380 imo
1505 2308 1707 2381 etiam
1734 2319 2074 2404 quantum
2101 2321 2326 2407 potest
2344 2333 2497 2384 esse
2526 2310 2950 2384 intendimus
2981 2311 3367 2405 adaugere;
3410 2309 3810 2383 mandantes

991 2440 1058 2504 et
1086 2431 1220 2504 sub
1254 2432 1538 2504 obtentu
1572 2431 1789 2525 gratie
1826 2443 2053 2505 nostre
2086 2432 2460 2506 districtius
2491 2432 2882 2504 inhibentes
2901 2431 3166 2525 nequis
3195 2431 3266 2501 in
3294 2440 3646 2525 posterum
3678 2450 3809 2501 oc-

991 2557 1266 2627 casione
1301 2555 1820 2651 proscriptionis
1854 2555 2162 2651 predicte
2197 2557 2387 2652 ipsos
2424 2556 2538 2629 vel
2582 2555 2926 2627 civitatem
2965 2556 3270 2649 ipsorum
3316 2555 3646 2648 impetere
3692 2552 3804 2626 vel

988 2701 1281 2774 gravare
1322 2692 1696 2775 presumat.
1732 2680 1804 2752 Si
1840 2682 1998 2776 quis
2040 2691 2273 2753 autem
2314 2681 2448 2753 hoc
2474 2688 2877 2775 attemptare
2920 2677 3443 2773 presumpserit,
3484 2676 3806 2770 indigna-

988 2805 1239 2878 tionem
1286 2814 1586 2877 nostram
1633 2827 1711 2877 se
1763 2805 2036 2878 noverit
2080 2805 2550 2876 incursurum.
2601 2803 2692 2877 Ut
2729 2803 2942 2896 igitur
2979 2802 3110 2875 hec
3158 2801 3376 2895 gratia
3418 2801 3590 2896 ipsis
3628 2801 3804 2873 facta

988 2929 1291 3004 debitam
1319 2938 1388 3004 et
1418 2938 1820 3026 perpetuam
1845 2928 2149 3002 obtineat
2182 2927 2610 3020 firmitatem,
2652 2936 3039 3023 presentem
3066 2925 3390 3023 paginam
3432 2923 3601 2998 inde
3638 2945 3804 2997 con-

988 3054 1311 3148 scriptam
1334 3054 1543 3147 sigilli
1579 3054 1790 3125 nostri
1828 3053 2249 3147 appensione
2286 3053 2576 3124 fecimus
2611 3050 3044 3124 communiri.

1086 3178 1317 3249 Testes
1359 3177 1571 3268 hujus
1618 3177 1721 3248 rei
1756 3186 1918 3247 sunt
1950 3175 2461 3248 :Theodericus
2491 3175 2949 3266 Trevirensis,
2989 3174 3325 3247 Henricus
3382 3171 3800 3246 Coloniensis

986 3299 1508 3394 archiepiscopi,
1552 3300 1887 3372 Henricus
1913 3298 2064 3372 dux
2089 3299 2180 3371 de
2215 3299 2563 3393 Limborg‚
2586 3299 2923 3372 Henricus
2948 3319 3178 3371 comes
3201 3297 3546 3388 Senensis,
3577 3296 3799 3390 Egino

979 3444 1209 3496 comes
1239 3422 1329 3496 de
1371 3422 1704 3513 Friburg‚
1744 3421 2080 3494 Henricus
2125 3422 2214 3495 de
2258 3421 2560 3518 Niphen,
2618 3422 3059 3495 Eberhardus
3104 3429 3173 3494 et
3217 3422 3374 3493 Otto
3425 3423 3671 3493 fratres
3707 3420 3798 3492 de

982 3546 1372 3637 Eberstein,
1412 3542 1735 3618 Gerlacus
1772 3544 1862 3618 de
1890 3545 2269 3639 Butingen,
2305 3544 2689 3617 Fridericus
2718 3543 2808 3616 de
2840 3543 3370 3634 Richensceide,
3419 3543 3796 3615 Wernerus

981 3670 1071 3744 de
1102 3667 1490 3742 Bonlandia
1513 3667 1884 3762 imperialis
1909 3668 2068 3739 aule
2091 3667 2383 3761 dapifer,
2411 3667 2681 3741 Ulricus
2698 3666 2788 3739 de
2811 3667 3274 3761 Mintzenberg
3302 3664 3612 3758 ejusdem
3638 3665 3793 3737 aule

979 3794 1431 3884 camerarius,
1467 3792 1861 3867 Gerhardus
1893 3792 1986 3866 de
2020 3792 2415 3883 Sintzeche,
2467 3793 2812 3865 Iohannes
2841 3789 2932 3863 de
2964 3790 3309 3882 Gimenik,
3351 3787 3791 3864 Eberhardus

976 3917 1066 3989 de
1096 3919 1361 4007 Monte,
1399 3917 1616 3990 etalii
1649 3918 2120 4012 quamplures.

1071 4038 1318 4112 Actum
1354 4040 1544 4135 apud
1580 4041 2027 4135 Bopardiam,
2063 4061 2247 4112 anno
2293 4038 2511 4133 gratie
2537 4040 2901 4113 millesimo
2936 4039 3405 4113 ducentesimo
3446 4036 3786 4110 tricesimo

973 4173 1220 4254 quarto
1240 4216 1260 4249 ,
1303 4164 1503 4236 tertio
1530 4162 1691 4236 idus
1727 4163 2169 4258 septembris,
2213 4161 2589 4234 indictione
2611 4162 2926 4258 septima.

1041 4486 1113 4559 (t)
1152 4485 1273 4546 vid.
1299 4502 1479 4562 supra,
1505 4504 1563 4562 p.
1595 4492 1728 4562 662,
1755 4497 1869 4548 not.
1902 4493 1955 4549 ⁴.
1979 4492 2166 4549 Mense
2182 4491 2338 4565 julio,
2371 4506 2480 4549 non
2507 4496 2786 4566 expectata
2803 4492 3136 4551 absolutione
3158 4509 3324 4567 qnam
3349 4493 3786 4566 archiepiscopus

965 4584 1068 4640 hoc
1095 4589 1323 4641 exeunte
1351 4600 1534 4642 mense
1560 4586 1991 4645 Erfordiensibus
2017 4589 2306 4660 concessit,
2335 4589 2625 4663 imperator
2648 4590 3060 4649 consuetudines
3093 4596 3152 4648 et
3174 4591 3394 4665 antiqua
3420 4591 3544 4664 jura
3577 4590 3783 4647 eisdem

958 4680 1383 4740 confirmaverat.
1411 4682 1489 4741 Cf.
1515 4698 1697 4757 supra,
1722 4701 1779 4758 p.
1807 4687 1931 4743 478.
