4500 5956
1547 669 1796 730 INDEX
1848 669 2543 732 Docuusswrouuu.
3294 675 3447 736 1005

651 874 870 949 1252

1534 1048 1902 1094 Domata
1941 1051 2131 1095 vum
2169 1051 2253 1095 AD
2292 1051 2403 1095 RES
2443 1050 2862 1094 Amlffl
2903 1050 3299 1095 sPncrmm.

634 1192 869 1253 martio.
1049 1192 1229 1270 Apud
1383 1190 1762 1252 Meinloeardm
1786 1193 2018 1273 junior,
2058 1210 2237 1253 eomes
2279 1191 2351 1252 de
2403 1191 2650 1268 Gor-zia,
2689 1194 2752 1252 in
2799 1195 3128 1269 praesentia
3154 1194 3436 1255 Friderici

940 1290 1338 1368 Aquileglam.
1463 1289 1864 1351 Romanorum
1907 1291 2274 1366 imperatoris
2312 1297 2372 1350 et
2411 1296 2752 1368 magnatum
2788 1290 3017 1366 imperii
3032 1333 3049 1360 ‚
3098 1290 3440 1352 Hermanno

1461 1388 1744 1464 magistro
1769 1385 2075 1463 hospitalis
2099 1387 2600 1448 Tbeutonicorum
2637 1386 2894 1464 resignat
2917 1387 3211 1463 quidquid
3240 1388 3435 1447 Mein-

1461 1479 1682 1542 bardus
1707 1482 1899 1542 senior
1923 1487 2170 1557 patruus
2209 1498 2357 1542 suus
2398 1482 2588 1542 eidem
2635 1480 2911 1558 hospitali
2953 1484 3017 1541 in
3064 1482 3399 1542 Brissenieb
3414 1525 3433 1553 ,

1458 1576 1741 1653 carpana}
1767 1583 1828 1637 et
1852 1576 1992 1636 aiibi
2021 1578 2296 1637 contulit.
3149 1587 3287 1652 313,
3320 1585 3435 1640 319

1043 1671 1223 1749 Apud
1379 1670 1720 1734 Barmaldm
1741 1672 2080 1752 patriarcha
2102 1670 2499 1755 Aquileqensia
2532 1682 2593 1736 et
2622 1674 2898 1736 undecim
2923 1678 3215 1753 principes
3244 1678 3436 1753 impe-

908 1766 1244 1829 Sibidatum
1282 1770 1348 1829 in
1457 1773 1530 1831 rii
1544 1813 1564 1845 ,
1607 1771 1903 1833 assidente
1939 1772 2235 1833 Friderico
2272 1773 2671 1833 Romanorum
2722 1775 3071 1850 imperatore
3087 1816 3106 1845 ,
3143 1779 3436 1834 testantur

955 1866 1109 1928 Foro
1129 1868 1295 1929 Julii.
1454 1884 1520 1928 se
1545 1868 1622 1928 ab
1650 1869 1902 1930 Henrico
1934 1869 2339 1930 Romanorum
2373 1886 2509 1947 rege
2535 1874 2664 1947 ejus
2688 1869 2811 1929 illio
2833 1869 3015 1930 fuisse
3037 1871 3344 1946 requisitos
3366 1877 3437 1931 ut

1444 1968 1714 2042 jurarent
1737 1965 1900 2042 quod
1935 1966 1987 2025 si
2024 1968 2389 2044 contingeret
2422 1965 2646 2026 dictum
2687 1983 2885 2045 regem
2931 1954 3137 2026 contra
3179 1966 3435 2043 capitula

1448 2076 1605 2137 quae
1647 2063 1803 2136 patri
1853 2076 1961 2122 suo
1997 2063 2226 2138 juravit
2269 2063 2503 2135 venire,
2551 2063 2741 2123 eidem
2793 2064 3128 2139 imperatori
3181 2065 3434 2123 assiste—

1448 2164 1614 2226 rent,
1643 2163 1760 2218 etc.
3317 2166 3431 2219 825

1036 2251 1215 2329 Apud
1366 2252 1650 2313 Hem-icus
1685 2269 1867 2313 eom
1898 2250 1970 2311 de
1997 2249 2331 2335 Orunburq
2354 2270 2493 2315 cum
2527 2254 2963 2331 archiepiscopo
3003 2253 3428 2332 salzburgense

950 2346 1287 2412 Civitatem.
1447 2350 1897 2409 conventionem
1922 2350 2037 2409 init
2062 2356 2132 2409 ut
2158 2352 2325 2426 pueri
2350 2350 2662 2427 quusdam
2688 2352 2799 2410 viri
2822 2352 3219 2411 ministerialis
3240 2354 3332 2410 sui
3367 2358 3428 2411 et

1443 2446 1759 2523 eujusdam
1794 2446 2051 2507 feminae
2077 2449 2477 2509 ministerialis
2503 2449 2782 2508 ecclesiae
2807 2446 3246 2525 salzburgensis
3272 2450 3425 2507 inter

1443 2543 1635 2619 ipsum
1649 2549 1708 2603 et
1725 2544 2031 2604 eeclesiam
2048 2543 2316 2604 eamdem
2334 2545 2654 2621 aequaliter
2671 2544 3033 2603 dividantur.
3069 2551 3206 2615 333,
3220 2550 3343 2603 not.
3364 2552 3387 2603 1
3404 2587 3418 2604 .

595 2637 667 2690 19
707 2634 862 2695 man.
916 2638 1036 2717 Ap.
1060 2639 1309 2704 Portum
1360 2637 1697 2700 frideric-m
1738 2637 1865 2699 dua:
1903 2638 2177 2699 Ameriae
2211 2642 2411 2702 Uirico
2450 2641 2635 2701 Pitter
2671 2641 2745 2700 de
2788 2641 3053 2717 Ragonia
3092 2640 3421 2701 custodiam

970 2736 1263 2803 Naonem.
1441 2740 1619 2799 turris
1644 2753 1785 2798 suae
1809 2739 1872 2797 in
1899 2738 2086 2798 Portu
2109 2740 2331 2799 Naonis
2351 2741 2413 2798 in
2434 2738 2680 2798 feudum
2701 2738 2988 2798 concedit.
3037 2746 3177 2812 363,
3204 2744 3328 2796 not.
3360 2747 3414 2798 1.

626 2830 661 2884 8
681 2838 820 2904 8118·
924 2832 1040 2912 Ap.
1069 2836 1306 2899 Lauen-
1356 2830 1631 2896 Alba-tus
1664 2831 1790 2894 ἀνω
1813 2832 2111 2894 Samonion
2134 2835 2511 2895 donationem
2539 2833 2617 2894 ab
2643 2833 2912 2909 Adolpbo
2938 2836 3151 2894 comite
3178 2834 3418 2894 Holtsa·

968 2931 1248 3013 burgum.
1435 2935 1555 2994 tiae
1580 2934 1933 2995 monasterio
1974 2933 2322 2994 monialium
2345 2933 2421 2994 de
2447 2934 2652 2994 Poretz
2690 2931 2989 3011 quondam
3030 2930 3246 2992 factam
3274 2948 3414 2993 eon·

1432 3028 1654 3090 firmat.
3027 3036 3163 3100 339,
3190 3035 3316 3089 not.
3351 3038 3409 3090 2.

903 3163 1322 3190 .......
1352 3124 1688 3187 Ludewicus
1727 3144 1909 3188 eom
1948 3125 2019 3186 dc
2063 3123 2308 3187 Rieuoeck
2347 3125 2645 3187 Salomoni
2679 3127 2962 3186 canonico
3003 3126 3414 3203 Herbipolensi

1431 3227 1886 3298 monasterinm,
1915 3226 2119 3287 villam
2159 3231 2220 3286 et
2244 3225 2651 3286 molendium
2683 3225 2747 3284 in
2772 3224 3077 3302 Wollberg
3102 3225 3311 3296 donat,
3345 3241 3414 3285 ea

1429 3323 1764 3384 conditione
1797 3330 1868 3385 ut
1909 3323 2130 3385 ibidem
2171 3324 2522 3385 coenobium
2561 3324 2903 3384 monialium
2941 3325 3410 3385 cisterciensium

1427 3421 1720 3481 instituat.
3015 3430 3155 3492 631,
3184 3429 3312 3483 not.
3349 3431 3405 3484 1.

881 3516 995 3592 Ap.
1036 3516 1322 3579 Sanctum
1346 3513 1666 3576 Ludo-‚iem
1696 3517 2059 3576 Francorum
2095 3532 2207 3577 νοω
2243 3518 2534 3578 universis
2570 3516 2842 3578 fidelibus
2883 3519 3005 3578 suis
3046 3518 3292 3578 mandat
3334 3534 3409 3578 ne

920 3611 1281 3676 Germanum
1425 3619 1634 3673 contra
1674 3628 1870 3688 regem
1905 3612 2256 3685 Heni-icum,
2293 3616 2570 3673 comitem
2597 3614 2763 3674 Barri
2788 3630 2896 3674 seu
2924 3615 3085 3674 cives
3117 3613 3407 3672 Metenses

958 3711 1022 3769 in
1052 3709 1237 3788 Laya.
1427 3710 1700 3785 episcopo
1726 3708 1977 3768 Metensi
2006 3708 2320 3768 consilium
2343 3709 2713 3785 impendant.
3286 3719 3401 3769 595

646 1668 836 1744 aprili.

608 3122 677 3175 17
696 3131 839 3181 nov.

604 3385 826 3466 1233

588 3513 829 3587 januar.

588 3809 660 3862 2⁴1
677 3804 833 3870 febr.
998 3803 1198 3887 [Apud
1346 3804 1625 3864 Hmrimoe
1662 3804 2091 3865 wormatiensis
2116 3806 2409 3884 episcopua
2440 3811 2501 3865 et
2538 3805 2862 3881 capitulum
2904 3805 3169 3882 ejusdem
3213 3808 3403 3867 eccie-

903 3902 1318 3986 Oppenbeim.]
1423 3903 1544 3962 siae
1569 3903 2049 3979 compositionem
2069 3904 2225 3962 inter
2254 3918 2318 3963 se
2338 3908 2400 3963 et
2422 3903 2580 3964 cives
2599 3903 3062 3963 Wormatienses
3086 3904 3400 3964 accedente

1420 4014 1711 4060 conamen
1735 3999 1973 4060 Henrici
2007 4001 2161 4077 regis
2193 4000 2432 4074 initam,
2463 3999 2821 4075 quibusdam
2846 4000 2922 4059 de
2959 4015 3114 4060 novo
3152 4000 3394 4081 additis,

1419 4101 1614 4158 ratam
1638 4096 1863 4157 babent
1882 4104 1942 4157 et
1967 4096 2360 4174 promulgant.
3284 4108 3397 4160 603

959 4192 1227 4256 Bremae.
1342 4190 1632 4253 Gerardus
1655 4190 2108 4272 archiepiscopus
2124 4192 2447 4253 &emensis
2465 4199 2525 4253 et
2548 4193 2788 4254 ecclesia
2808 4197 2937 4271 ejus
2963 4210 3037 4253 ex
3067 4211 3184 4254 una
3207 4202 3394 4270 parte,

1417 4289 1740 4368 burgenses
1767 4291 2110 4351 Bremenses
2135 4307 2213 4350 ex
2236 4290 2422 4350 altera
2446 4289 2653 4351 foedus
2684 4293 2895 4350 ineunt
2927 4297 3131 4350 contra
3158 4291 3394 4354 Stedin-

1417 4403 1549 4465 gos,
1577 4388 1658 4449 ad
1682 4404 1934 4465 quorum
1968 4388 2386 4448 exterminium
2410 4403 2643 4448 crucem
2678 4403 2830 4464 papa
2865 4387 3192 4464 praedicari
3227 4405 3398 4449 man·

569 4197 645 4252 22
664 4201 841 4256 mart.

562 4586 628 4638 31
666 4581 834 4643 maii.
925 4579 1255 4642 Emmerik.
1337 4484 1686 4645 Οεῖζῗῆια
1713 4578 1942 4645 Eeb-iae
1955 4626 1977 4657 ,
2006 4587 2248 4657 accepta
2276 4581 2512 4643 licentla
2535 4580 2612 4641 ab
2637 4582 2987 4658 imperatore
3002 4491 3310 4644 &gealt-33
3336 4496 3397 4645 et

1315 4661 1329 4802 ᾖ
1411 4678 1491 4740 ab
1516 4677 1772 4738 Henrico
1795 4677 2197 4738 Romanorum
2224 4693 2383 4755 rege,
2399 4677 2475 4738 de
2498 4675 2857 4738 Embricensi
2883 4677 3026 4737 villa
3053 4680 3271 4755 regiam
3290 4694 3393 4737 seu

1314 4802 1328 4852 ;
1411 4773 1773 4850 imperialem
1799 4775 2102 4834 civitatem
2129 4774 2352 4834 condit.
2998 4782 3140 4853 269,
3169 4781 3295 4834 not.
3334 4782 3389 4833 1.
