4500 5956
871 594 1063 653 Imm.
1095 588 1183 672 9.]
1764 583 2160 645 HISTORIA
2210 583 2795 646 DIPLOMATICA.
3568 576 3687 640 867

862 728 1049 819 justo
1079 720 1557 819 acquisitionis
1586 719 1784 792 titulo
1812 720 2060 814 poterit
2078 719 2408 815 adipisci,
2446 720 2582 793 sub
2605 718 3028 816 protectione
3059 725 3291 790 nostra
3318 725 3386 789 et
3412 715 3680 810 imperii

869 848 1252 943 recepimus
1271 842 1577 939 speciali.
1615 843 2039 915 Presentium
2065 844 2276 937 igitur
2301 853 2534 917 tenore
2556 842 2966 917 mandamus
2994 840 3275 914 firmiter
3295 839 3683 913 inhibentes

867 980 1211 1066 quatenus
1246 967 1431 1040 ullus
1465 966 1556 1037 sit
1587 965 1711 1058 qui
1746 967 2041 1059 prefatas
2073 966 2488 1040 abbatissam
2520 977 2589 1040 et
2625 975 3039 1040 conventum
3055 1017 3076 1056 ,
3117 961 3356 1038 fideles
3385 974 3679 1054 nostras,

871 1117 954 1168 ac
986 1096 1215 1189 ipsum
1252 1089 1739 1165 monasterium
1772 1097 2009 1162 contra
2031 1089 2240 1183 hujus
2273 1092 2709 1186 protectionis
2736 1100 2968 1164 nostre
2995 1090 3317 1184 paginam
3352 1110 3527 1162 ausu
3567 1098 3684 1161 te-

871 1218 1162 1291 merario
1199 1217 1271 1288 in
1302 1215 1538 1309 aliquo
1576 1214 1970 1300 molestare,
2017 1212 2324 1287 indebite
2355 1215 2692 1311 impedire
2736 1214 2848 1288 vel
2884 1214 3269 1309 inquietare
3305 1224 3678 1308 presumat.

871 1340 1073 1427 Quod
1102 1341 1225 1435 qui
1270 1339 1763 1436 presumpserit
1803 1337 2347 1429 indignationem
2392 1339 2603 1412 nostri
2654 1338 2973 1410 culminis
3016 1359 3091 1412 se
3134 1341 3403 1411 noverit
3437 1338 3683 1411 incur-

873 1486 1137 1537 surum.
1177 1461 1289 1536 Ad
1325 1462 1535 1555 hujus
1568 1471 1799 1534 autem
1831 1461 1932 1533 rei
1967 1462 2368 1535 memoriam
2398 1472 2467 1536 et
2500 1471 2896 1558 perpetuam
2928 1460 3313 1534 firmitatem
3332 1515 3352 1552 ,
3402 1482 3685 1556 presens

871 1588 1201 1683 scriptum
1233 1585 1380 1659 fieri
1410 1586 1700 1659 fecimus
1730 1586 2104 1678 majestatis
2134 1597 2363 1660 nostre
2386 1588 2612 1681 sigillo
2632 1586 3002 1660 munitum.

967 1714 1217 1785 Datum
1275 1710 1468 1806 apud
1507 1709 1925 1805 Herbipolim
1943 1762 1964 1801 ,
2005 1731 2188 1782 anno
2238 1712 2588 1785 dominice
2625 1709 3107 1784 incarnationis
3149 1708 3508 1782 millesimo
3547 1711 3689 1784 du·
3796 1765 3799 1768 ,

873 1836 1248 1908 centesimo
1282 1833 1601 1925 XXXVI,
1639 1853 1877 1907 mense
1903 1833 2069 1907 maii
2096 1831 2217 1931 (a).

979 2449 1407 2535 Fridericus
1421 2512 1446 2560 ,
1495 2452 2019 2536 Romanorum
2073 2452 2514 2562 imperator,
2572 2455 2670 2535 ad
2720 2455 3340 2564 supplicationem
3393 2459 3692 2543 Wene-

876 2584 1068 2665 mari
1108 2584 1407 2668 abbatis
1441 2586 1822 2670 Portensis
1872 2585 2011 2696 (de
2045 2585 2379 2696 Pforta),
2418 2586 2898 2696 privilegium
2935 2588 3178 2672 eidem
3233 2592 3692 2676 monasterio

879 2726 1216 2826 tempore
1268 2719 1485 2831 regui
1538 2719 1657 2802 sui
1694 2746 1742 2801 a
1799 2746 1884 2802 se
1936 2719 2325 2804 indultum
2361 2729 2676 2803 renovat
2717 2730 2790 2803 et
2824 2721 3225 2805 inserendo
3259 2722 3685 2807 confirmat.

1035 2943 1061 3026 (
1076 2945 1290 3007 Inedit.
1320 2962 1398 3007 ex
1426 2947 1699 3027 originali
1717 2992 1737 3027 ,
1764 2947 1923 3010 unde
1948 2948 2207 3028 sigillum
2233 2948 2558 3028 appendet,
2587 2949 2650 3011 in
2675 2948 2917 3011 archivo
2940 2948 3278 3031 Dresdensi‚
3307 2962 3375 3012 n⁰
3405 2950 3572 3033 335.)

969 3146 1047 3216 In
1078 3146 1359 3218 nomine
1398 3156 1636 3220 sancte
1680 3157 1749 3220 et
1795 3149 2162 3223 individue
2198 3150 2570 3223 Trinitatis.
2627 3149 3007 3224 Fridericus
3042 3150 3417 3245 secundus,
3455 3152 3694 3228 divina

882 3270 1153 3344 favente
1179 3270 1541 3345 clementia
1577 3272 2040 3345 Romanorum
2071 3272 2439 3368 imperator
2473 3295 2745 3369 semper
2777 3283 3149 3367 augustus,
3206 3276 3576 3348 Jerusalem
3628 3286 3696 3350 et

880 3392 1106 3467 Sicilie
1159 3415 1311 3466 rex.
1361 3393 1472 3468 Ad
1531 3393 2004 3468 confirmanda
2057 3397 2423 3470 salubriter
2479 3398 2923 3470 ecclesiarum
2966 3400 3156 3492 jura,
3219 3399 3405 3473 illius
3440 3400 3694 3474 intuitu

878 3517 1078 3608 cujus
1112 3517 1395 3589 nomine
1422 3527 1584 3589 sunt
1622 3520 1886 3612 dicate,
1936 3520 2027 3593 de
2054 3522 2254 3614 cujus
2286 3523 2645 3597 clementia
2688 3523 2973 3596 feliciter
3010 3524 3461 3619 imperamus,
3506 3534 3696 3598 tanto

880 3640 1326 3713 favorabilius
1354 3640 1753 3714 inducimur
1786 3652 1855 3715 et
1884 3652 2198 3717 tenemur
2223 3655 2483 3740 quanto
2509 3647 2581 3719 in
2624 3657 2993 3744 conspectu
3022 3648 3274 3722 summi
3311 3649 3494 3739 regis
3527 3671 3696 3742 gra-

881 3764 1085 3837 tiores
1120 3763 1480 3855 efficimur,
1515 3765 1606 3838 de
1647 3769 1846 3861 cujus
1893 3768 2329 3863 plenitudine
2377 3771 2731 3866 potestatis
2761 3772 2918 3863 jura
2946 3771 3214 3867 imperii
3261 3771 3694 3867 disponimus

880 3886 1227 3959 universa.
1268 3890 1415 3960 Hac
1451 3889 1661 3982 igitur
1696 3892 2241 3968 consideratione
2276 3895 2508 3985 ducti,
2543 3903 2777 3966 tenore
2810 3895 3227 3989 presentium
3268 3904 3507 3966 notum
3540 3916 3693 3968 esse

881 4011 1201 4084 volumus
1229 4020 1368 4082 tam
1399 4014 1833 4106 presentibus
1863 4038 2075 4110 quam
2114 4017 2364 4090 futuris
2396 4017 2586 4111 quod
2633 4018 3040 4089 constitutus
3078 4038 3306 4090 coram
3335 4017 3533 4090 nobis
3569 4039 3692 4091 ve-

885 4133 1211 4208 nerabilis
1247 4135 1705 4210 Wenemarus
1731 4139 1949 4212 abbas
1986 4141 2330 4214 Portensis
2374 4140 2801 4231 monasterii,
2842 4138 3069 4212 fidelis
3098 4149 3361 4232 noster,
3400 4162 3694 4235 presen-

882 4259 1070 4331 tabat
1101 4260 1382 4330 culmini
1417 4271 1650 4334 nostro
1678 4261 2036 4359 quoddam
2074 4265 2405 4360 scriptum
2436 4285 2835 4338 concessum
2858 4263 3160 4335 Portensi
3195 4264 3480 4337 ecclesie
3511 4275 3697 4339 tem-

883 4403 1049 4477 pore
1069 4384 1268 4473 regni
1304 4386 1552 4474 nostri,
1594 4388 1991 4481 supplicans
2019 4390 2358 4482 majestati
2392 4399 2620 4462 nostre
2646 4410 2771 4484 pro
2808 4410 2883 4461 se
2926 4398 2995 4460 et
3032 4387 3320 4461 ecclesia
3348 4411 3474 4462 sua
3510 4390 3696 4463 idem

885 4506 1321 4601 privilegium
1359 4508 1450 4581 de
1478 4519 1707 4582 nostra
1740 4513 1959 4604 gratia
1997 4512 2424 4605 confirmari;
2463 4516 2667 4608 cujus
2701 4523 2895 4587 tenor
2926 4513 3080 4586 talis
3101 4522 3247 4587 erat
3280 4539 3299 4585 ε

965 4694 1052 4775 (a)
1095 4698 1219 4759 Nec
1243 4699 1437 4774 plura.
1471 4700 1539 4760 In
1566 4702 1903 4781 apographo
1926 4703 2170 4766 indictio
2195 4704 2383 4766 deest.
