4500 5956
1015 586 1173 649 1002
1941 589 2185 651 INDEX
2235 585 2924 649 DocuMEN'roituu.

3702 753 3837 767 —

1042 789 1263 865 1255

1015 894 1293 909 —

1019 957 1758 982 ............
1788 949 1869 964 -
1907 918 2332 978 Monasterium
2358 913 2679 994 delsancto
2701 914 2940 976 Urbano
2967 913 3081 975 sub
3107 931 3217 975 sua
3240 917 3602 992 protectione
3638 919 3843 993 recipit

1866 1020 1927 1075 et
1965 1016 2216 1075 sculteto
2250 1014 2327 1073 de
2365 1012 2648 1074 solodoro
2693 1014 3055 1089 caeterisque
3095 1011 3474 1089 Burgundiae
3515 1013 3840 1074 rectoribus

1865 1111 2110 1171 mandat
2133 1116 2204 1171 ut
2229 1126 2330 1171 eos
2353 1111 2458 1186 qui
2485 1111 2907 1169 monasterium
2935 1108 3164 1169 laedere
3188 1112 3705 1186 praesumpserint,
3745 1127 3838 1170 re-

1866 1211 2118 1286 primere
2141 1224 2263 1268 non
2291 1208 2588 1266 omittant.
3724 1215 3834 1267 ⁷14

1043 1309 1118 1361 80
1138 1301 1262 1376 jan.
1451 1301 1632 1377 Apud
1788 1335 1867 1349 —
1907 1303 2199 1363 officiatis
2223 1304 2347 1364 suis
2382 1301 2458 1361 de
2489 1299 2917 1374 Dinkelsbuhl,
2957 1299 3335 1377 Rotenburg,
3376 1301 3743 1379 Nordlingen
3781 1308 3843 1361 et

1357 1398 1412 1458 N
1414 1398 1730 1477 urimberg.
1865 1400 2092 1461 Werda
2125 1402 2190 1459 in
2227 1399 2491 1459 favorem
2526 1399 2866 1458 monasterii
2904 1397 2984 1458 de
3007 1396 3247 1458 Abusen
3276 1397 3575 1459 interdicit
3607 1416 3684 1459 ne
3708 1415 3839 1476 per-

1863 1516 2040 1560 sonas
2065 1500 2487 1559 ecclesiasticas
2512 1500 2574 1556 in
2598 1512 2777 1557 causa
2802 1496 3091 1557 criminali
3119 1496 3213 1556 vel
3236 1497 3395 1556 civili
3414 1498 3640 1576 judicio
3666 1514 3838 1559 secu·

1863 1596 1977 1656 lari
2002 1602 2159 1656 stare
2184 1600 2400 1672 cogant
2432 1599 2636 1652 contra
2659 1595 2923 1670 ipsarum
2944 1592 3334 1652 voluntatem.
3723 1602 3837 1653 ⁷1⁵

1045 1695 1077 1747 8
1106 1685 1258 1747 febr.
1451 1686 1629 1764 Apud
1787 1723 1867 1737 —
1905 1693 2170 1752 Waltero
2222 1691 2423 1751 abbati
2473 1695 2532 1750 et
2575 1691 2894 1749 conventui
2936 1688 3013 1749 de
3050 1688 3407 1749 Heilsbronn
3447 1689 3652 1750 villam
3696 1691 3839 1750 Kel-

1352 1782 1728 1862 Nnrimberg.
1863 1790 2056 1848 minze
2092 1803 2276 1864 quam
2302 1785 2594 1847 liudolfus
2618 1785 2694 1846 de
2718 1785 3076 1845 Lewenrode
3100 1801 3136 1843 a
3162 1800 3298 1863 rege
3330 1787 3393 1845 in
3433 1785 3613 1846 feudo
3638 1803 3842 1863 posse-

1866 1885 2035 1945 derat
2060 1891 2119 1944 et
2143 1886 2498 1945 monasterio
2522 1882 2891 1951 vendiderat,
2919 1882 3032 1943 sibi
3057 1884 3436 1962 resignatam,
3449 1900 3558 1961 pro
3583 1885 3841 1944 remedio

1866 1985 2099 2043 animae
2125 1999 2269 2043 suae
2290 1987 2352 2042 et
2375 1982 2818 2058 progenitorum
2842 1996 3083 2041 suorum
3109 1979 3434 2040 confirmat.
3725 1989 3839 2042 716

1033 2079 1110 2131 24
1137 2069 1289 2132 febr.
1347 2072 1463 2150 Ap.
1479 2073 1733 2151 Spiram.
1786 2111 1867 2124 —
1903 2079 2296 2140 Donationem
2350 2080 2534 2154 partis
2584 2093 2725 2138 suae
2776 2079 2838 2137 in
2891 2082 3083 2137 castro
3135 2076 3518 2155 Calwenberg
3566 2078 3842 2139 ecclesiae

1864 2174 2269 2251 Hei-bipolensi
2294 2176 2438 2234 olim
2465 2191 2502 2233 a
2523 2190 2586 2233 se
2610 2173 2827 2234 factam
2850 2175 3096 2233 innovat
3121 2179 3183 2233 et
3207 2172 3538 2235 coufirmat.
3723 2184 3839 2234 718

1035 2274 1093 2325 ι·
1113 2271 1289 2326 mart.
1345 2266 1461 2344 Ap.
1481 2267 1736 2345 spiram.
1786 2302 1866 2316 —
1906 2272 2080 2331 Petro
2105 2272 2356 2332 sculteto
2382 2270 2458 2331 de
2486 2271 2674 2330 Berno
2698 2285 2806 2347 pro
2835 2270 3066 2331 devotis
3088 2272 3216 2347 ejus
3248 2271 3504 2331 servitiis
3528 2276 3591 2330 et
3624 2270 3701 2331 ad
3728 2287 3842 2347 pe-

1866 2369 2131 2428 titionem
2158 2372 2289 2445 ejus
2315 2369 2614 2428 vivarium
2639 2383 2814 2427 suum
2844 2372 2985 2427 ante
3009 2368 3310 2427 civitatem
3341 2370 3523 2429 situm
3543 2370 3679 2444 jure
3704 2368 3844 2428 feo-

1867 2469 1988 2528 dali
2014 2469 2309 2530 coneedit.
2714 2504 2723 2509 —
3723 2477 3841 2529 719

1018 2563 1042 2612 1
1057 2561 1092 2613 5
1118 2560 1288 2616 mart-
1457 2556 1632 2635 Apud
1786 2600 1868 2613 -
1905 2567 2222 2627 Abbatiam
2252 2572 2314 2626 et
2336 2567 2637 2626 civitatem
2660 2565 2738 2625 de
2770 2563 2932 2625 Selze
2965 2565 3028 2624 in
3063 2580 3173 2624 sua
3210 2565 3448 2641 speciali
3487 2568 3843 2642 protectione

1361 2652 1727 2732 Bagenowe.
1865 2665 2074 2739 recipit
2098 2668 2302 2723 contra
2328 2661 2724 2722 marchionem
2750 2661 2827 2722 de
2849 2659 3055 2722 Baden
3080 2662 3185 2738 qui
3210 2664 3313 2740 Jus
3338 2661 3682 2723 advocatiae
3719 2662 3842 2722 ibi-

1867 2760 2004 2821 dem
2033 2760 2146 2820 sibi
2173 2758 2549 2820 vendicabat.
3725 2769 3838 2820 719

1015 2852 1089 2906 23
1112 2852 1290 2907 murt·
1458 2845 1635 2924 Apud
1786 2891 1867 2901 —
1905 2857 2123 2917 Basilio
2160 2858 2279 2917 civi
2319 2856 2585 2933 Aquensi
2627 2855 2920 2915 licentiam
2956 2854 3223 2914 concedit
3260 2854 3599 2916 conferendi
3647 2861 3708 2916 et
3745 2856 3842 2915 le-

1361 2942 1718 3023 Hagenowe.
1867 2954 2046 3033 gandi
2083 2952 2327 3013 domum
2360 2954 2546 3029 ipsius
2568 2951 2844 3012 ecclesiae
2879 2951 3129 3013 Sanctae
3154 2949 3377 3012 Mariae
3400 2950 3477 3011 de
3501 2950 3727 3029 Aquis,
3757 2953 3841 3013 ita

1867 3058 1939 3111 ut
1961 3066 2159 3111 annua
2182 3051 2411 3128 pensio,
2437 3049 2660 3109 scilicet
2683 3050 2927 3126 triginta
2949 3048 3174 3109 denarii
3207 3049 3613 3123 colonienses,
3644 3050 3756 3112 sibi
3780 3056 3842 3110 et

1869 3149 2113 3222 imperio
2136 3147 2526 3223 persolvatur.
3724 3154 3838 3206 720

1015 3238 1092 3293 26
1115 3238 1292 3296 mart.
1456 3235 1635 3313 Apud
1787 3272 1869 3284 —
1905 3239 2124 3300 Domui
2149 3240 2456 3316 hospitalis
2478 3241 2542 3299 in
2568 3240 2897 3317 Haguenau
2929 3236 3007 3299 ab
3041 3238 3504 3299 antecessoribus
3539 3242 3663 3300 suis
3698 3241 3841 3302 fun-

1362 3332 1721 3409 Hagenowe.
1867 3335 2042 3395 datae
2070 3335 2338 3395 concedit
2370 3335 2740 3411 parrochiam
2764 3336 2827 3394 in
2856 3350 2967 3395 sua
2991 3351 3147 3395 nova
3174 3336 3413 3396 civitate
3447 3337 3752 3413 Konigsau
3780 3342 3841 3397 et

1868 3446 2116 3508 augeam
2163 3446 2336 3490 suam
2370 3432 2433 3490 in
2476 3431 2883 3508 Buzlnsheim,
2921 3431 3283 3507 mandatque
3318 3431 3665 3492 custodibus
3703 3448 3842 3493 cas-

1867 3532 2095 3586 trorum
2120 3526 2424 3587 Malberch
2462 3533 2521 3586 et
2560 3526 2994 3588 Weikersheim
3033 3534 3093 3588 et
3125 3529 3383 3588 civitatis
3425 3527 3728 3607 Konigsau
3769 3545 3845 3590 ne

1869 3624 2235 3700 praedictum
2261 3621 2550 3699 hospitale
2575 3625 2949 3703 aliquomodo
2972 3625 3280 3686 molestare
3301 3633 3700 3702 praesumant.

3556 3732 3834 3795 720,721

1034 3823 1094 3874 1⁰
1120 3816 1292 3892 april.
1452 3812 1634 3891 Apud
1788 3848 1872 3864 —
1909 3820 2127 3880 Notum
2152 3819 2298 3881 facit
2322 3821 2485 3897 quod
2512 3823 2781 3897 episcopo
2808 3819 3253 3899 osnaburgensi
3277 3820 3474 3881 locum
3494 3822 3722 3898 argenti
3749 3820 3842 3880 fo-

1352 3911 1731 3988 Oppenheim.
1869 3913 2043 3975 dinae
2093 3918 2158 3975 in
2209 3917 2453 3992 praedio
2495 3917 2772 3977 ecclesiae
2820 3919 2979 3994 ejus,
3018 3916 3254 3994 Buggel
3303 3923 3364 3978 et
3400 3916 3844 3977 Stertenbrinke

1869 4007 2061 4088 dicto,
2093 4012 2204 4086 ipsi
2249 4017 2312 4071 et
2346 4014 2475 4089 ejus
2506 4009 2944 4072 successoribus
2976 4015 3036 4070 et
3076 4010 3353 4071 ecclesiae
3391 4012 3565 4071 titulo
3600 4010 3846 4071 contulit

1867 4103 2085 4165 feudali
2110 4113 2397 4168 eteorum
2424 4109 2722 4185 perpetuis
2744 4106 2950 4168 usibus
2975 4107 3297 4183 deputavit.
3729 4116 3839 4168 723

1025 4206 1097 4260 io
1131 4201 1296 4261 maii.
1452 4199 1635 4275 Apud
1792 4232 1872 4246 -
1911 4201 2151 4264 Civibus
2177 4207 2241 4264 in
2269 4206 2665 4267 Frankeni’ort
2688 4212 2927 4281 propter
2949 4206 3378 4281 reparationem
3405 4207 3603 4281 pontis
3641 4220 3841 4264 eorum

1348 4296 1761 4358 Frankenfort.
1863 4301 1976 4376 qui
2014 4317 2091 4360 ex
2133 4302 2522 4363 inundatione
2566 4318 2854 4379 aquarum
2898 4303 2962 4362 in
3002 4305 3266 4362 maxima
3305 4309 3472 4379 parte
3508 4308 3806 4362 corruerat
3819 4344 3841 4374 ,

1869 4395 2241 4457 medietatem
2282 4404 2675 4475 proventuum
2708 4403 2978 4458 monetae
3001 4414 3145 4458 suae
3179 4399 3242 4457 in
3266 4397 3658 4459 Frankenfort
3682 4403 3743 4457 et
3767 4395 3845 4456 de

1869 4492 2059 4569 sylvis
2088 4495 2212 4553 suis
2233 4493 2393 4570 ligna
2419 4495 2742 4565 necessaria
2768 4494 3056 4554 concedit.
3727 4499 3841 4552 725

1030 4588 1102 4642 18
1133 4583 1298 4644 maii.
1468 4583 1646 4661 Apud
1791 4620 1873 4632 —
1910 4589 2004 4648 Ad
2052 4591 2535 4666 supplicationem
2574 4591 2776 4652 sifridi
2817 4593 3150 4670 maguntini
3176 4590 3631 4667 archiepiscopi,
3662 4588 3846 4650 nobili

1351 4680 1764 4742 Frankeniort.
1868 4687 1998 4745 viro
2024 4684 2303 4764 Philippo
2330 4688 2403 4748 de
2428 4687 2805 4767 Virnenburg
2829 4689 2983 4752 hanc
3007 4689 3277 4751 concedit
3303 4689 3556 4766 gratiam
3582 4694 3652 4748 ut
3676 4687 3847 4749 feoda
