4500 5956
1061 585 1180 646 754
2056 585 2483 647 ramnum!
2533 583 2881 645 SECUNDI
3510 589 3672 665 [Anu.
3710 589 3880 650 1235.

1064 718 1261 791 nobis
1286 727 1363 789 ut
1400 718 1621 813 ipsam
1662 718 2099 792 Clementiam
2136 719 2407 791 liberari
2446 729 2512 790 et
2546 729 2844 789 castrum
2885 718 3115 813 ipsum
3141 741 3303 791 cum
3329 720 3651 792 omnibus
3686 722 3888 794 bonis

1066 843 1137 913 in
1175 841 1405 913 dotem
1436 841 1566 911 sibi
1594 843 1933 914 concessis
1952 842 2015 913 ei
2042 842 2306 913 restitui
2337 840 2866 913 demandemus.
2894 840 3006 913 Ad
3029 843 3229 933 cujus
3255 844 3352 914 rei
3381 843 3778 915 memoriam
3818 855 3886 914 et

1067 966 1276 1038 robur
1296 964 1367 1034 in
1399 976 1750 1058 posterum
1786 965 2195 1055 valiturum,
2249 985 2534 1060 presens
2581 965 2912 1059 scriptum
2946 964 3094 1038 fieri
3122 975 3193 1038 et
3225 966 3455 1060 sigillo
3486 976 3717 1040 nostro
3745 968 3884 1057 Jus-

1064 1090 1277 1161 simus
1312 1087 1651 1181 insigniri.

1161 1214 1393 1286 Testes
1417 1212 1626 1304 huJus
1656 1212 1759 1285 rei
1793 1223 1953 1284 sunt
1988 1236 2004 1284 ε
2038 1211 2520 1304 Maguntinus‚
2563 1210 3019 1301 Coloniensis,
3060 1213 3500 1285 Treverensis
3533 1223 3606 1286 et
3636 1213 3882 1285 Bisun·

1064 1335 1250 1407 tinus
1286 1334 1821 1431 archiepiscopi,
1881 1334 2514 1430 Papimbergensis‚
2565 1334 3111 1428 Ratisponensis,
3150 1335 3576 1427 BasiliensiS,
3625 1336 3887 1409 Ildese-

1069 1459 1356 1548 mensis,
1415 1459 1819 1531 Leodiensis
1852 1468 1923 1531 et
1953 1458 2460 1532 Cameracensis
2501 1458 2845 1553 episcopi,
2892 1459 3100 1530 frater
3145 1460 3230 1531 Η.
3285 1459 3611 1552 magister
3637 1459 3887 1533 domus

1068 1581 1424 1676 hospitalis
1452 1582 1701 1653 Sancte
1732 1581 1940 1654 Marie
1968 1580 2538 1653 Theotonicorum
2565 1578 2636 1651 in
2682 1581 3094 1672 Jerusalem,
3137 1579 3288 1653 dux
3316 1582 3669 1673 Bawarie,
3737 1581 3886 1655 dux

1065 1706 1471 1792 Brabantie‚
1515 1705 1666 1777 dux
1699 1705 2074 1795 Carinthie‚
2112 1704 2324 1777 etalii
2362 1706 2830 1798 quamplures,

1166 1828 1337 1900 Acta
1365 1837 1528 1900 sunt
1557 1829 1683 1899 hec
1710 1850 1893 1901 anno
1924 1827 2271 1901 dominice
2316 1828 2803 1900 incarnationis
2837 1828 2927 1900 M.
2958 1827 3083 1900 CC.
3133 1828 3421 1917 XXXV,
3478 1850 3715 1901 mense
3747 1850 3890 1900 au-

1065 1962 1300 2042 gusto,
1346 1952 1722 2025 indictione
1754 1953 1937 2042 VIII,
1981 1953 2364 2046 imperante
2395 1953 2675 2025 domino
2707 1961 2944 2024 nostro
2972 1950 3317 2024 Friderico
3351 1950 3476 2024 Dei
3517 1953 3736 2046 gratia
3779 1953 3889 2022 in-

1069 2076 1447 2149 victissimo
1478 2076 1941 2149 Romanorum
1994 2078 2405 2170 imperatore
2452 2097 2724 2169 semper
2759 2084 3100 2169 augustO,
3141 2076 3516 2148 Jerusalem
3550 2086 3619 2148 et
3659 2076 3889 2148 Sicilie

1069 2221 1259 2291 rege,
1282 2221 1466 2273 anno
1492 2201 1757 2295 imperii
1787 2202 1938 2292 ejus
1959 2201 2109 2290 XV,
2138 2199 2336 2294 regni
2354 2200 2728 2272 Jerusalem
2751 2199 2841 2290 X,
2872 2200 3075 2290 regni
3098 2221 3267 2272 vero
3295 2200 3527 2273 Sicilie
3546 2201 3881 2291 xxxvii,

1073 2323 1382 2396 feliciter.
1423 2322 1671 2395 Amen.

1166 2449 1415 2518 Datum
1444 2446 1822 2539 Maguntie,
1861 2469 2069 2539 anno,
2106 2468 2342 2520 mense
2366 2457 2435 2519 et
2464 2448 2845 2522 indictione
2875 2448 3299 2544 prescriptis,

1175 2986 1601 3070 Fridericus
1621 3048 1644 3095 ‚
1685 2988 2205 3071 Romanorum
2241 2985 2682 3095 imperator,
2730 2985 3088 3071 Ottonem
3125 2985 3222 3066 de
3256 2984 3667 3094 Luneburg
3701 3011 3893 3068 con-

1073 3121 1579 3229 sanguineum
1616 3146 1845 3202 suum
1871 3180 1895 3225 ,
1951 3120 2084 3228 qui
2123 3119 2339 3202 flexis
2374 3143 2633 3202 coram
2680 3144 2760 3200 se
2807 3116 3132 3228 genibus
3168 3116 3312 3201 sibi
3349 3128 3686 3201 castrum
3722 3116 3887 3200 Lu-

1073 3244 1371 3355 neburg
1433 3272 1611 3329 cum
1683 3247 1850 3328 aliis
1912 3247 2178 3330 castris
2239 3248 2320 3328 in
2383 3246 2919 3353 proprietatem
2981 3245 3426 3356 resignavit,
3478 3246 3891 3356 principem

1072 3379 1368 3488 imperii
1440 3390 1686 3486 creat,
1730 3379 1827 3462 de
1896 3380 2192 3462 civitate
2262 3377 2707 3461 Brunswick
2773 3387 2852 3460 et
2917 3388 3169 3462 castro
3238 3378 3652 3489 Luneburg
3720 3405 3892 3463 cum

1075 3537 1342 3596 eorum
1379 3511 1791 3594 attinentiis
1844 3513 2229 3599 ducatum
2263 3511 2329 3594 ei
2385 3511 2851 3595 constituens
2866 3573 2890 3618 ‚
2928 3536 3260 3620 eumque
3296 3511 3732 3595 solemniter
3764 3539 3893 3621 per

1075 3647 1351 3731 vexilla
1383 3647 1712 3730 investit.

1239 3849 1515 3931 (Edider.
1543 3849 1951 3920 Burnum,
1980 3844 2354 3907 Braunschw.
2383 3843 2658 3920 chronic„
2688 3863 2750 3922 p.
2785 3854 3012 3906 473.-
3036 3844 3348 3916 Seruium,
3375 3841 3890 3921 Annalffladerb„

1318 3963 1366 4018 t.
1398 3958 1490 4030 11,
1520 3973 1582 4032 p.
1614 3965 1712 4017 25.
1740 3988 1825 4000 -
1849 3955 2234 4032 Mmoums,
2263 3954 2567 4032 scriptor„
2595 3957 2646 4013 t.
2677 3951 2801 4024 ΙΙΙ,
2843 3967 2905 4028 p.
2940 3960 3081 4012 206.
3120 3982 3202 3998 --
3237 3953 3642 4026 limitatae,
3673 3953 3892 4013 Hister.

1323 4060 1668 4134 Gandmla„
1696 4078 1760 4139 p.
1797 4070 1910 4123 373
1938 4068 1999 4122 et
2029 4070 2203 4124 1352.
2241 4091 2323 4107 -
2348 4059 2598 4130 Scnmn,
2625 4056 2858 4138 Oriqin.
2900 4055 3114 4132 Gmlfi,
3145 4064 3194 4118 t.
3224 4058 3333 4130 IV,
3369 4075 3433 4136 p.
3471 4067 3573 4136 49,
3603 4074 3739 4119 cum
3763 4058 3898 4118 fac·

1324 4170 1513 4231 simile
1555 4176 1617 4230 et
1658 4171 1838 4248 sigilli
1883 4168 2098 4246 effigie.
2130 4199 2211 4215 —
2237 4169 2469 4243 Pana,
2500 4163 2763 4227 Menum.
2811 4163 3006 4227 Germ.
3034 4165 3283 4242 Hister„
3310 4170 3361 4225 t.
3389 4165 3500 4243 IV,
3543 4181 3608 4242 p.
3655 4173 3795 4242 318,
3822 4181 3898 4225 ex

1321 4275 1687 4353 autographo
1739 4275 2129 4335 nitidissimae
2179 4276 2501 4350 scripturae
2514 4315 2533 4351 ‚
2578 4274 2755 4351 cujus
2809 4270 2972 4333 bulla
3026 4289 3208 4334 aurea
3260 4274 3327 4332 in
3377 4269 3647 4332 incendio
3699 4271 3899 4348 palatii

1326 4382 1772 4443 Brunsvicensis
1795 4399 1954 4443 anno
1988 4389 2137 4442 1830
2165 4377 2387 4458 periit.)

1186 4562 1266 4632 In
1311 4557 1589 4630 nomine
1635 4566 1868 4628 sancte
1921 4563 1988 4625 et
2025 4552 2387 4626 individue
2430 4552 2803 4624 Trinitatis.
2830 4550 3217 4624 Fridericus
3235 4548 3619 4638 secundus,
3660 4546 3901 4619 divina

1086 4690 1366 4760 favente
1395 4679 1754 4753 clementia
1782 4679 2244 4751 Romanorum
2278 4676 2646 4771 imperator
2684 4696 2956 4770 semper
2989 4683 3357 4768 augustus,
3411 4671 3788 4744 Jerusalem
3834 4679 3903 4742 et
