4500 5956
547 619 744 678 Innio-r.
776 618 869 695 8.]
1449 618 1845 680 HISTORIA
1894 617 2481 682 DIPLOMATICA.
3255 620 3372 682 713

642 752 1006 824 Heinricus
1064 750 1441 847 septimus,
1506 749 1750 825 divina
1806 753 2079 827 favente
2140 751 2513 828 clemencia
2584 753 3043 822 Romanorum
3113 774 3239 824 rex
3300 766 3371 827 et

549 896 821 969 semper
868 884 1242 967 augustus,
1296 873 1642 945 universis
1691 875 1956 971 imperii
2005 874 2328 950 fidelibus
2357 874 2616 967 quibus
2650 870 2782 943 hec
2833 872 3054 945 littera
3097 883 3371 947 ostensa

549 995 756 1067 fuerit
816 996 1112 1087 gratiam
1163 1016 1364 1067 suam
1426 1004 1496 1068 et
1548 1016 1753 1068 omne
1795 997 2084 1069 bonum.
2142 997 2435 1069 Firmam
2493 1016 2685 1089 spem
2735 992 3198 1089 fiduciamque
3254 1006 3370 1069 te-

545 1139 792 1190 nemus
827 1115 1024 1212 quoad
1060 1118 1397 1212 quicquid
1452 1118 1796 1209 religiosis
1834 1119 2003 1191 viris
2060 1120 2277 1212 gratie
2327 1117 2868 1212 impenderimus
2914 1127 2984 1188 et
3042 1117 3362 1205 honoris,

549 1239 623 1313 id
683 1263 847 1313 cum
917 1241 1368 1337 multiplicato
1418 1242 1646 1313 fructu
1696 1243 2092 1336 recolligere
2158 1243 2539 1316 debeamus
2587 1240 2658 1310 in
2711 1240 2902 1310 celis.
2963 1241 3108 1311 Hac
3161 1242 3371 1334 igitur

549 1362 1095 1436 consideratione
1145 1362 1455 1453 inducti,
1497 1364 1782 1437 obtentu
1817 1386 2098 1460 quoque
2135 1386 2415 1459 precum
2458 1363 2706 1435 dilecte
2754 1363 3088 1433 consortis
3141 1375 3371 1438 nostre

545 1486 928 1578 Margarete
986 1487 1272 1558 illustris
1333 1488 1803 1559 Romanorum
1856 1488 2095 1582 regine
2150 1487 2297 1583 (l),
2357 1488 2559 1578 cujus
2613 1484 2980 1556 desideriis
3029 1509 3167 1559 non
3227 1488 3370 1561 de-

542 1608 827 1680 buimus
855 1609 1210 1704 refragari,
1250 1630 1333 1681 ac
1368 1609 1573 1681 etiam
1601 1610 1693 1681 ob
1737 1610 2057 1682 affectum
2090 1630 2300 1704 quem
2348 1610 2528 1681 circa
2575 1608 2888 1680 ordinem
2934 1607 3365 1703 cystercien-

550 1752 697 1804 sem
759 1753 1035 1827 semper
1084 1730 1423 1805 hactenus
1463 1732 1839 1805 habuimus
1893 1743 1962 1805 et
1997 1734 2376 1821 habemuS,
2444 1730 2710 1804 dilectis
2767 1731 2965 1802 nobis
3019 1733 3251 1805 abbati
3310 1746 3379 1807 et

550 1855 925 1927 conventui
961 1853 1053 1927 de
1091 1856 1540 1943 Schonental,
1578 1855 2199 1951 cysterciensibus,
2245 1856 2447 1927 talem
2488 1854 2772 1925 fecimus
2796 1855 3086 1946 gratiam
3130 1866 3200 1928 et
3241 1856 3376 1930 do-

555 1978 878 2050 navimus
942 1977 1322 2050 libertatem
1390 1978 1582 2072 quod
1644 2000 1885 2051 omnes
1942 1978 2409 2073 possessiones
2460 1984 2530 2048 et
2582 1976 2763 2071 bona
2814 1998 2953 2070 que
2997 1978 3255 2051 habent
3302 1981 3374 2052 in

551 2100 1068 2195 presenciarum
1096 2100 1209 2172 vel
1247 2100 1320 2171 in
1358 2101 1666 2172 futurum
1708 2110 2030 2195 poterunt
2066 2100 2358 2194 adipisci
2404 2099 2476 2170 in
2516 2099 2949 2188 civitatibus,
3000 2101 3228 2196 opidis
3263 2104 3378 2177 vel

552 2224 625 2294 in
660 2223 817 2294 aliis
855 2223 1022 2295 locis
1056 2223 1257 2295 nobis
1284 2222 1679 2295 immediate
1715 2223 2240 2318 pertinentibus,
2285 2244 2327 2294 a
2371 2221 2712 2314 serviciis,
2763 2222 3089 2316 precariis
3133 2234 3201 2295 et
3235 2225 3375 2297 col-

551 2345 749 2418 lectis
786 2366 926 2439 que
963 2346 1164 2417 nobis
1201 2344 1576 2438 aliquando
1620 2344 1769 2418 dari
1808 2346 2032 2418 solent
2076 2346 2294 2418 libera
2326 2347 2463 2416 sint
2498 2345 2804 2418 omnino.
2846 2346 2936 2419 Ut
2968 2355 3198 2419 autem
3246 2346 3375 2420 hec

553 2468 771 2561 gratia
810 2490 937 2563 per
972 2490 1098 2540 nos
1134 2468 1305 2563 ipsis
1359 2467 1632 2540 indulta
1668 2468 1974 2540 debitam
2026 2478 2097 2541 et
2146 2477 2547 2563 perpetuam
2600 2468 2779 2538 sicut
2819 2466 3025 2540 debet
3073 2469 3379 2542 obtineat

557 2589 943 2662 firmitatem
968 2644 989 2680 ,
1065 2598 1453 2684 presentem
1523 2599 1780 2663 cartam
1850 2590 2013 2663 inde
2086 2590 2544 2685 conscriptam
2611 2590 2712 2662 eis
2772 2590 2846 2661 in
2914 2591 3380 2662 testimonium

560 2713 892 2785 duximus
935 2712 1472 2786 concedendam.
1526 2714 1597 2785 Si
1644 2714 1803 2807 quis
1843 2714 2054 2807 igitur
2087 2714 2538 2786 officiatorum
2584 2723 2972 2786 nostrorum
3018 2723 3377 2787 monaste-

559 2836 734 2906 rium
779 2846 850 2908 et
884 2845 1301 2908 conventum
1348 2836 1438 2910 de
1478 2835 1887 2909 Schonental
1926 2846 2162 2908 contra
2206 2836 2495 2929 gratiam
2531 2834 2931 2926 hujusmodi
2972 2857 3181 2931 super
3211 2858 3381 2933 pre-

560 2958 781 3030 missis
851 2958 1346 3055 presumpserit
1409 2959 1769 3033 molestare
1792 3013 1811 3048 ,
1877 2982 1919 3032 a
1987 2967 2219 3032 nostre
2279 2958 2659 3031 serenitatis
2716 2958 2933 3052 gratia
2991 2960 3260 3033 noverit
3305 2983 3382 3034 se

562 3083 945 3154 exclusum.
2410 3090 2412 3092 ’

654 3206 890 3278 Testes
925 3205 1136 3297 hujus
1177 3206 1276 3279 rei
1324 3213 1489 3278 sunt
1533 3231 1550 3275 ε
1600 3204 1979 3278 Landolfus
2017 3203 2537 3276 Wormatiensis
2572 3204 2869 3297 electus,
2920 3207 3383 3280 Hartmannus

561 3348 786 3400 comes
825 3328 917 3400 de
952 3328 1303 3421 Quiburg‚
1341 3327 1730 3402 Gotefridus
1777 3349 2008 3400 comes
2037 3326 2128 3400 de
2163 3328 2635 3411 Lewenstein,
2676 3328 3037 3400 Heinricus
3068 3338 3140 3401 et
3171 3329 3384 3403 Gote-

563 3450 782 3543 fridus
836 3452 1078 3523 fratres
1114 3452 1203 3525 de
1248 3452 1515 3545 Niffen,
1562 3453 1762 3546 Hugo
1800 3452 1890 3526 de
1923 3452 2220 3538 Tuvers‚
2277 3449 2698 3524 Wernherus
2753 3453 3064 3525 notarius
3124 3464 3379 3546 noster,

558 3570 875 3644 Albertus
907 3571 999 3645 de
1034 3572 1495 3666 Liebenstein,
1536 3574 1947 3647 Wilhelmus
1980 3573 2070 3647 de
2102 3574 2483 3669 Wimpina,
2525 3583 2597 3646 et
2632 3574 2750 3646 alii
2780 3577 3247 3672 quamplures.

652 3694 824 3768 Acta
872 3704 1035 3768 sunt
1080 3697 1211 3769 hec
1260 3697 1452 3792 apud
1499 3697 1961 3793 Wimpinam,
2025 3719 2208 3770 anno
2257 3699 2478 3792 gratie
2535 3699 2895 3771 millesimo
2936 3698 3064 3770 CC.
3097 3698 3376 3786 XXXV,

559 3819 767 3890 XVIII
802 3819 1138 3892 kalendas
1173 3820 1539 3912 februarii,
1582 3820 1957 3893 indictione
1990 3822 2188 3892 vl11·.

2277 4015 2712 4025 *ᾤ’-...ορ

630 4121 702 4194 (4)
738 4122 856 4179 Hac
879 4122 1056 4196 prima
1080 4121 1244 4180 simul
1270 4126 1329 4179 et
1352 4121 1510 4180 unica
1535 4123 1651 4180 vioe
1675 4122 1743 4180 de
1765 4127 2013 4181 consorte
2038 4138 2138 4180 sua
2162 4137 2261 4180 rex
2293 4122 2554 4179 Henricus
2590 4120 2915 4179 mentionem
2950 4121 3008 4178 in
3040 4120 3269 4196 publicis
3294 4122 3381 4181 in·

564 4217 876 4276 strumentis
904 4217 1060 4290 facit,
1104 4234 1271 4292 quam
1297 4224 1479 4277 tamen
1500 4234 1643 4276 anno
1672 4221 1811 4277 ⁴233
1844 4217 2228 4292 repudiandam
2255 4217 2313 4275 in
2335 4217 2514 4275 animo
2539 4216 2806 4275 habuerat
2843 4223 2905 4274 ut
2945 4216 3181 4292 priorem
3214 4234 3376 4294 spon·

565 4329 696 4388 sam,
722 4314 867 4388 regis
891 4314 1179 4374 Bohemiae
1199 4330 1470 4386 sororem,
1501 4316 1559 4372 in
1580 4331 1804 4374 uxorem
1832 4319 2152 4374 assumeret.
2190 4315 2271 4373 Cf.
2298 4330 2485 4390 supra,
2512 4331 2572 4388 p.
2602 4315 2731 4384 687,
2755 4318 2870 4372 not.
2903 4317 2955 4372 4.
2998 4314 3078 4371 De
3104 4330 3213 4388 quo
3242 4315 3381 4375 haec

565 4412 701 4485 apud
720 4411 884 4470 Gesta
906 4413 1114 4470 stevir.
1146 4411 1434 4486 leguntur:
1460 4413 1671 4472 «Vitam
1697 4413 1903 4485 regiam
1930 4427 2039 4470 non
2063 4412 2280 4483 habuit3
2311 4428 2435 4469 nam
2457 4409 2789 4468 incontinens
2814 4410 2914 4468 fuit
2936 4410 3183 4483 multum,
3200 4413 3382 4472 minus

566 4506 843 4566 attendens
862 4510 988 4582 jura
1009 4511 1331 4568 matrimonii
1355 4511 1443 4567 cni
1466 4511 1717 4568 astrictus
1741 4517 1878 4569 erat.
1906 4529 1934 4562 ι
1967 4511 2080 4566 Nec
2108 4510 2299 4566 melius
2339 4510 2409 4567 de
2450 4509 2692 4568 moribus
2732 4510 2948 4568 Henrici
2980 4516 3138 4568 sonat
3169 4512 3378 4570 Hister.

565 4603 814 4662 Novem.
833 4614 1095 4680 monast„
1117 4624 1285 4682 quum
1305 4609 1454 4666 dicat
1482 4627 1496 4664 ε
1524 4629 1552 4663 ι
1573 4610 1679 4666 Iste
1703 4609 1880 4682 coepit
1896 4607 2048 4681 quasi
2069 4607 2304 4681 degener
2320 4608 2464 4665 luxui
2485 4608 2754 4666 deservire
2768 4651 2782 4680 ‚
2811 4609 3028 4668 consilia
3050 4608 3376 4683 prudentum

569 4709 806 4761 avertere
820 4745 835 4773 ,
860 4710 968 4761 etc.
1003 4723 1030 4757 n

757 4829 868 4891 IV.
908 4843 1018 4887 rm
1042 4846 1088 4890 2.
2988 4837 3065 4891 90
