4500 5956
556 617 751 674 litum.
791 612 912 690 10.]
1453 608 1841 670 HISTORIA
1893 608 2480 674 DlPLOMATICA.
3256 614 3368 674 911

558 749 800 842 probat
842 766 995 818 esse
1044 744 1409 836 maJorem,
1460 766 1813 818 assensum
1878 755 2188 818 nostrum
2230 746 2544 839 ejusdem
2584 745 2927 818 industria
2974 768 3116 818 non
3147 749 3372 821 minus

556 892 766 964 quam
823 867 964 941 fide
1003 866 1342 941 suadente
1386 869 1839 961 prestitimus,
1879 869 1953 940 in
1989 890 2129 962 quo
2167 869 2225 941 si
2260 891 2384 965 per
2426 878 2936 942 consecrantem
2978 870 3244 964 aliquid
3287 872 3377 946 de

559 993 982 1067 solemnibus
1008 1000 1113 1063 est
1144 990 1510 1083 omissum,
1558 992 1763 1064 officii
1814 993 2023 1064 vestri
2073 1002 2304 1087 partes
2338 1004 2558 1088 preter
2603 994 2818 1065 nostri
2841 995 3016 1085 juris
3050 995 3377 1068 offensam

556 1128 623 1190 et
671 1117 743 1187 in
785 1114 1209 1211 approbante
1259 1114 1569 1208 poteritis
1607 1124 1676 1187 et
1714 1115 1783 1187 in
1838 1117 2217 1211 approbato
2260 1119 2624 1212 complere.
2661 1119 2801 1189 Nos
2854 1118 3040 1189 enim
3094 1119 3272 1191 sicut
3304 1122 3374 1191 iu

560 1239 1050 1334 temporalibus
1107 1247 1177 1310 et
1231 1238 1681 1331 dignitatibus
1755 1240 2005 1311 nostris
2056 1240 2358 1333 antiquis
2424 1241 2827 1313 inviolatum
2890 1244 3010 1332 jus
3068 1252 3374 1314 nostrum

560 1362 759 1435 nobis
811 1362 1254 1456 exposcimus
1300 1362 1728 1450 conservari,
1781 1363 1880 1434 sic
1930 1363 2137 1434 etiam
2187 1363 2258 1434 in
2306 1364 2776 1458 spiritualibus
2823 1366 3022 1436 vobis
3070 1366 3142 1435 in
3190 1368 3379 1438 nullo

561 1485 924 1580 prepedire
958 1506 1238 1580 prorsus
1284 1484 1708 1558 intendimus
1745 1484 2059 1557 debitum
2112 1486 2520 1581 pontificalis
2556 1489 2761 1559 officii
2800 1499 2868 1559 et
2893 1498 3117 1562 vestre
3158 1490 3376 1584 pleni·

564 1610 874 1684 tudinem
916 1608 1292 1705 potestatis.
1335 1608 1640 1702 Ideoque
1670 1611 2027 1682 molestum
2068 1611 2375 1703 gerimus
2423 1620 2493 1684 et
2540 1610 2882 1705 ingratum
2931 1612 3267 1685 habemus
3319 1615 3376 1686 si

558 1755 677 1828 per
737 1732 1061 1806 officiales
1119 1742 1388 1804 nostros
1442 1740 1675 1804 contra
1739 1735 2088 1805 usurarios
2146 1735 2603 1807 ecclesiastice
2657 1735 3022 1829 discipline
3082 1759 3372 1810 censura

558 1856 907 1929 notissima
945 1857 1188 1928 vestris
1220 1856 1561 1951 episcopis
1593 1856 1965 1928 inhibetur.
1999 1858 2084 1928 Et
2115 1879 2515 1950 quanquam
2543 1858 2820 1930 credere
2857 1881 2995 1931 non
3033 1860 3375 1954 possimus

558 1981 743 2074 ipsos
773 2002 916 2052 rem
960 1988 1099 2051 tam
1148 1987 1406 2051 temere
1454 1980 1986 2073 presumptionis
2022 2000 2425 2073 aggressoS,
2464 1980 2910 2053 nihilominus
2946 1991 3174 2054 tamen
3207 1983 3377 2078 ipsis

560 2124 678 2196 per
711 2101 1018 2176 districte
1039 2103 1370 2195 jussionis
1400 2111 1627 2176 nostre
1669 2104 2072 2196 rescriptum
2116 2104 2542 2198 injungimus
2575 2114 2652 2176 ut
2691 2115 2760 2177 et
2806 2107 3122 2199 preterita
3169 2109 3373 2179 corri-

559 2237 725 2318 gant
758 2227 928 2300 etin
964 2236 1308 2322 posterum
1348 2227 1510 2299 talia
1545 2248 1681 2298 non
1730 2235 2154 2322 attemptent.
2196 2229 2336 2300 Nos
2374 2228 2560 2300 euim
2602 2225 2723 2322 qui
2763 2229 2835 2300 in
2872 2230 3201 2302 usurariis
3243 2254 3375 2325 pu-

560 2351 816 2422 blicum
854 2351 1113 2422 crimen
1151 2350 1756 2423 constitutionibus
1785 2351 2035 2422 nostris
2061 2373 2212 2424 esse
2240 2352 2676 2424 decrevimus
2702 2376 3093 2443 usurarum,
3127 2377 3376 2449 penam

560 2476 863 2569 ipsorum
903 2482 1211 2569 preterea
1241 2493 1383 2546 nou
1411 2475 1723 2547 minuere
1765 2472 2226 2568 disponimus,
2269 2474 2394 2548 sed
2435 2497 2715 2568 augere,
2753 2486 2986 2570 utpote
3020 2500 3176 2549 cum
3206 2487 3380 2548 tem-

559 2599 811 2693 poralis
856 2619 1037 2693 pene
1073 2599 1487 2694 supplicium
1531 2607 1766 2671 eterne
1802 2598 2245 2690 junxerimus
2288 2600 2558 2671 ultioni.
2612 2601 2917 2672 Verbum
2959 2610 3269 2695 preterea
3305 2603 3376 2674 in

559 2722 954 2796 evidentem
1015 2723 1504 2797 detractionem
1579 2723 1793 2795 nostri
1848 2723 2146 2796 nominis
2208 2734 2436 2796 vestre
2509 2724 2894 2818 paternitati
2974 2733 3376 2818 suggestum

559 2847 747 2919 nullo
794 2847 1006 2920 modo
1055 2845 1335 2919 credere
1386 2846 1760 2938 debuistiS,
1809 2847 2000 2940 quod
2050 2868 2178 2919 uos
2216 2849 2289 2919 in
2343 2847 2536 2919 terris
2575 2870 2618 2919 a
2665 2849 2866 2919 nobis
2907 2848 2981 2919 in
3031 2869 3246 2941 regno
3288 2849 3377 2921 de

561 2992 744 3044 novo
779 2971 1182 3044 constructis
1214 2969 1523 3044 edificari
1562 2992 1780 3044 novas
1814 2971 2135 3044 ecclesias
2172 2971 2654 3066 prohibemus;
2693 2994 2853 3043 cum
2884 2972 3069 3044 enim
3099 2972 3376 3046 easdem

561 3116 697 3167 non
735 3095 960 3168 aliene
1003 3103 1187 3167 secte
1218 3095 1329 3167 vel
1364 3096 1538 3188 legis
1582 3094 2020 3185 hominibus,
2077 3096 2201 3169 sed
2237 3096 2624 3169 christianis
2668 3095 3035 3169 inhabitari
3073 3105 3373 3168 tantum-

562 3216 767 3291 modo
795 3219 1191 3309 jubeamus‚
1225 3217 1608 3291 necessario
1642 3219 1956 3312 sequitur
1995 3220 2189 3312 quod
2236 3219 2564 3292 ecclesias
2601 3218 2672 3288 in
2711 3219 2967 3312 quibus
3001 3220 3127 3292 Dei
3157 3221 3377 3292 nostri

563 3362 812 3414 nomen
847 3341 1207 3415 invocetur
1249 3351 1319 3414 et
1359 3340 1570 3433 fides,
1613 3340 1918 3414 edificari
1966 3342 2289 3413 velimus.
2332 3343 2503 3413 Nam
2551 3351 2621 3414 et
2655 3340 2779 3413 filii
2826 3343 3029 3415 Israel
3079 3366 3204 3438 per
3253 3345 3377 3417 de-

560 3475 815 3537 sertum
849 3467 920 3537 in
956 3466 1263 3539 tentoriis
1298 3466 1682 3538 habitantes
1707 3465 1825 3537 ubi
1866 3465 2121 3537 nullius
2149 3466 2407 3538 fabrice
2441 3467 2887 3539 fundamenta
2919 3469 3374 3561 conjecerant,

563 3590 1080 3662 tabernaculum
1147 3589 1418 3663 Domini
1493 3589 1684 3660 velut
1751 3589 2252 3661 habitationum
2311 3613 2595 3664 suarum
2655 3599 2919 3686 partem
2985 3593 3377 3687 precipuam

565 3721 959 3785 erexerunt.
1028 3713 1206 3786 Illud
1264 3721 1740 3785 verumtamen
1804 3732 1943 3784 non
2002 3734 2338 3806 negamus
2404 3712 2596 3808 quod
2663 3715 2986 3787 ecclesias
3057 3715 3381 3787 fundatas

562 3834 855 3928 ibidem,
898 3845 1227 3930 tanquam
1256 3837 1330 3908 in
1364 3836 1514 3909 solo
1546 3844 1775 3908 nostro
1813 3845 2236 3908 constructas
2267 3859 2347 3909 ac
2375 3838 2643 3911 dotatas
2668 3860 2710 3909 a
2748 3838 2946 3910 nobis
2972 3890 2991 3927 ,
3035 3839 3379 3910 collationi

564 3969 793 4033 nostre
844 3961 1169 4033 volumus
1225 3960 1549 4053 exigente
1594 3959 1864 4051 justitia
1908 3960 2324 4032 conservari.
2377 3962 2519 4032 Nec
2569 3961 2742 4032 illud
2798 3961 3118 4032 infestum
3175 3961 3379 4033 debet

565 4094 794 4157 vestra
827 4084 1200 4181 paternitas
1232 4093 1554 4180 reputare
1587 4084 1646 4156 si
1687 4104 1813 4156 nos
1861 4083 2449 4178 Cephaludensem
2497 4085 2897 4180 episcopum
2944 4086 3144 4176 cujus
3180 4085 3381 4157 vobis

567 4209 987 4283 notissimam
1021 4209 1365 4281 credimus
1412 4230 1565 4281 esse
1602 4218 1870 4297 notam,
1925 4217 1993 4280 et
2032 4209 2529 4281 Salernitanum
2566 4208 3125 4281 archidiaconum
3171 4231 3377 4303 quem

568 4333 636 4403 in
686 4354 960 4406 recessu
993 4342 1225 4406 nostro
1262 4333 1351 4407 de
1383 4352 1598 4426 regno
1634 4334 1827 4405 velut
1871 4331 2218 4406 infidelem
2256 4345 2325 4407 et
2370 4335 2458 4407 de
2493 4332 2876 4405 infidelium
2917 4354 3168 4426 genere
3207 4353 3381 4428 pro-

567 4467 870 4530 creatum
906 4456 1040 4555 (a),
1084 4459 1257 4531 inter
1319 4457 1558 4531 fideles
1614 4467 1884 4531 nostros
1937 4480 2075 4531 non
2131 4461 2567 4554 permisimus
2621 4481 3012 4550 remanere,
3068 4480 3206 4532 non
3265 4460 3388 4530 in-

648 4722 735 4805 (a)
776 4724 958 4787 Deest
981 4726 1080 4789 hic
1108 4726 1357 4789 verbum
1378 4724 1719 4788 removimus
1744 4727 1841 4789 vel
1865 4728 2226 4806 hujusmodi.
