4500 5956
993 502 1113 565 7os
2031 506 2373 569 nmmum
2421 491 2757 569 ssrrml
3435 502 3596 581 [Anu.
3633 501 3801 565 1234.

997 638 1227 709 munis
1242 636 1608 709 Mediolani
1630 639 1936 710 notarius
1965 651 2034 711 et
2058 664 2245 713 nunc
2268 642 2493 714 scriba
2511 640 2895 714 communis
2907 637 3305 731 Mediolani,
3336 638 3812 733 suprascriptis

997 762 1275 833 interfui
1306 772 1375 832 et
1397 761 1800 856 subscripsi.

1094 884 1244 976 Ego
1290 883 1624 956 Henricus
1669 885 1758 956 de
1791 885 2177 979 Camenago
2214 887 2398 960 filius
2429 887 2782 983 quondam
2827 886 3088 960 domini
3123 885 3391 958 Castelli
3433 886 3553 979 qui
3595 895 3701 958 sto
3736 887 3806 957 in

1000 1016 1192 1080 curte
1217 1008 1741 1098 vicecomitum,
1776 1010 2080 1082 notarius
2116 1023 2185 1084 et
2226 1034 2412 1084 nunc
2438 1013 2663 1086 scriba
2689 1010 3073 1085 communis
3101 1008 3505 1100 Mediolani,
3531 1008 3808 1083 interfui

991 1140 1060 1204 et
1087 1131 1484 1227 subscripsi.

1091 1740 1460 1822 Henricus
1478 1800 1501 1844 ,
1559 1738 2080 1821 Romanorum
2134 1764 2267 1821 rex
2285 1798 2308 1844 ,
2366 1738 2657 1823 civibus
2713 1737 3194 1847 Spirensibus
3249 1737 3806 1847 amplissimum

983 1871 1041 1954 F
1043 1872 1341 1954 riderici
1377 1871 1451 1977 Ι,
1491 1871 1587 1952 de
1648 1896 1852 1953 anno
1894 1873 2097 1951 1182
2115 1931 2138 1977 ,
2186 1873 2288 1951 27
2337 1872 2553 1976 maii,
2595 1870 3078 1980 privilegium
3095 1930 3120 1977 ,
3168 1895 3325 1979 quo
3359 1869 3646 1952 eisdem
3696 1869 3804 1950 li-

981 2004 1309 2087 bertates
1353 2013 1429 2086 et
1471 2003 1731 2086 omnia
1768 2003 1948 2111 jura
1983 2002 2082 2085 ab
2118 2002 2442 2085 Henrico
2486 2003 2552 2084 V
2596 2028 2954 2086 concessa
3008 2010 3467 2086 renovantur
3510 2014 3586 2084 et
3629 2026 3806 2084 am-

979 2136 1345 2245 pliantur,
1386 2145 1699 2220 renovat
1731 2137 1984 2219 denuo
2018 2145 2093 2218 et
2135 2135 2562 2218 confirmat.

1146 2347 1328 2425 (Edit.
1362 2364 1459 2425 ap.
1488 2347 1749 2408 Monam.
1782 2348 1939 2408 Boio.
1960 2392 1979 2422 ,
2009 2354 2155 2409 tom.
2186 2348 2359 2409 XXX
2381 2391 2397 2420 ,
2423 2365 2561 2425 pars
2596 2358 2672 2423 1⁸,
2703 2366 2766 2426 p.
2800 2358 2947 2423 230,
2976 2358 3041 2408 n‘
3068 2356 3219 2421 728,
3251 2364 3328 2408 ex
3353 2348 3570 2424 origin.
3599 2349 3663 2406 in
3696 2364 3804 2407 ar-

1220 2455 1395 2515 chivo
1430 2455 1712 2530 Sptrensi.
1737 2488 1820 2498 —
1843 2454 2224 2532 Privilegium
2258 2460 2456 2515 autem
2495 2456 2778 2516 friderici
2804 2456 2835 2514 1
2869 2460 3037 2515 extat
3073 2454 3232 2530 apud
3266 2453 3573 2514 me
3589 2497 3608 2527 ,
3648 2455 3804 2514 Tor.-

1216 2578 1370 2640 mzn,
1416 2561 1653 2635 Lumo,
1703 2560 1971 2621 Dtmom·
2006 2566 2065 2620 et
2108 2558 2428 2635 Gnaeum,
2457 2568 2517 2621 et
2557 2563 2619 2621 in
2654 2560 2922 2621 Monam.
2958 2561 3152 2634 Boia,
3184 2567 3227 2621 t.
3263 2560 3495 2633 XXXI,
3541 2576 3678 2637 pars
3726 2569 3804 2634 1⁸,

1219 2684 1282 2744 p.
1314 2665 1479 2744 419.)

1080 2854 1156 2923 ln
1186 2852 1464 2924 nomine
1494 2861 1729 2924 sancte
1750 2860 1821 2923 et
1856 2850 2218 2924 individue
2245 2851 2617 2925 Trinitatis.
2653 2852 3018 2924 Heinricus
3046 2852 3378 2947 septimus
3421 2851 3662 2926 divina
3701 2853 3800 2923 fa-

983 2985 1192 3047 vente
1244 2974 1604 3046 clementia
1636 2975 2100 3046 Romanorum
2133 2997 2260 3047 rex
2299 2986 2367 3047 et
2390 2997 2663 3070 semper
2702 2986 3062 3070 augustus,
3106 2976 3407 3069 Dignum
3446 2996 3802 3049 censemus

985 3108 1055 3171 et
1086 3107 1619 3169 consentaneum
1656 3097 1901 3169 rationi
1938 3108 2013 3168 ut
2047 3099 2149 3169 eis
2176 3099 2298 3191 qui
2337 3097 2476 3172 fide
2509 3121 2592 3171 ac
2615 3098 2983 3173 devotione
3008 3121 3134 3195 pre
3160 3099 3314 3171 aliis
3338 3121 3415 3172 se
3450 3099 3545 3171 ad
3574 3107 3802 3171 nostra

985 3220 1417 3315 beneplacita
1450 3219 1787 3292 exhibent
1822 3222 2304 3316 promptioreS,
2361 3223 2434 3293 in
2470 3223 3032 3296 renovationibus
3075 3224 3592 3320 privilegiorum
3637 3242 3800 3295 suo-

986 3368 1177 3435 rum,
1220 3353 1290 3416 et
1317 3345 1389 3414 in
1427 3344 1581 3415 aliis
1604 3345 1805 3437 justis
1843 3346 2164 3440 precibus
2198 3357 2268 3417 et
2300 3347 2660 3420 desideriis
2694 3348 3129 3439 eorumdem,
3171 3368 3294 3442 pre
3321 3348 3567 3419 ceteris
3597 3346 3803 3419 etiam

988 3471 1146 3565 plus
1181 3468 1533 3564 impendat
1557 3477 1788 3539 nostra
1827 3470 2155 3541 serenitas
2181 3471 2412 3564 gracie
2451 3480 2520 3544 et
2564 3471 2862 3545 honoriS.
2898 3471 3230 3544 Noverint
3261 3471 3467 3565 igitur
3496 3469 3802 3542 universi

990 3604 1342 3689 presentes
1368 3615 1450 3664 ac
1477 3592 1730 3687 posteri
1758 3591 1949 3685 quod
1982 3593 2210 3665 dilecti
2250 3593 2488 3667 fideles
2507 3596 2719 3667 nostri
2749 3595 2940 3670 cives
2969 3595 3322 3690 Spirenses
3353 3595 3554 3666 nobis
3578 3592 3803 3664 humi-

991 3717 1146 3792 liter
1193 3718 1669 3813 supplicarunt
1718 3725 1793 3787 ut
1829 3717 2274 3810 dignaremur
2315 3720 2717 3792 auctoritate
2753 3720 2946 3813 regia
2986 3739 3316 3790 renovare
3359 3717 3804 3813 privilegium

991 3841 1233 3938 proavi
1272 3841 1485 3914 nostri
1528 3842 1642 3936 pie
1679 3842 2004 3913 memorie
2045 3840 2371 3915 Friderici
2420 3842 2773 3936 quondam
2819 3844 3278 3915 Romanorum
3332 3840 3797 3936 imperatoris;

985 3969 1184 4060 cujus
1220 3977 1413 4039 tenor
1442 3966 1594 4039 talis
1627 3976 1731 4038 est
1773 3991 1793 4037 ε

1090 4091 1168 4160 ln
1201 4091 1479 4162 nomine
1510 4099 1744 4161 sancte
1774 4100 1841 4161 et
1866 4089 2234 4162 individue
2267 4090 2636 4162 Trinitatis.
2672 4088 3061 4163 Fridericus
3097 4090 3334 4162 divina
3367 4090 3638 4160 favente
3670 4087 3804 4159 cle·

993 4214 1249 4283 mentia
1298 4213 1759 4285 Romanorum
1810 4213 2176 4307 imperator
2231 4223 2592 4306 augustus.
2654 4213 2973 4306 Majestas
3028 4214 3397 4307 imperialis
3459 4211 3678 4303 exigit
3737 4219 3809 4282 et

994 4334 1360 4408 auctoritas
1397 4344 1495 4424 ut,
1537 4335 1715 4406 sicut
1744 4357 1871 4407 sua
1924 4337 2101 4409 facta
2144 4346 2291 4410 rata
2317 4348 2387 4409 et
2417 4339 2823 4411 inconvulsa
2852 4359 3251 4434 permanere
3285 4336 3674 4422 desiderat,
3714 4335 3806 4405 ita

997 4478 1282 4530 suorum
1333 4467 1836 4530 antecessorum
1898 4470 2088 4550 gesta
2150 4472 2219 4532 et
2278 4461 2638 4556 privilegia
2692 4462 2913 4534 modis
2971 4461 3291 4535 omnibus
3334 4458 3689 4531 confirmet
3738 4465 3807 4528 et

993 4581 1401 4676 scriptorum
1430 4582 1810 4653 munimine
1838 4583 2253 4654 corroboret.
2298 4583 2465 4656 Inde
2496 4595 2600 4659 est
2632 4586 2822 4678 quod
2865 4607 2991 4657 nos
3018 4584 3453 4682 privilegium
3486 4590 3803 4655 anteces-
