4500 5956
1534 692 1787 752 INDEX
1836 691 2535 754 DOCUMENTORUM.
3326 688 3448 750 995

652 888 870 965 1253

1470 1013 1811 1075 advocatiae
1837 1017 1902 1075 in
1930 1016 2226 1077 Gebsattel
2262 1017 2670 1094 resignavisse,
2710 1022 2772 1077 et
2796 1030 2860 1076 se
2892 1018 3097 1090 postea
3134 1014 3451 1073 conventui

1469 1110 1546 1171 de
1572 1111 1866 1189 Kamberg
1893 1112 2253 1190 (Comburg)
2283 1113 2548 1173 eamdem
2577 1111 3022 1172 contradidisse.
3331 1117 3446 1169 614

628 1214 701 1268 26
721 1208 892 1284 lunii.
1053 1202 1234 1278 Apud
1392 1238 1474 1251 -
1507 1206 1778 1283 capitulo
1805 1208 2160 1269 Goslariensi
2196 1209 2565 1269 advocatiam
2601 1209 2668 1266 in
2690 1206 2837 1284 Egla
2875 1211 2935 1265 et
2965 1204 3118 1264 duas
3150 1203 3297 1262 alias
3340 1202 3448 1262 ad-

953 1298 1335 1376 Nuremberg.
1473 1304 1735 1363 vocatias
1760 1320 1909 1381 quas
1942 1321 1980 1364 a
2014 1307 2229 1364 comite
2268 1304 2583 1364 Ascbariae
2617 1302 2775 1362 idem
2815 1301 3138 1377 capitulum
3177 1299 3447 1370 redemit,

1472 1399 1656 1460 donat
1681 1416 1818 1460 cum
1843 1403 2007 1461 omni
2027 1404 2164 1479 jure
2190 1407 2252 1462 et
2276 1401 2472 1461 banno
2496 1406 2776 1476 perpetuo
2802 1398 3200 1476 possidendas.
3332 1403 3446 1455 615

630 1499 702 1552 26
737 1494 895 1571 julii.
1059 1489 1239 1567 Apud
1396 1525 1475 1541 —
1511 1494 1611 1555 Ad
1648 1498 2040 1558 imitationem
2077 1499 2262 1573 patris
2307 1499 2402 1558 sui
2441 1496 2721 1557 Friderici
2758 1496 3121 1571 imperatoris
3140 1536 3159 1566 ‚
3199 1492 3452 1552 Heurico

950 1585 1347 1662 Moguntiam.
1473 1593 1895 1654 wormatiensi
1927 1596 2197 1671 episcopo
2231 1600 2293 1654 et
2330 1594 2605 1654 ecclesiae
2640 1595 2770 1669 ejus
2805 1592 3008 1651 villam
3046 1590 3450 1651 Neckerauwe

1472 1689 1798 1763 contradit,
1842 1707 1880 1750 a
1917 1707 2039 1767 qua
2080 1707 2187 1767 per
2229 1691 2441 1751 ducem
2473 1690 2774 1750 Bawariae
2813 1688 3134 1764 palatinum
3176 1687 3449 1746 comitem

1474 1785 1666 1845 Rheni
1693 1785 1976 1846 violenter
2001 1786 2193 1846 fuerat
2217 1789 2461 1863 ejectus.
3335 1789 3448 1840 617

634 1886 703 1937 28
741 1878 893 1955 julii.
1065 1873 1243 1948 Apud
1401 1910 1476 1924 —
1517 1880 1734 1940 Domui
1760 1881 2011 1942 Sanctae
2027 1882 2255 1942 Mariae
2276 1882 2775 1942 ‘theutonicorum
2799 1878 2958 1954 apud
2972 1875 3291 1938 Frankfort
3310 1892 3452 1936 con-

946 1968 1348 2030 Fraukinfort.
1476 1975 1590 2035 fort
1615 1976 1858 2037 rubeam
1886 1978 2161 2054 paludem
2198 1980 2371 2037 sitam
2410 1980 2563 2037 inter
2596 1976 3048 2052 Wrowinvegin
3089 1979 3152 2033 et
3187 1972 3455 2033 villulam

1474 2070 1693 2132 Bodin-
3337 2078 3452 2131 618

660 2175 711 2225 1⁰
734 2176 883 2245 sept.
996 2165 1069 2223 In
1099 2164 1304 2223 castris
1395 2199 1476 2209 —
1514 2165 1814 2245 Rudigero
1839 2167 2176 2228 Pataviensi
2211 2169 2482 2245 episeopo
2514 2166 2758 2227 mandat
2794 2172 2864 2227 ut
2890 2164 3360 2243 jurisdictionem
3392 2165 3455 2224 in

959 2257 1335 2334 Ratisponae.
1478 2264 1730 2323 comitiis
1773 2265 1957 2340 ipsius
2011 2270 2072 2324 et
2113 2266 2392 2325 ecclesiae
2432 2268 2561 2341 ejus
2600 2269 2899 2335 exerceat,
2929 2279 3050 2322 non
3083 2260 3456 2321 obstantibus

1478 2362 1688 2421 litteris
1727 2378 1880 2439 quae
1920 2379 2234 2439 suppresso
2271 2362 2485 2422 barum
2510 2368 2710 2421 tenore
2748 2378 2786 2421 a
2826 2376 2961 2438 rege
3006 2359 3228 2420 fuerint
3269 2362 3454 2435 impe-

1477 2462 1687 2517 tratae.
3343 2466 3458 2517 620

656 2558 711 2609 1·
733 2558 884 2628 sept.
1013 2548 1084 2607 In
1112 2549 1317 2608 castris
1400 2586 1482 2597 —
1522 2552 1620 2612 Ad
1664 2568 1863 2630 preces
1905 2553 2227 2615 Hei-manni
2279 2555 2354 2614 de
2390 2552 2767 2630 Lobdeburg,
2793 2553 3101 2630 religiosae
3139 2552 3343 2613 domui
3383 2553 3459 2614 de

964 2644 1342 2720 Ratisponac.
1482 2647 1811 2725 Hugcstorf
1841 2656 2084 2709 centum
2126 2657 2186 2711 et
2212 2652 2643 2727 quinquaginta
2670 2651 2882 2726 jugera
2919 2649 2980 2706 in
3019 2654 3219 2708 monte
3254 2649 3461 2709 Nobus

1483 2746 1739 2815 contem
1771 2763 1925 2823 quae
1948 2748 2192 2825 quidem
2216 2748 2502 2808 hactenus
2526 2746 2602 2806 ab
2629 2747 2872 2823 imperio
2898 2745 3056 2805 idem
3086 2745 3461 2807 Hei-mannus

1482 2844 1545 2902 in
1570 2842 1819 2904 feudum
1844 2844 2103 2904 tenebat.
2854 2848 2877 2869 ‘
3341 2851 3452 2902 621

662 2944 696 2996 2
724 2944 875 3018 sept.
966 2936 1344 3013 Ratispouac.
1402 2969 1484 2983 -
1523 2937 1985 2999 conventionem
2020 2941 2175 2999 inter
2198 2937 2601 3017 Hildegardim
2637 2936 2995 2998 abbatissam
3021 2938 3357 2997 monasterii
3384 2937 3461 2998 de

1481 3034 1962 3095 Niedermunster
1995 3038 2059 3095 in
2096 3036 2418 3112 Ratispona
2458 3041 2519 3095 et
2549 3037 2823 3096 comitem
2867 3033 3188 3094 Henricum
3228 3034 3304 3093 de
3344 3034 3458 3096 Or-

1482 3131 1737 3209 teuburg
1766 3134 1974 3192 initam
1999 3131 2315 3193 confirmat
2328 3174 2346 3205 ,
2377 3149 2554 3208 super
2585 3131 2969 3194 translatione
3010 3129 3320 3207 cujusdam
3347 3132 3462 3190 mi-

1481 3228 1792 3290 nisterialis
1816 3228 2085 3306 ejusdem
2114 3231 2477 3289 monasterii.
3342 3235 3453 3287 621

650 3331 711 3383 19
752 3333 904 3403 sept.
1068 3328 1247 3406 Apud
1407 3355 1485 3369 -
1524 3325 1621 3384 Ad
1645 3327 1991 3386 instantiam
2018 3325 2258 3385 Henrici
2284 3327 2527 3402 majoris
2552 3324 2659 3383 filii
2688 3324 2859 3383 ducis
2882 3322 3318 3401 Lotharinglae,
3347 3323 3460 3384 ho-

973 3427 1346 3505 Nurimberg.
1485 3425 1673 3484 mines
1726 3424 1802 3484 de
1844 3441 2002 3485 nova
2038 3426 2277 3484 civitate
2317 3424 2479 3501 apud
2517 3423 2740 3484 Silvam
2781 3421 3206 3500 (Bois—leDuc)
3248 3438 3286 3482 a
3329 3424 3460 3484 the-

1484 3521 1672 3580 loneis
1699 3537 1851 3598 quac
1875 3524 1940 3581 in
1969 3520 2175 3581 Rbeno
2205 3521 2284 3581 ad
2311 3537 2527 3582 manus
2564 3520 2766 3594 babet,
2791 3521 2856 3578 in
2893 3525 3241 3596 perpetuum
3267 3519 3467 3581 absol-

1481 3618 1595 3678 vit.
3348 3627 3462 3678 622

644 3717 711 3771 2ο
758 3719 905 3790 sept.
1065 3717 1244 3794 Apud
1405 3745 1484 3759 —
1523 3713 1845 3791 Burgravio
1879 3715 1955 3774 de
1993 3714 2217 3775 Werda
2252 3721 2312 3775 et
2357 3714 2587 3791 imperii
2612 3711 2883 3773 fidelibus
2914 3712 3180 3773 notificat
3205 3729 3269 3774 se
3299 3715 3461 3775 Hen-

963 3814 1351 3893 Nuremberg.
1485 3811 1609 3869 rico
1635 3811 1847 3886 majori
1875 3809 2001 3869 filio
2028 3810 2196 3871 ducis
2221 3810 2638 3887 Lotharingiae
2665 3810 2978 3884 deputasse
2995 3809 3276 3870 ducentas
3302 3827 3459 3872 mar·

1485 3921 1585 3964 cas
1621 3905 1979 3966 colonienses
1993 3952 2011 3985 ,
2045 3905 2203 3982 apud
2242 3906 2579 3966 theloneum
2604 3921 2778 3964 suum
2805 3906 2868 3964 in
2894 3905 3122 3964 Werda
3154 3911 3462 3969 annuatim

1482 4002 1904 4078 percipiendas.
3344 4014 3459 4067 623

659 4106 724 4157 19
745 4116 887 4160 nov.
963 4093 1351 4156 Wormatiae.
1405 4132 1486 4144 -
1528 4097 1751 4159 Notum
1785 4098 1928 4160 facit
1966 4116 2028 4160 se
2073 4098 2340 4160 Conrado
2381 4099 2454 4160 dc
2484 4099 2886 4178 Clingeuburg
2928 4106 2988 4159 et
3025 4100 3341 4163 Ludewico
3384 4103 3461 4164 de

1490 4194 1729 4271 Schipfe
1753 4212 1929 4272 super
1959 4196 2246 4273 quasdam
2284 4198 2477 4255 curias
2503 4197 2847 4256 monasterii
2870 4196 2944 4256 de
2969 4194 3283 4258 Brunbach
3319 4202 3459 4259 sim-

666 4297 882 4429 1254:
1484 4293 2142 4468 pliccmldefcysznem,
2163 4311 2281 4354 non
2308 4311 2450 4450 xgr?
2473 4294 2842 4451 agvocattffsm
2869 4298 3246 4452 commuizisse,
3272 4316 3460 4454 queum

1508 4405 1918 4465 pscsouseu
1995 4406 2320 4451 emmonas
2380 4406 2512 4449 ria
2555 4406 2701 4450 voca
2822 4407 3015 4452 essev
3119 4434 3137 4451 .
3381 4404 3456 4454 24

664 4488 733 4540 25
756 4486 885 4560 jan.
1066 4481 1244 4559 Apud
1405 4518 1487 4530 —
1526 4489 1866 4546 nonasterii
1903 4489 1968 4546 in
1992 4488 2374 4566 Wcingarten
2410 4490 2800 4563 possessiones
2835 4493 2894 4547 ct
2927 4491 3068 4564 jura
3093 4492 3293 4551 omnia
3315 4508 3461 4552 con-

979 4579 1320 4657 Hagenowe
1486 4580 1716 4654 firmat3
1743 4582 2011 4643 decernit
2032 4584 2179 4660 quid
2205 4586 2270 4643 in
2298 4587 2436 4661 jure
2469 4582 2830 4643 censualium
2858 4586 2987 4644 sive
3018 4589 3460 4649 morticinorum

1486 4678 1677 4738 eidem
1712 4680 1992 4739 ecclesiae
2017 4680 2221 4741 cedere
2245 4682 2488 4753 debeat3
2515 4683 2618 4757 jus
2657 4681 2834 4741 simul
2867 4686 3205 4743 monasterii
3240 4685 3314 4746 de
3352 4702 3460 4745 no-

1487 4777 1718 4838 valibus
1742 4781 1805 4838 in
1834 4781 2003 4858 sylva
2031 4781 2350 4842 Altorfensi
2377 4782 2627 4842 excultis
2649 4780 2885 4855 diffluit,
2909 4789 3025 4844 etc.
3347 4795 3461 4846 625
