4500 5956
934 699 2022 889 HENRICI
2156 700 3208 891 SEPTIMI

1681 1060 2177 1120 ROMANORUH
2220 1062 2447 1120 REGIS

1120 1307 1853 1426 HISTORIA
1938 1308 3019 1431 DIPLOMATICA.

1330 1856 1564 1930 ΤΟΜῙ
1620 1852 1979 1941 QUARTI
2038 1852 2279 1928 PARS
2336 1855 2808 1930 SECUNDA.

1469 2188 1692 2251 Ammo
1735 2188 1932 2250 12:312
1967 2221 2048 2237 —
2089 2189 2571 2253 INDICTIONE
2620 2193 2682 2255 5.

773 2642 1137 2728 Henricus
1152 2702 1177 2749 ,
1213 2642 1738 2726 Romanorum
1774 2666 1907 2724 rex
1931 2702 1956 2749 ,
1996 2640 2427 2750 praeposito
2461 2650 2537 2723 et
2569 2640 2971 2724 conventui
3006 2640 3105 2724 de
3137 2640 3487 2725 Denken-

660 2778 845 2862 dors
870 2775 1406 2887 proprietatem
1446 2775 1675 2858 unius
1709 2773 2034 2883 patellae
2087 2772 2268 2856 salis
2321 2774 2401 2854 in
2455 2773 2752 2857 civitate
2804 2799 2945 2857 sua
2980 2772 3219 2858 Hallis
3253 2773 3488 2859 libere

662 2913 1069 2998 tenendam
1105 2919 1181 2994 et
1215 2916 1578 3019 perpetuo
1612 2906 2153 3018 possidendam
2188 2906 2508 2992 confert.

828 3127 1007 3207 (Edit.
1026 3142 1126 3204 ap.
1156 3126 1441 3197 Bssotn„
1471 3123 1710 3185 Ducum.
1740 3118 1919 3185 radio.
1947 3127 2198 3186 monast.
2242 3119 2561 3200 Wirtemb„
2585 3127 2635 3186 t.
2655 3124 2717 3197 1,
2746 3140 2806 3202 p.
2835 3121 3002 3203 465.)

760 3311 1124 3388 Heinricus
1153 3311 1486 3407 septimus
1516 3309 1761 3385 divina
1809 3310 2084 3384 favente
2136 3309 2497 3383 clementia
2532 3310 2991 3384 Romanorum
3044 3332 3174 3386 rex
3216 3327 3491 3408 semper

663 3446 1036 3533 augustus,
1093 3435 1437 3509 universis
1477 3433 1750 3530 imperii
1799 3431 2124 3507 fidelibus
2167 3433 2425 3528 quibus
2469 3433 2600 3507 hee
2650 3434 2875 3510 littere
2916 3434 3174 3510 fuerint
3215 3445 3490 3511 ostense

662 3561 954 3656 gratiam
988 3580 1190 3634 suam
1229 3569 1302 3631 et
1328 3578 1533 3632 omne
1567 3557 1856 3630 bonum.
1895 3556 2239 3643 Quoniam
2268 3560 2685 3655 sempiterna
2718 3557 2923 3633 sedes
2960 3561 3032 3632 in
3066 3559 3191 3633 Dei
3239 3561 3492 3656 palatio

665 3694 1053 3760 constructa
1087 3695 1195 3758 est
1228 3682 1603 3778 temporale
1627 3681 1891 3754 bonum
1917 3681 2412 3757 famulantibus
2436 3685 2580 3757 Deo
2611 3692 2681 3756 et
2702 3684 3126 3779 pauperibus
3151 3685 3484 3779 eroganti,

663 3806 860 3903 quod
879 3805 1167 3903 quidem
1194 3806 1312 3902 pia
1333 3803 1795 3879 sollicitudine
1820 3804 2186 3879 salubriter
2214 3805 2654 3880 advertentes
2671 3861 2689 3894 ,
2724 3805 3258 3901 significandum
3280 3806 3490 3881 duxi·

660 3952 822 4004 mus
846 3930 1190 4003 universis
1219 3949 1397 4024 quos
1424 3948 1553 4000 nos
1577 3926 1666 4001 de
1691 3928 2004 4001 consulta
2037 3927 2533 4003 deliberatione
2556 3941 2626 4001 et
2649 3950 2745 4002 ex
2771 3927 3146 4002 deliberato
3172 3928 3483 4019 consilio,

666 4054 940 4131 dilectis
960 4051 1286 4127 fidelibus
1316 4051 1565 4125 nostris
1602 4052 1948 4148 preposito
1979 4061 2050 4126 et
2084 4052 2455 4127 conventui
2484 4051 2576 4126 de
2599 4050 3088 4126 Denckendorf
3106 4053 3179 4124 in
3213 4052 3492 4128 civitate

660 4188 897 4253 nostra
928 4177 1142 4251 Hallis
1179 4176 1661 4273 proprietatem
1693 4177 1903 4248 unius
1935 4175 2188 4272 patelle
2218 4174 2383 4249 salis
2416 4175 2832 4250 contulimus
2866 4176 3084 4250 libere
3117 4177 3488 4251 tenendam

664 4313 733 4378 et
768 4311 1106 4399 perpetuo
1135 4299 1651 4397 possidendam.
1703 4297 2131 4392 Adjicientes
2175 4298 2266 4373 de
2312 4297 2777 4375 munificentia
2810 4310 3042 4375 nostra
3068 4311 3148 4374 ut
3177 4300 3491 4397 predicta

662 4429 851 4501 bona
868 4426 942 4498 in
972 4434 1323 4522 posterum
1350 4423 1748 4521 possideant
1772 4422 2037 4518 absque
2062 4423 2249 4497 omni
2281 4423 2671 4513 exactione,
2700 4424 3010 4520 precaria
3042 4425 3154 4498 vel
3175 4424 3482 4498 collecta.

663 4550 1043 4624 Statuimus
1070 4548 1283 4641 igitur
1303 4557 1373 4621 et
1393 4547 1528 4621 sub
1556 4547 2107 4620 interminatione
2136 4546 2357 4641 gratie
2377 4555 2609 4621 nostre
2635 4545 2942 4621 districte
2968 4547 3386 4643 precipimus
3413 4559 3489 4620 ut

664 4675 856 4748 nulla
892 4697 1199 4771 unquam
1223 4694 1512 4770 persona
1549 4671 1831 4745 humilis
1868 4671 1980 4743 vel
2017 4671 2152 4744 alta
2171 4724 2191 4761 ‚
2232 4671 2694 4745 ecclesiastica
2735 4672 2848 4745 vel
2900 4670 3232 4745 secularis
3248 4729 3264 4758 ,
3317 4694 3489 4768 pre-

667 4793 927 4870 dictam
947 4797 1304 4872 ecclesiam
1339 4797 1412 4869 in
1442 4795 1643 4870 bonis
1679 4793 2028 4892 prelibatis
2055 4792 2313 4868 audeat
2340 4795 2700 4869 molestare
2727 4795 2839 4868 vel
2868 4795 2959 4867 ab
2997 4794 3162 4891 ipsis
3185 4795 3485 4889 aliquam

3635 2662 3785 2706 112111·
3797 2692 3811 2714 .

3592 2718 3639 2760 1·
3656 2717 3862 2761 octobris.
