4500 5956
978 554 1100 615 574
2013 552 2357 612 HENRICI
2410 550 2744 613 SEPTml
3419 546 3579 631 [Arm.
3618 547 3790 608 1232.

982 688 1341 763 exactione
1372 694 1443 759 et
1484 686 1804 779 servitio,
1858 685 2171 760 redditus
2206 687 2278 758 in
2310 695 2720 783 perpetuum
2755 683 3108 781 possideat
3151 683 3554 778 resignatos.
3591 682 3794 768 Quod

982 813 1040 884 si
1078 833 1404 907 processu
1428 810 1757 905 temporis
1784 810 2075 905 predicti
2121 812 2358 883 fratres
2381 809 2713 902 jamdicta
2745 809 2932 883 bona
2981 806 3289 881 vendere
3326 829 3454 880 seu
3496 807 3798 880 cambire

985 936 1057 1007 in
1091 957 1261 1007 usus
1290 956 1451 1007 suos
1483 934 1859 1026 voluerint,
1913 956 2073 1006 cum
2114 935 2471 1007 voluntate
2511 936 2797 1007 fratrum
2828 930 3159 1029 sepedicti
3184 931 3650 1005 Reimbotonis
3683 933 3797 1005 vel

983 1079 1454 1131 successorum
1505 1080 1788 1131 suorum
1829 1058 1962 1131 hoc
2003 1057 2163 1150 fiat3
2214 1059 2312 1131 ita
2360 1058 2720 1133 dumtaxat
2775 1066 2856 1130 ut
2910 1058 3102 1129 nulla
3144 1056 3417 1129 exactio
3461 1054 3670 1149 hujus
3696 1057 3797 1129 rei

987 1204 1193 1255 causa
1228 1205 1271 1256 a
1301 1182 1692 1255 memoratis
1724 1183 2047 1255 fratribus
2075 1182 2165 1255 ab
2197 1184 2431 1277 aliquo
2466 1183 2810 1278 exigatur.
2861 1181 3068 1255 Porro
3103 1181 3164 1253 si
3202 1200 3634 1253 successores
3673 1202 3798 1252 seu

989 1304 1224 1377 fratres
1264 1305 1592 1401 sepedicti
1626 1307 1708 1378 R.
1750 1305 1993 1380 eadem
2036 1306 2220 1379 bona
2254 1306 2565 1399 quolibet
2598 1305 2808 1379 modo
2837 1325 3070 1378 emere
3099 1304 3475 1394 voluerint,
3507 1304 3797 1399 primam

986 1428 1385 1501 electionem
1408 1430 1621 1503 libere
1645 1429 1948 1502 habeant
1976 1428 2033 1525 (⁴
2053 1432 2102 1521 ).
2133 1430 2220 1501 Et
2250 1450 2339 1501 ne
2370 1429 2728 1502 temeraria
2759 1428 3268 1523 presumptione
3291 1428 3473 1500 hanc
3502 1429 3800 1523 solemp-

986 1573 1145 1623 nem
1180 1551 1622 1625 donationem
1643 1553 1801 1647 quis
1826 1552 2194 1646 infringere
2219 1560 2606 1647 presumat,
2641 1551 2853 1647 sigilli
2879 1552 3092 1625 nostri
3115 1551 3565 1646 impressione
3597 1552 3799 1626 robo-

980 1696 1134 1749 rare
1172 1672 1628 1747 decrevimus.

1084 1799 1307 1889 HuJus
1356 1798 1456 1870 rei
1504 1807 1710 1870 testes
1744 1806 1951 1870 sunt:
1987 1797 2286 1871 domnus
2320 1797 2538 1871 abbas
2580 1797 2670 1871 de
2696 1795 3194 1889 Walderbach,
3254 1850 3274 1867 .
3337 1850 3355 1868 .
3418 1849 3436 1867 .
3499 1850 3519 1867 .
3573 1817 3803 1869 comes

988 1922 1078 1996 de
1126 1922 1477 1995 Stalberch
1528 1918 1657 2019 (a),
1713 1942 1942 1995 comes
1992 1920 2382 1995 Fridericus
2446 1922 2536 1995 de
2591 1922 2949 1995 Bichenlin
3013 1919 3148 2016 (b),
3211 1918 3356 1993 duo
3415 1921 3653 1993 fratres
3714 1920 3803 1993 de

990 2046 1422 2141 Sparnberch
1456 2044 1804 2119 Arnoldus
1828 2054 1896 2118 et
1932 2045 2366 2139 RudegeruS,
2409 2047 2843 2119 Harmannus
2872 2045 2964 2117 de
2996 2043 3446 2137 Salenberch,
3495 2043 3805 2117 Theode-

987 2170 1173 2241 ricus
1226 2169 1641 2242 camerarius
1691 2168 1781 2242 de
1844 2169 2246 2263 Mulhusen,
2307 2170 2669 2242 Heinricus
2713 2169 2805 2242 de
2859 2167 3319 2261 Hebenstein,
3378 2168 3649 2241 Ulricus
3713 2166 3804 2240 de

985 2294 1381 2384 Tullestete,
1422 2292 1564 2365 duo
1599 2293 1898 2366 Nothafti
1930 2295 2169 2366 fratres
2194 2291 2522 2366 Albertus
2552 2302 2622 2366 et
2649 2292 3043 2385 Heinricus,
3085 2300 3155 2365 et
3189 2291 3305 2362 alii
3326 2292 3797 2387 quamplures.

1080 2417 1331 2488 Datum
1357 2416 1547 2512 apud
1570 2418 1848 2511 Egmm,
1882 2439 2063 2490 anno
2091 2416 2579 2492 incarnationis
2603 2415 2875 2489 Domini
2900 2416 2995 2490 M.
3028 2415 3151 2489 CC.
3182 2416 3460 2509 XXXII,
3489 2415 3807 2490 kalendis

980 2540 1168 2633 julii,
1213 2538 1585 2614 indictione
1609 2542 1694 2615 V.

627 3139 903 3248 nQssssssm
1095 3116 1463 3232 Henricus
1502 3179 1525 3224 ‚
1610 3117 2130 3201 Romanorum
2200 3144 2334 3200 rex
2366 3181 2389 3226 ,
2467 3121 3016 3204 monasterium
3086 3122 3184 3204 de
3250 3121 3476 3204 Porta
3548 3119 3753 3205 Coeli
3779 3181 3804 3227 ‚

663 3251 720 3293 ³⁰
743 3248 863 3303 ³⁹¹³·
992 3251 1382 3359 quondam
1421 3248 1922 3332 Teunenbach
1965 3259 2357 3357 vocatum,
2415 3277 2591 3333 cum
2645 3253 3002 3336 omnibus
3054 3255 3451 3364 mancipiis
3500 3263 3575 3337 et
3607 3279 3807 3363 pos-

997 3380 1458 3465 sessionibus
1528 3381 1692 3490 ejus
1765 3380 1910 3464 sub
1983 3409 2122 3465 sua
2192 3383 2650 3492 protectione
2711 3385 3020 3494 recipit,
3098 3386 3320 3494 eique
3391 3386 3811 3496 specialiter

996 3515 1391 3625 praedium
1426 3515 1507 3595 in
1543 3515 2007 3625 Mundingen
2053 3515 2479 3599 confirmat.

1158 3731 1361 3811 (Edld.
1404 3729 1687 3805 Mnus,
1718 3729 1962 3792 Ameria
1993 3747 2187 3804 sacra,
2217 3747 2357 3809 pars
2385 3732 2460 3806 1⁸,
2497 3727 2750 3811 Diplom.
2780 3728 3058 3814 Beylaqe,
3085 3750 3148 3811 p.
3179 3731 3345 3813 803.)

1100 3921 1176 3991 In
1212 3921 1486 3993 nomine
1515 3928 1749 3992 sancte
1784 3927 1854 3992 et
1889 3919 2255 3995 individue
2286 3920 2654 3993 Trinitatis.
2691 3918 3025 3994 Henricus
3060 3919 3206 4013 Vll,
3247 3921 3371 3995 Dei
3416 3922 3634 4016 gratia
3669 3924 3811 3996 Ro—

1005 4064 1365 4114 manorum
1387 4066 1515 4114 rex
1551 4052 1619 4115 et
1645 4066 1916 4139 semper
1939 4054 2304 4139 augustus.
2337 4045 2418 4116 In
2446 4053 2814 4139 conspectu
2839 4043 3076 4118 divine
3092 4045 3460 4138 majestatis
3488 4044 3579 4119 de
3610 4068 3693 4118 cu
3693 4046 3812 4137 jus

1087 4220 1168 4291 (a)
1211 4216 1367 4278 Alibi
1388 4233 1528 4278 vero
1554 4216 1624 4276 de
1650 4216 1964 4282 Stolberclz.

1088 4320 1167 4402 (b)
1212 4323 1442 4385 Sellicet
1465 4321 1535 4381 de
1560 4322 1937 4405 Beichlinqen.

1076 4561 1148 4636 (Ι)
1187 4563 1244 4618 Id
1273 4569 1357 4620 est
1381 4561 1684 4635 exemplum
1718 4562 1879 4636 hujus
1899 4561 2037 4634 juris
2074 4561 2201 4618 dicti
2222 4561 2596 4636 protimeseos,
2628 4562 2698 4621 ad
2726 4563 2879 4638 cujus
2909 4565 3147 4640 regulam
3175 4567 3598 4626 constitutionem
3627 4567 3813 4625 Fride-

1005 4660 1258 4718 ricianam
1283 4673 1445 4733 supra
1471 4658 1755 4731 edidimus,
1786 4676 1842 4733 p.
1873 4662 1979 4717 229
2006 4663 2062 4716 et
2091 4674 2245 4733 seqq.
