4500 5956
1233 625 1356 688 788
2236 618 2666 683 rmnsslucl
2712 619 3055 682 SECUNDI
3683 622 3846 704 [An.
3882 625 4057 690 1235.

1237 760 1505 834 Chuniz
1536 756 1635 855 (a)
1663 780 1823 831 cum
1869 756 2172 831 ecclesiis
2198 756 2275 828 in
2307 757 2527 828 Berne
2551 764 2620 828 et
2647 753 2722 827 in
2748 754 3208 830 Yverinsdorf
3236 754 3366 853 (b),
3401 756 3566 852 quia
3600 780 3790 833 nunc
3815 760 4060 834 eadem

1238 882 1527 957 ecclesia
1586 883 1660 953 in
1719 881 1981 953 Chuniz
2040 902 2199 953 cum
2259 878 2563 952 ecclesiis
2611 877 3025 974 supradictis
3087 875 3181 951 ad
3235 900 3484 951 manus
3536 889 3804 953 nostras
3855 881 4061 977 pleno

1224 1009 1386 1099 jure
1436 1004 1726 1078 dominii
1777 1004 2117 1100 pervenit,
2158 1002 2485 1075 ecclesias
2536 1001 2720 1096 ipsas
2762 999 2992 1076 eidem
3032 1001 3356 1096 magistro
3393 1009 3465 1075 et
3505 1001 3748 1077 domui
3798 1025 3924 1077 sue
3965 1005 4060 1080 de

1231 1149 1419 1202 novo
1480 1125 1860 1201 concedere
1912 1135 1981 1200 et
2032 1125 2437 1199 confirmare
2487 1122 2578 1196 de
2638 1132 2869 1196 nostra
2920 1123 3142 1217 gratia
3189 1134 3522 1220 perpetuo
3579 1124 4064 1219 dignaremur.'

1230 1252 1369 1324 Nos
1406 1251 1618 1345 igitur
1659 1248 2087 1323 attendentes
2123 1247 2333 1321 fidem
2384 1245 2803 1320 laudabilem
2843 1257 2912 1319 et
2958 1245 3399 1321 devotionem
3452 1248 3792 1322 sinceram
3834 1250 4056 1346 ipsius

1225 1374 1535 1469 magistri
1575 1384 1644 1447 et
1682 1375 1970 1446 fratrum
2023 1393 2311 1444 suorum
2370 1391 2639 1444 necnon
2689 1380 2761 1444 et
2812 1380 3007 1465 grata
3061 1370 3341 1444 servitia
3391 1392 3530 1466 que
3585 1382 3814 1445 nostre
3860 1374 4056 1445 celsi-

1228 1498 1454 1572 tudini
1528 1497 1790 1592 jugiter
1857 1494 2188 1569 exhibere
2266 1516 2405 1567 non
2461 1504 2765 1584 cessant,
2820 1495 2968 1567 suis
3017 1494 3639 1588 supplicationibus
3694 1496 4048 1584 inclinati,

1226 1620 1538 1716 predicte
1600 1619 1836 1692 domui
1893 1618 2291 1714 hospitalis,
2354 1616 2580 1690 eidem
2631 1617 2985 1711 magistro,
3037 1618 3361 1690 fratribus
3410 1627 3482 1690 et
3540 1621 4053 1694 successoribus

1226 1742 1631 1817 eorumdem
1683 1742 1772 1815 de
1827 1751 2059 1814 nostre
2109 1738 2578 1813 munificentie
2612 1741 2828 1834 gratia
2888 1739 3337 1813 concedimus
3393 1748 3465 1813 et
3511 1741 3582 1813 in
3641 1752 4047 1836 perpetuum

1225 1866 1713 1941 confirmamus
1762 1865 2231 1960 supradictam
2266 1863 2622 1937 ecclesiam
2654 1864 2729 1935 in
2774 1862 3034 1935 Chuniz
3074 1885 3235 1937 cum
3267 1863 3576 1937 ecclesiis
3617 1865 3690 1936 in
3724 1867 3943 1939 Beme
3981 1878 4051 1939 et

1222 1989 1686 2065 Yverinsdorf
1722 2011 1881 2063 cum
1936 1989 2261 2062 omnibus
2305 1988 2591 2082 justitiis
2637 1998 2708 2061 et
2757 1989 3140 2062 rationibus
3185 1988 3614 2063 earumdem.
3674 1991 4051 2065 Statuimus

1222 2115 1438 2210 igitur
1476 2120 1547 2186 et
1590 2112 1924 2209 imperiali
1967 2111 2194 2186 edicto
2226 2112 2299 2184 in
2326 2122 2736 2208 perpetuum
2763 2112 3065 2187 valituro
3095 2113 3446 2186 sancimus
3479 2123 3823 2208 quatenus
3858 2115 4049 2188 nulla

1222 2237 1549 2332 deinceps
1587 2256 1878 2333 persona
1914 2234 2198 2308 humilis
2242 2236 2358 2308 vel
2402 2235 2751 2325 sublimiS‚
2787 2235 3243 2308 ecclesiastica
3294 2235 3410 2308 vel
3448 2234 3839 2329 mundana,
3894 2260 4050 2334 pre-

1217 2362 1476 2436 dictam
1551 2360 1837 2433 domum
1914 2358 2270 2456 hospitalis
2349 2358 2598 2430 Sancte
2664 2357 2881 2432 Marie
2954 2358 3530 2432 'theutonicorum
3556 2412 3577 2451 ,
3642 2361 4046 2454 magistrum

1212 2484 1539 2559 eumdem
1557 2536 1579 2576 ‚
1631 2483 1872 2556 fratres
1917 2482 2029 2555 vel
2073 2503 2506 2556 successores
2552 2503 2794 2555 eorum
2850 2489 3087 2556 contra
3135 2490 3444 2556 tenorem
3492 2483 3830 2579 presentis
3879 2505 4046 2557 con-

1214 2607 1546 2683 cessionis
1585 2617 1654 2681 et
1702 2605 2240 2680 confirmationis
2287 2614 2518 2680 nostre
2567 2627 2777 2701 super
2833 2604 3140 2678 ecclesiis
3195 2605 3558 2680 antedictis
3608 2606 4047 2702 aliquatenus

1211 2734 1542 2827 impetere
1585 2728 1672 2825 (c)
1717 2751 1843 2804 seu
1890 2732 2253 2804 molestare
2299 2738 2680 2826 presumat.
2727 2728 2933 2814 Quod
2972 2729 3095 2824 qui
3135 2730 3627 2825 presumpserit
3668 2739 3896 2827 preter
3935 2732 4044 2804 in-

1213 2855 1686 2952 dignationem
1728 2856 1943 2929 nostri
1983 2854 2307 2928 culminis
2350 2875 2564 2949 quam
2619 2852 2992 2926 incurrisse
3043 2872 3119 2925 se
3168 2853 3479 2944 noverit,
3540 2852 4041 2948 quinquaginta

1211 2981 1425 3054 libras
1454 2981 1608 3053 auri
1640 3001 1763 3074 pro
1794 3001 1974 3075 pena
2005 2988 2398 3076 componat,
2434 2976 2801 3052 medietate
2840 2975 3008 3050 fisco
3047 2985 3281 3050 nostro
3319 2985 3390 3050 et
3419 2976 3631 3051 altera
3674 2976 4044 3052 medietate

1209 3103 1390 3198 parti
1433 3103 1574 3175 lese
1619 3103 1975 3176 solvenda.
2018 3099 2135 3175 Ad
2172 3102 2383 3196 hujus
2419 3102 2631 3194 igitur
2658 3101 2761 3198 (d)
2800 3110 3030 3175 nostre
3065 3100 3531 3174 concessionis
3574 3109 3644 3173 et
3674 3099 4040 3174 confirma·

1211 3225 1420 3298 tionis
1459 3224 1859 3300 memoriam
1897 3234 1966 3299 et
2004 3225 2223 3298 robur
2261 3234 2594 3322 perpetuo
2638 3226 3050 3317 valiturum,
3094 3244 3377 3320 presens
3409 3223 3856 3319 privilegium
3891 3222 4040 3297 fieri

1212 3358 1284 3422 et
1316 3348 1540 3442 sigillo
1567 3358 1797 3423 nostre
1827 3349 2200 3440 maiestatis
2233 3347 2328 3444 (e)
2349 3349 2687 3441 jussimus
2717 3348 3152 3423 communiri.

1307 3475 1532 3566 Hujus
1585 3475 1687 3545 rei
1749 3481 1959 3546 testes
2004 3481 2165 3545 sunt
2216 3497 2235 3543 ε
2285 3473 2734 3546 Wenceslaus
2774 3473 3056 3544 illustris
3103 3492 3233 3548 rex
3282 3471 3784 3562 Bohemorum,
3828 3473 4041 3546 Eber-

1207 3595 1473 3669 hardus
1514 3595 2034 3691 Salzburgensis
2069 3605 2141 3668 et
2179 3594 2644 3669 Theodoricus
2683 3597 3114 3672 Treverensis
3158 3595 3700 3691 archiepiscopi,
3740 3596 4039 3672 Sifridus

1207 3720 1722 3793 Ratisbonensis
1765 3719 2141 3816 imperialis
2192 3721 2353 3793 aule
2408 3721 2891 3813 cancellarius,
2939 3720 3362 3794 Eckebertus
3409 3719 4030 3815 Babenbergensis‚

1205 3843 1613 3938 Rudegerus
1669 3844 2139 3936 pataviensis,
2199 3896 2219 3915 .
2254 3898 2272 3916 .
2303 3899 2322 3918 .
2383 3844 2875 3941 FrisingensiS,
2935 3845 3171 3918 Siboto
3212 3842 3675 3939 Augustensis
3720 3853 3790 3918 et
3831 3844 4039 3918 Hein-

1203 3969 1393 4042 ricus
1424 3967 1963 4044 Constantiensis
1994 3967 2335 4066 episcopi,
2381 3970 2743 4043 Heinricus
2788 3969 3217 4063 lantgravius
3256 3967 3636 4064 'thuringie
3690 3968 4038 4065 palatinus

1290 4196 1375 4278 (a)
1418 4200 1488 4259 In
1520 4198 1696 4260 Teut.
1727 4198 1858 4260 ord.
1885 4197 2099 4276 copiali
2122 4198 2276 4261 libro
2301 4198 2580 4263 Kunitze.

1283 4302 1363 4382 (b)
1404 4303 1633 4366 Ibidem
1666 4302 2070 4384 Vvet-misdors.

1287 4408 1367 4491 (c)
1408 4410 1481 4470 In
1507 4411 1720 4486 coplali
1743 4411 1894 4472 libro
1919 4406 2216 4490 impedire.

1280 4513 1372 4596 (d)
1409 4514 1639 4577 Ibidem
1664 4514 1879 4597 itaque.

1288 4619 1364 4699 (e)
1408 4620 1637 4682 Ibidem
1675 4628 1733 4682 et
1766 4618 1927 4682 bulla
1964 4639 2146 4683 aurea
2192 4625 2423 4703 typario
2466 4629 2657 4684 nostre
2699 4623 3018 4706 majestatis
3059 4624 3379 4704 impressa,-
3413 4621 3571 4684 unde
3609 4620 4034 4700 suspicandum

1202 4726 1325 4789 duo
1349 4726 1707 4804 exemplaria
1732 4726 1914 4789 fuisse
1944 4729 2202 4808 redacta,
2233 4745 2421 4790 unum
2444 4745 2580 4791 cum
2604 4730 2798 4809 sigillo
2824 4746 3015 4807 cereo,
3040 4730 3293 4793 alterum
3316 4744 3456 4791 cum
3483 4743 3660 4789 aurea
3681 4726 3868 4792 bulla.
