4500 5956
1051 624 1175 686 964
1962 629 2216 690 INDEX
2273 626 2970 689 DOCUMENTORUM.

1072 957 1307 1014 martio.
1436 954 1718 1017 venetiis.
1822 990 1902 1002 —
1940 958 1977 1015 J
1979 957 2269 1016 ohannem
2300 955 2572 1016 abbatem
2618 961 2678 1013 et
2721 952 2933 1013 fratres
2973 954 3309 1012 monasterii
3335 952 3534 1012 Sancti
3561 953 3784 1014 Nicolai
3809 953 3882 1015 de

1900 1055 2123 1115 Littore
2150 1053 2406 1112 Rivoalti
2427 1069 2563 1112 cnm
2599 1051 2871 1112 omnibus
2905 1051 3073 1111 bonis
3103 1067 3305 1110 eorum
3350 1050 3463 1111 auh
3508 1067 3619 1110 sua
3653 1058 3880 1127 protec-

1899 1153 2058 1209 tione
2086 1153 2321 1225 recipit,
2350 1151 2671 1224 statuitque
2713 1154 2784 1207 ut
2822 1147 2897 1207 de
2930 1148 3240 1223 praedictis
3275 1147 3449 1208 bonis
3487 1150 3625 1224 jura
3650 1150 3880 1224 imperii

1897 1248 2265 1323 recolligant,
2294 1247 2406 1304 sibi
2435 1246 2522 1304 vel
2548 1248 2770 1305 nuntils
2793 1247 2915 1304 suis
2941 1244 3312 1321 assignanda.
3763 1254 3874 1306 313

1072 1338 1303 1398 martio·
1434 1342 1717 1404 Venetiis.
1821 1374 1901 1387 —-
1939 1343 2033 1403 Ad
2061 1342 2546 1420 supplicationem
2572 1341 2744 1401 Pauli
2765 1341 2995 1401 abbatis
3020 1341 3221 1401 Sancti
3247 1340 3481 1420 Georgii
3506 1343 3581 1402 dc
3599 1343 3876 1414 venetiis,

1898 1440 2102 1498 inserit
2139 1445 2200 1497 et
2244 1436 2555 1497 confirmat
2602 1437 2969 1513 privilegium
3017 1453 3055 1495 a
3096 1436 3393 1497 Friderico
3440 1439 3470 1496 I
3517 1454 3676 1498 anno
3724 1449 3748 1497 1
3765 1447 3871 1497 177

1899 1535 2087 1594 eidem
2134 1537 2491 1595 monasterio
2528 1534 2824 1594 indultum
2841 1576 2860 1606 ,
2890 1534 3170 1610 additque
3209 1541 3280 1594 ut
3314 1536 3592 1595 victualia
3624 1553 3734 1597 sua
3775 1552 3877 1612 per

1898 1631 2205 1706 imperium
2234 1633 2360 1690 sine
2379 1633 2515 1707 jure
2541 1632 2791 1707 passagii
2816 1629 3091 1690 monachi
3117 1630 3341 1689 deferre
3367 1631 3623 1692 valeant.
3761 1642 3873 1693 315

1048 1732 1125 1784 29
1144 1728 1321 1784 mart.
1402 1728 1474 1787 In
1498 1730 1738 1788 civitate
1817 1758 1898 1771 —
1934 1726 2330 1788 Lanfrancum
2359 1727 2633 1787 abbatem
2677 1727 2926 1786 Sanctae
2962 1727 3186 1787 Mariae
3223 1726 3298 1786 de
3337 1726 3604 1787 Pratalea
3637 1730 3878 1789 investit

1410 1826 1484 1885 de
1509 1826 1729 1887 Friule.
1896 1824 1969 1883 de
2004 1823 2413 1901 jurisdictione
2450 1829 2512 1884 ct
2552 1826 2835 1884 comitatu
2874 1823 3147 1883 villarum
3183 1823 3618 1900 Bursignanac,
3648 1826 3873 1884 Tenea-

1894 1920 2083 1995 miae,
2114 1921 2415 1994 Nemoris,
2441 1922 2807 1997 Tramontis,
2834 1926 2895 1980 et
2920 1920 2997 1981 ab
3030 1937 3100 1980 eo
3138 1924 3540 1998 juramentum
3582 1920 3876 1982 fidelitatis

1892 2019 2114 2093 mcipit.
3757 2027 3870 2079 320

1081 2109 1273 2186 aprili.
1348 2116 1464 2191 Ap.
1478 2116 1787 2177 Civitatem
1816 2145 1896 2159 —
1934 2114 2029 2174 Ad
2056 2114 2536 2190 supplicationem
2565 2115 2880 2190 praepositi
2904 2120 2966 2174 et
2989 2115 3401 2174 canonicorum
3440 2114 3701 2191 capellae
3734 2132 3873 2176 suae

1348 2214 1410 2272 in
1443 2213 1596 2274 Foro
1619 2215 1655 2272 J
1658 2215 1783 2274 ulii.
1893 2210 2095 2272 Sancti
2122 2212 2373 2272 servatii
2399 2213 2460 2270 in
2486 2211 2778 2289 Treiecto,
2807 2211 3155 2270 divisionem
3185 2211 3474 2273 bonorum
3513 2214 3667 2272 inter
3704 2229 3871 2290 prae-

1892 2311 2148 2384 positum
2167 2307 2438 2367 eumdem
2457 2313 2517 2366 et
2535 2309 2848 2366 canonicos
2865 2307 3232 2368 concorditer
3246 2308 3464 2368 factam
3482 2315 3672 2369 ratam
3697 2308 3876 2368 habet

1892 2408 1954 2463 et
1982 2402 2315 2463 confirmat.
3756 2413 3862 2464 321

1086 2494 1276 2571 aprili.
1348 2493 1460 2571 Ap.
1475 2494 1783 2556 Civitatem
1813 2533 1893 2544 —
1931 2500 2028 2560 Ad
2055 2499 2538 2577 supplicationem
2564 2498 2791 2559 abbatis
2815 2499 2890 2559 de
2914 2498 3360 2574 Bebenhausen,
3393 2500 3547 2560 bona
3571 2516 3726 2577 quae
3750 2517 3874 2560 mo·

1411 2593 1476 2651 in
1501 2592 1715 2654 Friola.
1889 2600 2208 2658 nasterium
2254 2597 2414 2673 apud
2458 2598 2806 2674 Ezzelingen
2840 2599 3000 2673 juste
3041 2598 3302 2673 possidet
3342 2597 3420 2657 ab
3464 2601 3627 2658 omni
3653 2599 3790 2658 dato
3809 2605 3874 2658 et

1889 2698 2196 2755 exactione
2221 2697 2450 2754 eximit.
3755 2704 3869 2755 323

1077 2785 1264 2862 aprili.
1385 2784 1750 2865 Aquilegiac.
1813 2821 1890 2835 -
1929 2792 2203 2851 Renovat
2243 2790 2432 2867 legem
2472 2805 2592 2865 qua
2637 2794 2987 2849 revocantur
3030 2792 3365 2850 communia
3378 2831 3398 2861 ,
3440 2792 3712 2865 consilia,
3742 2807 3871 2853 ma-

1890 2890 2056 2966 gistri
2085 2889 2301 2964 alilque
2329 2886 2608 2947 officiales
2634 2887 2884 2960 civium,
2927 2889 3031 2964 qui
3069 2889 3131 2946 in
3177 2888 3340 2947 omni
3385 2888 3621 2946 civitate
3646 2888 3738 2948 vel
3764 2905 3871 2965 op-

1887 2984 2026 3061 pido
2068 2985 2451 3045 Alamanniae
2493 2986 2620 3044 sine
2660 2986 3065 3062 episcoporum
3111 2983 3476 3061 beneplacito
3528 2990 3699 3045 erant
3739 2992 3871 3046 sta-

1887 3084 2031 3153 tuti,
2056 3087 2162 3141 etc.
3752 3091 3866 3143 285

1072 3173 1266 3249 aprili.
1379 3172 1737 3252 Aquilegiae.
1811 3209 1888 3223 -
1927 3179 2000 3238 In
2023 3180 2352 3255 praesentia
2394 3182 2456 3237 et
2495 3178 2573 3237 de
2615 3179 2859 3239 consilio
2893 3178 3129 3238 Henrici
3170 3175 3279 3236 filii
3318 3180 3413 3238 sui
3438 3184 3500 3237 et
3523 3186 3867 3257 magnatum

1886 3277 2117 3350 imperii
2137 3318 2153 3345 ,
2182 3276 2573 3351 principatum
2613 3275 2889 3335 eccloeiae
2929 3273 3326 3338 Laurisaensis
3359 3274 3439 3336 ad
3478 3275 3867 3353 archiepisco-

1886 3388 2030 3449 pum
2076 3371 2490 3449 Maguntinum
2538 3388 2676 3432 cum
2723 3373 2887 3432 omni
2931 3371 3152 3432 honore
3206 3377 3266 3431 et
3307 3373 3446 3448 jure
3489 3375 3621 3449 ejus
3673 3379 3868 3433 trans-

1885 3466 2021 3528 fert.
3750 3475 3864 3528 326

1072 3558 1265 3634 aprili.
1469 3561 1649 3640 Apud
1810 3599 1880 3611 —
1922 3564 2282 3627 Monasterio
2307 3566 2581 3627 Siticinae
2616 3564 2878 3644 (Sittich)
2909 3568 2976 3625 in
3001 3565 3302 3626 Carintbia
3334 3565 3647 3627 confirmat
3680 3565 3865 3628 fores·

1365 3662 1753 3740 Aquilegiam.
1882 3670 2079 3724 tarum
2106 3671 2168 3724 et
2193 3666 2572 3724 venationum
2593 3667 2698 3740 jus
2723 3662 2885 3740 quod
2910 3678 3107 3723 comes
3131 3662 3410 3724 Albertus
3434 3663 3509 3723 de
3535 3664 3866 3725 Weicbsel·

1883 3760 2027 3840 berg
2063 3764 2400 3821 monasterii
2441 3759 2718 3820 fundator
2759 3775 2937 3836 super
2974 3759 3244 3836 plurimis
3269 3759 3532 3837 ejusdem
3558 3758 3732 3820 bonis
3753 3759 3865 3820 sibi

1882 3864 2313 3928 reservaverat,
2339 3863 2453 3917 etc.
3570 3864 3707 3926 323,
3749 3863 3860 3916 329

1070 3951 1262 4028 aprili.
1469 3952 1646 4029 Apud
1804 3987 1884 4001 -
1935 3955 2030 4015 Ad
2094 3955 2581 4031 supplicationem
2642 3953 3090 4032 Bambergensis
3156 3955 3448 4031 episcopi,
3509 3955 3863 4014 monasterio

1363 4048 1755 4127 Aquileglam.
1883 4047 2109 4132 [Sancti
2135 4049 2409 4128 Georgii]
2436 4050 2510 4109 de
2535 4050 2701 4111 Stein
2725 4049 3011 4109 telonium
3034 4048 3194 4127 apud
3219 4049 3458 4110 Merket
3478 4056 3540 4109 et
3562 4055 3860 4110 monetam

1879 4151 1945 4209 in
1970 4148 2167 4209 Steine
2189 4147 2522 4209 confirmat.
3511 4155 3628 4207 329
3657 4153 3719 4207 et
3742 4153 3858 4207 939

1071 4239 1264 4315 aprili.
1469 4243 1646 4320 Apud
1801 4277 1883 4291 —
1922 4245 2018 4304 Ad
2042 4247 2480 4322 requisitionem
2507 4243 2787 4305 Burcardi
2814 4242 3117 4321 burgravii
3141 4241 3665 4321 Magdeburgensis
3680 4285 3700 4320 ,
3729 4258 3858 4301 mo-

1359 4339 1752 4417 Aquilegiam.
1879 4343 2133 4401 nasterio
2178 4340 2254 4400 de
2295 4341 2478 4417 Berge
2511 4339 2777 4399 concedit
2814 4346 2876 4399 et
2920 4337 3232 4399 confirmat
3273 4336 3642 4398 advocatiam
3686 4353 3859 4414 super

1880 4435 2053 4496 bonis
2077 4437 2445 4509 monasterii,
2477 4450 2655 4512 quam
2679 4435 2839 4496 idem
2873 4435 3204 4495 Burcardus
3237 4449 3397 4495 anno
3427 4442 3574 4494 1221
3607 4435 3673 4493 111
3697 4433 3861 4494 trau·

1879 4532 2016 4591 dem
2043 4533 2271 4607 imperii
2293 4531 2482 4591 eidem
2509 4533 2864 4591 monasterio
2890 4529 3255 4590 vendiderat.
3742 4536 3857 4589 330

1059 4638 1117 4690 1⁰
1143 4629 1309 4688 maii.
1470 4627 1649 4703 Apud
1805 4659 1883 4672 —
1921 4629 2277 4688 Monasterio
2303 4628 2501 4689 Sancti
2527 4629 2687 4688 Petri
2721 4629 2787 4687 111
2824 4626 3021 4706 Angla
3046 4626 3275 4687 confert
3299 4624 3694 4703 praebendam
3718 4641 3857 4701 par-

1391 4721 1721 4785 Civitatem.
1880 4723 2153 4784 rochialis
2176 4724 2451 4784 ecclesiae
2474 4726 2539 4783 in
2567 4725 2828 4802 Brcgenz
2841 4768 2862 4800 ,
2903 4724 3043 4785 olim
3069 4739 3107 4784 a
3133 4739 3198 4785 se
3222 4721 3563 4783 Burcbardo
3602 4720 3677 4782 de
3709 4720 3859 4780 Rie-
