4500 5956
1038 604 1158 665 906
2042 607 2462 669 anssmct
2514 607 2862 668 SECUNDI
3474 604 3635 686 [Anu.
3673 604 3845 665 1236.

1140 739 1581 812 Sanctissimo
1617 740 1689 810 in
1717 739 1981 814 Christo
2017 742 2192 836 patri
2231 742 2514 816 domino
2546 740 2909 833 Gregorio,
2954 739 3074 811 Dei
3108 740 3328 832 gratia
3360 760 3630 810 summo
3673 759 3854 832 pon-

1041 860 1235 954 tifici,
1275 864 1716 955 Fredericus‚
1756 863 2002 937 eadem
2039 866 2261 957 gratia
2315 867 2774 938 Romanorum
2821 864 3212 958 imperator,
3261 872 3426 952 etc.,
3464 862 3749 934 salutem
3787 870 3854 932 et

1042 987 1489 1059 reverentiam
1545 986 1845 1059 filialem.
1903 988 2137 1084 Nuper
2192 988 2285 1062 ad
2339 991 2594 1081 justam
2641 997 2871 1061 nostre
2930 985 3275 1080 petitionis
3319 985 3710 1057 instantiam
3763 983 3850 1057 de

1040 1109 1464 1182 cohercenda
1505 1133 1628 1205 per
1672 1132 2030 1183 censuram
2084 1114 2614 1185 ecclesiasticam
2671 1110 3102 1183 contumacia
3159 1108 3735 1192 Lombardorum‚
3775 1107 3846 1177 in

1038 1253 1176 1325 qua
1212 1232 1582 1305 debuimus
1619 1256 1743 1328 per
1776 1256 1901 1306 vos
1952 1234 2146 1305 velut
2179 1258 2303 1330 per
2350 1236 2676 1308 zelatores
2704 1234 2971 1326 justitie
3004 1233 3376 1327 preveniri,
3416 1253 3541 1325 per
3574 1232 3847 1302 nuntios

1035 1363 1302 1427 nostros
1336 1356 1731 1450 accepimus
1761 1357 1951 1450 quod
1990 1378 2109 1452 per
2141 1367 2447 1430 vestrum
2502 1358 2920 1453 respondere
2965 1355 3164 1428 nobis
3220 1355 3467 1427 idonee
3508 1353 3845 1426 deberetis

1038 1487 1105 1550 et
1143 1479 1302 1550 cito.
1353 1480 1894 1574 Expectantibus
1938 1480 2188 1554 deinde
2225 1482 2429 1555 nobis
2459 1491 2771 1577 optatum
2811 1479 2900 1553 de
2954 1488 3093 1551 tam
3144 1478 3504 1551 favorabili
3551 1478 3842 1569 requisi-

1035 1602 1222 1673 tione
1256 1623 1694 1694 responsum,
1751 1624 1834 1673 ac
1884 1602 1964 1674 G.
2004 1604 2093 1675 de
2124 1605 2454 1677 Romania
2507 1606 2902 1699 cappellano
2957 1610 3183 1675 vestro
3218 1600 3508 1696 proinde
3543 1599 3636 1673 ad
3689 1621 3843 1671 nos-

1036 1735 1210 1796 tram
1249 1725 1660 1819 presentiam
1701 1725 2058 1817 veniente,
2093 1749 2217 1821 per
2250 1750 2410 1800 eum
2449 1750 2577 1799 nec
2616 1726 2960 1821 questioni
2994 1726 3412 1798 satisfactum
3457 1724 3843 1818 accepimus

1037 1870 1169 1921 nec
1202 1849 1549 1941 querenti3
1588 1848 1712 1921 sed
1748 1870 1831 1921 eo
1865 1852 2054 1943 quod
2098 1872 2222 1947 per
2272 1852 2549 1923 nuntios
2597 1860 2865 1923 nostros
2913 1849 3233 1923 extiterat
3283 1869 3511 1920 coram
3547 1848 3842 1941 paterni-

1037 1979 1175 2042 tate
1202 1979 1430 2044 vestra
1468 1972 1891 2067 propositum
1945 1974 2137 2046 velut
2179 1975 2253 2045 in
2311 1975 2613 2068 quadam
2664 1974 2913 2047 somnii
2962 1973 3314 2045 oblivione
3345 1970 3668 2057 deducto,
3711 1992 3844 2065 pe-

1037 2096 1306 2168 titiones
1353 2095 1691 2189 quasdam
1738 2119 1778 2169 a
1809 2098 2010 2170 vobis
2049 2099 2443 2193 accepimus
2488 2118 2614 2193 pro
2651 2117 3013 2192 responso,
3065 2094 3160 2168 ad
3203 2117 3379 2188 quas
3423 2094 3481 2166 si
3539 2094 3844 2167 doctrine

1036 2229 1263 2292 vestre
1332 2222 1651 2313 prosequi
1711 2222 2043 2294 vellemus
2108 2224 2510 2317 exemplum
2556 2225 2671 2295 vel
2731 2223 3111 2295 doctrinam
3168 2219 3514 2314 exempli,
3572 2239 3844 2313 prorsus

1032 2342 1591 2436 expectationum
1627 2352 2007 2414 vestrarum
2037 2344 2378 2416 desideria
2418 2344 2951 2431 fraudassemus,
2981 2343 3093 2416 vel
3127 2343 3367 2414 saltem
3402 2341 3665 2414 tamdiu
3696 2363 3842 2413 sns-

1030 2465 1513 2561 pendissemus
1548 2467 1823 2539 easdem
1859 2468 2196 2561 quamdiu
2248 2469 2440 2562 quod
2494 2491 2615 2563 per
2669 2490 2795 2541 nos
2842 2490 2885 2541 a
2934 2467 3136 2539 vobis
3173 2467 3551 2558 justissime
3598 2467 3841 2559 petitur

1033 2588 1492 2660 favorabiliter
1526 2591 2002 2685 compleretur.
2039 2592 2127 2663 Ut
2163 2601 2389 2663 tamen
2419 2592 2610 2684 quod
2662 2592 2888 2663 officio
2939 2590 3345 2662 sacerdotali
3388 2590 3677 2661 debetur
3716 2590 3840 2659 im-

1034 2712 1308 2806 perialis
1340 2713 1474 2784 sibi
1531 2715 1862 2808 precipiat
1906 2715 2276 2806 celsitudO,
2316 2737 2480 2788 ecce
2513 2713 2707 2809 quod
2748 2713 2839 2787 ad
2885 2714 3186 2808 capitula
3226 2715 3500 2805 singula
3548 2733 3840 2806 quorum

1036 2846 1339 2908 tenorem
1370 2837 1480 2908 vel
1519 2838 1848 2909 memorie
1900 2847 2125 2911 vestre
2164 2838 2459 2911 fidelitas
2493 2839 2606 2910 vel
2643 2847 3073 2931 regestorum
3119 2847 3498 2908 vestrorum
3543 2845 3845 2908 reservat

1039 2959 1467 3051 archivium,
1523 2961 1909 3056 paternitati
1971 2972 2197 3035 vestre
2249 2951 2679 3057 presentibus
2732 2959 3209 3057 respondetur.
3270 2961 3357 3032 Et
3407 2961 3495 3033 ad
3549 2959 3722 3034 illud
3772 2962 3844 3033 in

1038 3084 1280 3177 primis
1321 3082 1511 3176 quod
1556 3085 1646 3156 de
1700 3086 2007 3158 ecclesiis
2057 3086 2252 3179 regni
2301 3086 2515 3158 nostri
2551 3086 2780 3158 Sicilie
2825 3107 2945 3181 per
2988 3085 3332 3157 ministros
3378 3095 3645 3158 nostros
3688 3106 3847 3180 spo-

1039 3208 1218 3278 liatis
1257 3207 1670 3301 privilegiis,
1710 3210 2260 3305 possessionibus
2292 3220 2362 3282 et
2398 3211 2598 3282 bonis
2647 3209 2859 3282 sacris
2906 3210 3153 3282 usibus
3205 3209 3552 3302 deputatis
3602 3230 3683 3280 ac
3733 3210 3848 3304 ip·-

1042 3351 1270 3401 sarum
1302 3329 1648 3425 lapidibus
1685 3330 1775 3404 ad
1820 3331 2291 3425 Agarenorum
2338 3334 2698 3428 gymnasia
2740 3331 3196 3406 construenda
3228 3333 3568 3405 translatis
3603 3354 3849 3427 propo-

1043 3456 1255 3547 nitur,
1290 3476 1554 3527 necnon
1590 3464 1658 3527 et
1689 3455 1779 3528 de
1823 3458 2098 3551 prelatis
2132 3459 2437 3552 ipsarum
2473 3470 2542 3530 et
2574 3457 2867 3531 subditis
2896 3459 3185 3531 exulare
3212 3458 3464 3528 coactis
3496 3466 3565 3528 et
3599 3457 3849 3529 carceri

1041 3581 1479 3676 mancipatis,
1534 3590 1601 3653 et
1659 3582 1873 3653 verbo
1930 3583 2132 3654 vobis
2182 3584 2473 3655 libenter
2530 3583 3099 3678 responderemus
3144 3580 3240 3653 ad
3293 3591 3530 3654 votum
3576 3591 3646 3653 et
3689 3603 3851 3660 exe-

1040 3726 1413 3801 queremur
1456 3704 1778 3777 libentius
1831 3706 2011 3777 facto
2062 3727 2504 3801 responsum,
2555 3708 2614 3779 si
2663 3707 2839 3800 quid
2887 3715 2994 3778 est
3034 3706 3106 3777 in
3151 3704 3507 3777 indefinita
3552 3705 3851 3798 proposi-

1043 3832 1228 3901 tione
1263 3829 1688 3924 propositum
1719 3830 1789 3901 in
1827 3830 2221 3925 particulari
2256 3831 2497 3904 fuisset
2527 3830 3031 3926 specificatione
3062 3828 3467 3920 deductum,
3510 3835 3628 3899 aut
3662 3827 3851 3922 quod

1043 3962 1148 4024 est
1180 3953 1472 4026 obscure
1504 3953 1920 4048 descriptum
1956 3955 2029 4024 in
2057 3976 2331 4047 genere,
2354 3955 2592 4026 fuisset
2612 3965 2848 4049 aperte
2877 3974 2998 4048 per
3025 3951 3393 4025 individua
3421 3951 3843 4024 denotatum.

1044 4075 1181 4147 Sed
1209 4087 1289 4148 ut
1318 4077 1673 4151 indefinita
1701 4089 1929 4151 vestre
1962 4080 2444 4174 propositionis
2475 4079 2834 4152 affirmatio
2871 4101 2995 4173 per
3016 4077 3408 4170 negativam
3447 4076 3848 4147 contrariam

1043 4200 1440 4293 perimatur,
1495 4203 1724 4274 nullas
1774 4203 2055 4275 omnino
2111 4204 2368 4275 scimus
2420 4204 2743 4275 ecclesias
2796 4203 2907 4274 vel
2976 4221 3304 4296 personas
3364 4199 3854 4272 ecclesiasticas

1046 4323 1241 4413 regni
1291 4321 1584 4417 predicti
1632 4346 1770 4417 que
1813 4327 1884 4396 in
1931 4324 2263 4399 libertatis
2309 4325 2685 4419 privilegiis
2723 4325 2835 4397 vel
2881 4325 2953 4394 in
2984 4323 3185 4395 bonis
3215 4344 3259 4394 a
3290 4322 3495 4393 nobis
3531 4330 3653 4394 aut
3701 4341 3855 4392 nos-

1048 4444 1172 4515 tris
1229 4446 1686 4540 prejudicium
1754 4450 2104 4544 patiantur
2124 4505 2144 4542 ,
2204 4450 2335 4522 nisi
2387 4449 2971 4522 conservationem
3023 4447 3283 4539 jurium
3336 4454 3458 4518 aut
3519 4445 3856 4517 bonorum

1050 4579 1434 4640 nostrorum
1465 4592 1601 4663 que
1634 4573 1843 4643 nostri
1871 4573 2071 4645 nobis
2104 4574 2441 4667 reliquere
2475 4573 2763 4667 priores,
2783 4593 2911 4645 vos
2939 4568 3396 4666 prejudicium
3425 4568 3703 4640 forsitan
3730 4586 3856 4660 per

1047 4691 1627 4788 improprietatem
1670 4696 1987 4768 vocabuli
2025 4696 2391 4770 vocaretis.
2437 4697 2640 4782 Quod
2691 4697 2877 4768 enim
2921 4694 3014 4769 ad
3061 4693 3369 4766 seculare
3404 4688 3744 4784 judicium
3790 4695 3858 4760 et
