4500 5956
1539 647 1792 706 INDEX
1844 647 2551 711 DOCUMENTORUM.
3344 649 3466 709 969

1478 977 1752 1053 fiolariis,
1783 976 2116 1035 camerariis
2145 981 2204 1035 et
2232 976 2521 1035 universis
2565 974 2920 1036 officialibus
2946 975 3070 1035 suis
3109 973 3355 1034 mandat
3394 980 3464 1034 ut

1479 1076 1543 1133 in
1570 1075 1743 1133 terris
1782 1073 2043 1133 demanii
2082 1075 2175 1132 sui
2219 1079 2342 1133 tam
2388 1073 2683 1133 veteribus
2710 1089 2893 1150 quam
2919 1074 3151 1131 noviter
3177 1073 3464 1131 revocatis

1478 1170 1637 1229 idem
1665 1172 2082 1230 monasterium
2110 1171 2483 1229 immunitate
2509 1186 2689 1246 quam
2726 1172 2852 1247 ipse
2889 1170 3207 1242 concessit,
3235 1171 3324 1229 uti
3351 1184 3462 1243 pa-

1481 1267 1648 1327 cifice
1674 1269 2040 1343 permittant.
3343 1273 3461 1325 420

647 1359 899 1421 februar.
1064 1361 1244 1438 Apud
1403 1395 1484 1406 —
1518 1362 1924 1424 Eberhardum
1970 1362 2246 1424 abbatem
2282 1363 2358 1422 de
2401 1363 2595 1424 Salem
2621 1369 2681 1423 et
2707 1363 3128 1423 monasterium
3173 1364 3302 1438 ejus
3327 1378 3464 1421 cum

985 1457 1327 1520 Canusium.
1479 1461 1742 1535 personis
1768 1465 1830 1519 et
1854 1459 2029 1518 rebus
2071 1460 2133 1519 in
2170 1461 2529 1535 protectione
2570 1476 2679 1521 sua
2715 1461 2951 1536 speciali
2992 1460 3225 1535 recipit,
3265 1461 3466 1519 omnia

1479 1572 1686 1615 eorum
1712 1557 2020 1633 privilegia
2054 1555 2410 1616 confirmans
2437 1562 2496 1615 et
2522 1557 2849 1632 specialiter
2888 1557 3316 1616 immunitatem
3344 1558 3466 1616 eis-

1482 1650 1619 1709 dem
1646 1650 1722 1710 ab
1750 1650 2006 1709 Henrico
2033 1648 2158 1709 filio
2183 1665 2292 1709 suo
2317 1665 2671 1709 concessam.
3345 1658 3459 1709 424

648 1745 882 1806 martio.
1068 1747 1247 1826 Apud
1402 1779 1485 1792 —
1525 1747 1795 1807 Conrado
1837 1746 1961 1806 filio
2000 1763 2109 1807 suo
2156 1749 2454 1807 civitatem
2501 1748 2742 1807 Gaietae
2780 1764 2917 1807 cum
2951 1749 3313 1824 pertinentiis
3338 1751 3468 1825 ejus

976 1845 1332 1906 Palicorum.
1483 1844 1783 1918 concedit,
1815 1850 1875 1904 et
1913 1844 2204 1920 quosdam
2261 1845 2486 1905 nobiles
2533 1847 2638 1922 qui
2681 1844 2972 1904 Ecclesiae
3017 1851 3219 1905 contra
3271 1847 3468 1921 ipsum

1483 1940 1872 2001 adhaeserant
1897 1940 2088 2000 eidem
2115 1943 2178 1999 in
2205 1940 2488 2001 vassallos
2515 1939 2718 2001 donat.
3018 2008 3036 2017 p
3350 1951 3467 2001 426

661 2042 696 2092 8
723 2036 881 2096 maii.
987 2038 1316 2099 Messanae.
1403 2071 1486 2083 —
1524 2037 1620 2097 Ad
1642 2038 2077 2114 requisitionem
2101 2036 2392 2096 Leonardi
2419 2037 2695 2097 Cavensis
2721 2035 2950 2096 abbatis
2964 2081 2981 2112 ,
3012 2035 3311 2099 Bobberto
3339 2038 3470 2097 Ma-

1044 2176 1047 2181 -
1485 2134 1683 2195 lerbae
1732 2135 2017 2211 provisori
2064 2140 2393 2193 castrorum
2437 2148 2680 2194 suorum
2731 2134 2795 2192 in
2850 2133 3190 2210 Principatu
3230 2135 3473 2196 mandat

1485 2248 1562 2292 ne
1606 2232 1873 2291 homines
1919 2231 2127 2292 casalis
2168 2229 2394 2291 Caveae
2444 2230 2519 2291 ad
2565 2230 2951 2306 reparandam
2996 2230 3250 2291 Boccam
3301 2249 3471 2292 suam

1486 2329 1780 2388 Pimontis
1817 2328 2020 2387 venire
2055 2328 2390 2403 compellat,
2428 2329 2539 2386 nisi
2576 2330 2737 2403 prius
2782 2328 3161 2403 inquisitione
3206 2329 3473 2407 diligenti

1485 2422 1663 2482 facta.
3353 2431 3464 2483 427

680 2516 857 2575 maio.
992 2521 1319 2583 Messanae.
1406 2550 1486 2562 —
1527 2518 1622 2577 Ad
1663 2518 2145 2595 supplicationem
2183 2518 2383 2577 fratris
2406 2518 2806 2596 Symboitonis
2832 2518 2906 2576 de
2930 2517 3109 2576 domo
3146 2518 3476 2578 Theutoni-

1487 2630 1690 2675 corum
1736 2622 1797 2676 et
1835 2631 1914 2675 ex
1955 2617 2167 2675 litteris
2211 2615 2634 2691 archiepiscopi
2677 2615 3034 2687 Bremensis,
3082 2612 3475 2691 burgensibus

1486 2711 1873 2772 Stadensibus
1922 2714 2362 2772 immunitatem
2405 2710 2660 2771 thelonei
2705 2727 2808 2787 per
2860 2714 3047 2769 totam
3094 2709 3472 2772 Bremensem

1487 2809 1799 2869 dioecesim
1824 2809 2095 2870 concedit
2118 2808 2193 2868 de
2220 2808 2395 2869 rebus
2420 2823 2625 2869 eorum
2651 2814 2712 2869 et
2737 2807 3126 2867 mercimoniis
3139 2851 3155 2877 ,
3183 2809 3249 2865 in
3276 2809 3473 2869 eundo

1487 2911 1549 2965 et
1574 2905 1894 2965 redeundo.
3175 2911 3318 2976 429,
3350 2913 3470 2964 430

643 3007 709 3059 15
730 3000 906 3077 junii·
993 3006 1321 3067 Messanae.
1406 3033 1487 3047 —
1527 3003 1813 3079 Gregorio
1854 3019 2041 3079 papae
2081 3004 2319 3063 nuntiat
2345 3018 2407 3062 se
2431 3008 2638 3061 contra
2680 3002 3006 3061 haereticos
3030 3004 3198 3078 regni
3223 3003 3314 3061 sui
3342 3019 3469 3063 ma-

1486 3100 1699 3159 nifeste
1733 3102 2028 3161 convictos
2061 3115 2310 3178 poenam
2347 3099 2598 3159 incendii
2635 3099 2965 3159 decrevisse
2991 3104 3052 3158 et
3078 3098 3317 3159 cuilibet
3336 3103 3471 3176 Jus-

1485 3194 1712 3254 ticiario
1739 3194 2047 3255 mandasse
2073 3201 2140 3254 ut
2176 3211 2316 3254 cum
2362 3210 2484 3253 uno
2531 3193 2790 3269 praelato
2838 3192 2913 3253 de
2957 3198 3115 3253 statu
3159 3196 3469 3271 regionum

1486 3308 1660 3368 super
1687 3291 1799 3351 hoc
1826 3294 2119 3369 inquirat,
2146 3299 2257 3352 etc.
3355 3302 3469 3353 435

676 3388 870 3461 junio.
993 3388 1327 3453 Messanae.
1407 3420 1488 3432 —
1526 3388 1784 3448 Berardo
1808 3389 2244 3465 archiepiscopo
2270 3394 2329 3447 et
2360 3389 2634 3448 ecclesiae
2660 3388 3113 3448 Panormitanae
3138 3389 3201 3445 in
3229 3404 3470 3448 excam-

1488 3483 1655 3544 bium
1703 3486 1918 3545 domus
1961 3487 2119 3562 apud
2168 3486 2502 3546 Messanam
2545 3486 2622 3545 ab
2661 3487 2747 3545 eis
2787 3491 3051 3560 receptae
3101 3485 3367 3543 concedit
3413 3493 3473 3544 et

1488 3582 1671 3641 donat
1697 3583 1932 3641 vineam
1977 3583 2051 3642 de
2097 3583 2410 3642 Comitaria
2452 3585 2514 3640 in
2553 3583 2826 3641 flumaria
2860 3581 2933 3640 de
2969 3581 3258 3652 camaris,
3290 3597 3470 3658 quam

1489 3678 1631 3738 olim
1658 3679 2040 3738 Temonerius
2064 3679 2328 3755 proditor
2353 3698 2497 3740 suus
2523 3681 2736 3739 tenuit.
3354 3687 3469 3738 436

648 3766 868 3839 «lunio-
1021 3774 1299 3838 Catenae.
1410 3807 1491 3821 —
1528 3774 1831 3835 Machario
1866 3775 2051 3834 electo
2076 3781 2137 3833 et
2161 3778 2477 3834 conventui
2520 3776 2722 3834 Sancti
2762 3774 3081 3834 salvatoris
3122 3775 3281 3850 apud
3308 3776 3470 3837 Mes-

1490 3887 1697 3932 sanam
1725 3875 1926 3931 omnia
1952 3873 2256 3948 privilegia
2299 3889 2336 3930 a
2380 3870 2919 3946 praedecessoribus
2958 3872 3080 3930 suis
3116 3871 3306 3931 eidem
3341 3891 3471 3933 mo-

1490 3970 1747 4029 nasterio
1770 3968 2003 4028 indulta
2028 3967 2360 4027 confirmat.
3354 3978 3470 4031 438

662 4062 730 4114 ¹²
755 4056 907 4132 Julss·
992 4065 1324 4142 Syracusis.
1408 4095 1491 4111 -
1530 4064 1748 4124 Scribit
1772 4080 1958 4142 papae
1981 4063 2057 4123 de
2078 4064 2596 4140 compromissione
2622 4078 2799 4138 super
2823 4063 3058 4139 negotio
3087 4062 3474 4127 Lombardiae

1490 4161 1653 4239 quod
1679 4177 1818 4221 cum
1844 4163 2072 4222 litterae
2097 4177 2240 4221 suae
2266 4165 2529 4236 patentes
2568 4176 2680 4220 nec
2713 4176 2830 4218 non
2876 4164 2937 4218 et
2978 4161 3132 4235 regis
3181 4159 3287 4220 filii
3316 4166 3408 4223 sui
3437 4181 3475 4225 a

1490 4258 1642 4319 Sede
1693 4259 2024 4335 Apostolica
2070 4261 2464 4335 requirantur,
2516 4271 2863 4333 responsum
2904 4254 3147 4317 differre
3200 4265 3476 4336 proponit

1489 4371 1681 4432 usque
1705 4355 1784 4415 ad
1809 4354 2063 4415 reditum
2090 4357 2357 4432 magistri
2383 4353 2598 4413 domus
2625 4353 3138 4413 Theutonicorum.
3355 4367 3465 4419 441

662 4450 732 4503 12
757 4445 909 4521 julii.
994 4450 1325 4528 Syracusis.
1410 4479 1493 4496 —
1531 4450 1692 4524 Quid
1741 4450 1817 4510 de
1866 4453 2069 4511 eadem
2123 4451 2639 4526 compromissione
2676 4465 2862 4525 papae
2905 4450 3270 4526 responderit
3312 4454 3475 4533 Ray-

1490 4547 1672 4608 naldo
1713 4548 1968 4608 Ostiensi
1998 4554 2057 4608 et
2085 4549 2429 4609 velletrensi
2457 4549 2729 4624 episcopo
2756 4550 3024 4625 nuntiat,
3067 4555 3127 4608 et
3164 4556 3472 4628 conqueri-

1492 4652 1591 4705 tur
1615 4646 1777 4722 qnod
1801 4663 1921 4707 non
1946 4649 2023 4705 sit
2049 4644 2123 4705 de
2148 4647 2379 4722 injuriis
2397 4646 2644 4722 imperio
2667 4643 2845 4705 illatis
2870 4661 3130 4722 congrua
3156 4648 3478 4711 satisfactio

1494 4740 1831 4804 subsecuta.
3359 4756 3474 4807 442

807 4840 917 4904 IV·
958 4857 1089 4905 Pars.
1118 4862 1165 4905 Β.
3047 4857 3155 4909 122
