<?xml version="1.0" encoding="UTF-8"?>
<!DOCTYPE html PUBLIC "-//W3C//DTD XHTML 1.0 Transitional//EN"
    "http://www.w3.org/TR/xhtml1/DTD/xhtml1-transitional.dtd">
<html xmlns="http://www.w3.org/1999/xhtml" xml:lang="en" lang="en">
 <head>
  <title>
</title>
<meta http-equiv="Content-Type" content="text/html;charset=utf-8" />
  <meta name='ocr-system' content='tesseract 3.04.00' />
  <meta name='ocr-capabilities' content='ocr_page ocr_carea ocr_par ocr_line ocrx_word'/>
</head>
<body>
  <div class='ocr_page' id='page_1' title='image "./historiadiploma00empegoog_0259.png"; bbox 0 0 4500 5956; ppageno 0'>
   <div class='ocr_carea' id='block_1_1' title="bbox 525 596 3347 680">
    <p class='ocr_par' dir='ltr' id='par_1_1' title="bbox 525 596 3347 680">
     <span class='ocr_line' id='line_1_1' title="bbox 525 596 3347 680; baseline -0 -19"><span class='ocrx_word' id='word_1_1' title='bbox 525 602 718 663; x_wconf 68' lang='lat' dir='ltr'>lnnrcr.</span> <span class='ocrx_word' id='word_1_2' title='bbox 748 596 838 680; x_wconf 84' lang='lat'>9.]</span> <span class='ocrx_word' id='word_1_3' title='bbox 1413 599 1813 664; x_wconf 78' lang='lat' dir='ltr'>HISTORIA</span> <span class='ocrx_word' id='word_1_4' title='bbox 1866 597 2459 661; x_wconf 71' lang='lat' dir='ltr'>nlpnouATch.</span> <span class='ocrx_word' id='word_1_5' title='bbox 3229 599 3347 661; x_wconf 79' lang='lat'>801</span> 
     </span>
    </p>
   </div>
   <div class='ocr_carea' id='block_1_2' title="bbox 523 730 3348 4160">
    <p class='ocr_par' dir='ltr' id='par_1_2' title="bbox 523 730 3347 2801">
     <span class='ocr_line' id='line_1_2' title="bbox 525 730 3342 828; baseline -0.001 -20"><span class='ocrx_word' id='word_1_6' title='bbox 525 732 1007 808; x_wconf 77' lang='lat' dir='ltr'><strong>consuevimus</strong></span> <span class='ocrx_word' id='word_1_7' title='bbox 1050 733 1449 828; x_wconf 81' lang='lat' dir='ltr'>prevenire,</span> <span class='ocrx_word' id='word_1_8' title='bbox 1497 734 1839 810; x_wconf 82' lang='lat' dir='ltr'>donamus</span> <span class='ocrx_word' id='word_1_9' title='bbox 1886 743 1957 808; x_wconf 91' lang='lat' dir='ltr'>et</span> <span class='ocrx_word' id='word_1_10' title='bbox 1999 732 2445 807; x_wconf 85' lang='lat' dir='ltr'>concedimus</span> <span class='ocrx_word' id='word_1_11' title='bbox 2479 731 2613 806; x_wconf 87' lang='lat' dir='ltr'>sibi</span> <span class='ocrx_word' id='word_1_12' title='bbox 2647 742 2717 806; x_wconf 93' lang='lat' dir='ltr'>et</span> <span class='ocrx_word' id='word_1_13' title='bbox 2768 730 3143 805; x_wconf 86' lang='lat' dir='ltr'>heredibus</span> <span class='ocrx_word' id='word_1_14' title='bbox 3193 732 3342 804; x_wconf 91' lang='lat' dir='ltr'>suis</span> 
     </span>
     <span class='ocr_line' id='line_1_3' title="bbox 523 855 3337 955; baseline -0.001 -27"><span class='ocrx_word' id='word_1_15' title='bbox 523 865 850 955; x_wconf 87' lang='lat' dir='ltr'>perpetuo</span> <span class='ocrx_word' id='word_1_16' title='bbox 881 856 955 929; x_wconf 93' lang='lat' dir='ltr'>in</span> <span class='ocrx_word' id='word_1_17' title='bbox 988 856 1347 950; x_wconf 87' lang='lat' dir='ltr'>vassallos,</span> <span class='ocrx_word' id='word_1_18' title='bbox 1382 857 1701 932; x_wconf 87' lang='lat' dir='ltr'>dominos</span> <span class='ocrx_word' id='word_1_19' title='bbox 1734 858 1896 931; x_wconf 89' lang='lat' dir='ltr'>ville</span> <span class='ocrx_word' id='word_1_20' title='bbox 1924 856 2217 948; x_wconf 90' lang='lat' dir='ltr'>Ynsule,</span> <span class='ocrx_word' id='word_1_21' title='bbox 2250 857 2550 929; x_wconf 86' lang='lat' dir='ltr'>civitatis</span> <span class='ocrx_word' id='word_1_22' title='bbox 2581 856 3107 952; x_wconf 77' lang='lat' dir='ltr'>CarpentoratiS,</span> <span class='ocrx_word' id='word_1_23' title='bbox 3132 855 3337 928; x_wconf 80' lang='lat' dir='ltr'>castri</span> 
     </span>
     <span class='ocr_line' id='line_1_4' title="bbox 524 975 3336 1073; baseline -0.002 -18"><span class='ocrx_word' id='word_1_24' title='bbox 524 980 609 1055; x_wconf 88' lang='lat' dir='ltr'>do</span> <span class='ocrx_word' id='word_1_25' title='bbox 643 978 1051 1073; x_wconf 76' lang='lat' dir='ltr'>InteraquiS,</span> <span class='ocrx_word' id='word_1_26' title='bbox 1096 978 1263 1052; x_wconf 87' lang='lat' dir='ltr'>ville</span> <span class='ocrx_word' id='word_1_27' title='bbox 1290 978 1753 1071; x_wconf 84' lang='lat' dir='ltr'>Quadarosse,</span> <span class='ocrx_word' id='word_1_28' title='bbox 1798 977 2002 1051; x_wconf 83' lang='lat' dir='ltr'>castri</span> <span class='ocrx_word' id='word_1_29' title='bbox 2032 975 2121 1049; x_wconf 90' lang='lat' dir='ltr'>de</span> <span class='ocrx_word' id='word_1_30' title='bbox 2144 977 2615 1069; x_wconf 76' lang='lat' dir='ltr'>NometamiiS,</span> <span class='ocrx_word' id='word_1_31' title='bbox 2657 977 2859 1049; x_wconf 83' lang='lat' dir='ltr'>castri</span> <span class='ocrx_word' id='word_1_32' title='bbox 2897 978 3092 1049; x_wconf 84' lang='lat' dir='ltr'>Petro</span> <span class='ocrx_word' id='word_1_33' title='bbox 3125 976 3336 1072; x_wconf 89' lang='lat' dir='ltr'>Lapte</span> 
     </span>
     <span class='ocr_line' id='line_1_5' title="bbox 526 1098 3340 1200; baseline -0.004 -22"><span class='ocrx_word' id='word_1_34' title='bbox 526 1114 588 1178; x_wconf 92' lang='lat' dir='ltr'>et</span> <span class='ocrx_word' id='word_1_35' title='bbox 636 1104 840 1177; x_wconf 82' lang='lat' dir='ltr'>castri</span> <span class='ocrx_word' id='word_1_36' title='bbox 888 1102 978 1177; x_wconf 91' lang='lat' dir='ltr'>de</span> <span class='ocrx_word' id='word_1_37' title='bbox 1022 1102 1423 1176; x_wconf 88' lang='lat' dir='ltr'>Intercalliis</span> <span class='ocrx_word' id='word_1_38' title='bbox 1467 1101 1611 1200; x_wconf 79' lang='lat' dir='ltr'>(l),</span> <span class='ocrx_word' id='word_1_39' title='bbox 1666 1110 1736 1176; x_wconf 94' lang='lat' dir='ltr'>et</span> <span class='ocrx_word' id='word_1_40' title='bbox 1788 1111 1867 1174; x_wconf 90' lang='lat' dir='ltr'>ut</span> <span class='ocrx_word' id='word_1_41' title='bbox 1911 1102 1982 1172; x_wconf 89' lang='lat' dir='ltr'>iu</span> <span class='ocrx_word' id='word_1_42' title='bbox 2034 1100 2135 1173; x_wconf 86' lang='lat' dir='ltr'>eis</span> <span class='ocrx_word' id='word_1_43' title='bbox 2177 1102 2452 1195; x_wconf 83' lang='lat' dir='ltr'>plenam</span> <span class='ocrx_word' id='word_1_44' title='bbox 2494 1098 3046 1193; x_wconf 83' lang='lat' dir='ltr'>jurisdictionem</span> <span class='ocrx_word' id='word_1_45' title='bbox 3090 1098 3340 1172; x_wconf 88' lang='lat' dir='ltr'>debeat</span> 
     </span>
     <span class='ocr_line' id='line_1_6' title="bbox 529 1222 3343 1322; baseline -0.002 -22"><span class='ocrx_word' id='word_1_46' title='bbox 529 1248 846 1301; x_wconf 85' lang='lat' dir='ltr'>exercere</span> <span class='ocrx_word' id='word_1_47' title='bbox 882 1248 1092 1321; x_wconf 92' lang='lat' dir='ltr'>quam</span> <span class='ocrx_word' id='word_1_48' title='bbox 1130 1226 1264 1322; x_wconf 90' lang='lat' dir='ltr'>ipsi</span> <span class='ocrx_word' id='word_1_49' title='bbox 1307 1235 1379 1300; x_wconf 91' lang='lat' dir='ltr'>et</span> <span class='ocrx_word' id='word_1_50' title='bbox 1420 1225 1796 1300; x_wconf 86' lang='lat' dir='ltr'>heredibus</span> <span class='ocrx_word' id='word_1_51' title='bbox 1844 1225 1989 1297; x_wconf 87' lang='lat' dir='ltr'>suis</span> <span class='ocrx_word' id='word_1_52' title='bbox 2039 1222 2130 1296; x_wconf 91' lang='lat' dir='ltr'>de</span> <span class='ocrx_word' id='word_1_53' title='bbox 2170 1232 2399 1295; x_wconf 90' lang='lat' dir='ltr'>nostra</span> <span class='ocrx_word' id='word_1_54' title='bbox 2448 1222 2781 1296; x_wconf 84' lang='lat' dir='ltr'>duximus</span> <span class='ocrx_word' id='word_1_55' title='bbox 2825 1223 3045 1315; x_wconf 85' lang='lat' dir='ltr'>gratia</span> <span class='ocrx_word' id='word_1_56' title='bbox 3097 1243 3343 1294; x_wconf 91' lang='lat' dir='ltr'>conce-</span> 
     </span>
     <span class='ocr_line' id='line_1_7' title="bbox 527 1345 3342 1445; baseline -0.002 -23"><span class='ocrx_word' id='word_1_57' title='bbox 527 1348 870 1437; x_wconf 84' lang='lat' dir='ltr'>dendam3</span> <span class='ocrx_word' id='word_1_58' title='bbox 912 1348 1324 1422; x_wconf 82' lang='lat' dir='ltr'>mandantes</span> <span class='ocrx_word' id='word_1_59' title='bbox 1360 1359 1436 1423; x_wconf 88' lang='lat' dir='ltr'>ut</span> <span class='ocrx_word' id='word_1_60' title='bbox 1466 1359 1605 1423; x_wconf 86' lang='lat' dir='ltr'>tam</span> <span class='ocrx_word' id='word_1_61' title='bbox 1637 1350 1769 1445; x_wconf 89' lang='lat' dir='ltr'>ipsi</span> <span class='ocrx_word' id='word_1_62' title='bbox 1801 1347 2060 1421; x_wconf 90' lang='lat' dir='ltr'>domini</span> <span class='ocrx_word' id='word_1_63' title='bbox 2094 1345 2433 1418; x_wconf 89' lang='lat' dir='ltr'>dictorum</span> <span class='ocrx_word' id='word_1_64' title='bbox 2467 1346 2772 1418; x_wconf 90' lang='lat' dir='ltr'>locorum</span> <span class='ocrx_word' id='word_1_65' title='bbox 2806 1367 3014 1439; x_wconf 89' lang='lat' dir='ltr'>quam</span> <span class='ocrx_word' id='word_1_66' title='bbox 3049 1345 3342 1418; x_wconf 88' lang='lat' dir='ltr'>heredes</span> 
     </span>
     <span class='ocr_line' id='line_1_8' title="bbox 527 1468 3341 1562; baseline -0.002 -17"><span class='ocrx_word' id='word_1_67' title='bbox 527 1473 633 1545; x_wconf 88' lang='lat' dir='ltr'>sui</span> <span class='ocrx_word' id='word_1_68' title='bbox 677 1471 1029 1544; x_wconf 89' lang='lat' dir='ltr'>nominato</span> <span class='ocrx_word' id='word_1_69' title='bbox 1077 1473 1308 1545; x_wconf 88' lang='lat' dir='ltr'>comiti</span> <span class='ocrx_word' id='word_1_70' title='bbox 1361 1482 1431 1547; x_wconf 89' lang='lat' dir='ltr'>et</span> <span class='ocrx_word' id='word_1_71' title='bbox 1483 1472 1857 1547; x_wconf 89' lang='lat' dir='ltr'>heredibus</span> <span class='ocrx_word' id='word_1_72' title='bbox 1900 1471 2045 1542; x_wconf 90' lang='lat' dir='ltr'>suis</span> <span class='ocrx_word' id='word_1_73' title='bbox 2088 1477 2418 1562; x_wconf 87' lang='lat' dir='ltr'>tanquam</span> <span class='ocrx_word' id='word_1_74' title='bbox 2475 1468 2772 1542; x_wconf 91' lang='lat' dir='ltr'>dominis</span> <span class='ocrx_word' id='word_1_75' title='bbox 2811 1490 3051 1542; x_wconf 91' lang='lat' dir='ltr'>eorum</span> <span class='ocrx_word' id='word_1_76' title='bbox 3081 1470 3151 1539; x_wconf 92' lang='lat' dir='ltr'>in</span> <span class='ocrx_word' id='word_1_77' title='bbox 3190 1491 3341 1542; x_wconf 92' lang='lat' dir='ltr'>om-</span> 
     </span>
     <span class='ocr_line' id='line_1_9' title="bbox 526 1592 3341 1692; baseline -0 -25"><span class='ocrx_word' id='word_1_78' title='bbox 526 1597 729 1669; x_wconf 90' lang='lat' dir='ltr'>nibus</span> <span class='ocrx_word' id='word_1_79' title='bbox 757 1595 846 1668; x_wconf 93' lang='lat' dir='ltr'>de</span> <span class='ocrx_word' id='word_1_80' title='bbox 880 1605 1106 1668; x_wconf 89' lang='lat' dir='ltr'>cetero</span> <span class='ocrx_word' id='word_1_81' title='bbox 1135 1597 1596 1692; x_wconf 89' lang='lat' dir='ltr'>respondeant</span> <span class='ocrx_word' id='word_1_82' title='bbox 1628 1607 1696 1669; x_wconf 94' lang='lat' dir='ltr'>et</span> <span class='ocrx_word' id='word_1_83' title='bbox 1722 1594 2117 1683; x_wconf 86' lang='lat' dir='ltr'>intendant,</span> <span class='ocrx_word' id='word_1_84' title='bbox 2156 1594 2353 1666; x_wconf 85' lang='lat' dir='ltr'>salvo</span> <span class='ocrx_word' id='word_1_85' title='bbox 2386 1592 2693 1666; x_wconf 90' lang='lat' dir='ltr'>dominio</span> <span class='ocrx_word' id='word_1_86' title='bbox 2729 1602 2796 1666; x_wconf 89' lang='lat' dir='ltr'>et</span> <span class='ocrx_word' id='word_1_87' title='bbox 2828 1593 2987 1685; x_wconf 88' lang='lat' dir='ltr'>jure</span> <span class='ocrx_word' id='word_1_88' title='bbox 3018 1603 3247 1666; x_wconf 88' lang='lat' dir='ltr'>nostro</span> <span class='ocrx_word' id='word_1_89' title='bbox 3272 1603 3341 1666; x_wconf 92' lang='lat' dir='ltr'>et</span> 
     </span>
     <span class='ocr_line' id='line_1_10' title="bbox 529 1715 3343 1815; baseline 0 -25"><span class='ocrx_word' id='word_1_90' title='bbox 529 1718 792 1815; x_wconf 92' lang='lat' dir='ltr'>imperii</span> <span class='ocrx_word' id='word_1_91' title='bbox 847 1719 1236 1815; x_wconf 90' lang='lat' dir='ltr'>principali.</span> <span class='ocrx_word' id='word_1_92' title='bbox 1312 1721 1691 1792; x_wconf 88' lang='lat' dir='ltr'>Statuimus</span> <span class='ocrx_word' id='word_1_93' title='bbox 1760 1719 1970 1812; x_wconf 79' lang='lat' dir='ltr'>igitur</span> <span class='ocrx_word' id='word_1_94' title='bbox 2029 1727 2097 1789; x_wconf 92' lang='lat' dir='ltr'>et</span> <span class='ocrx_word' id='word_1_95' title='bbox 2149 1717 2483 1811; x_wconf 90' lang='lat' dir='ltr'>presentis</span> <span class='ocrx_word' id='word_1_96' title='bbox 2539 1715 2883 1811; x_wconf 81' lang='lat' dir='ltr'>privilegii</span> <span class='ocrx_word' id='word_1_97' title='bbox 2943 1717 3343 1790; x_wconf 89' lang='lat' dir='ltr'>auctoritate</span> 
     </span>
     <span class='ocr_line' id='line_1_11' title="bbox 528 1837 3343 1939; baseline -0.001 -24"><span class='ocrx_word' id='word_1_98' title='bbox 528 1842 933 1915; x_wconf 92' lang='lat' dir='ltr'>mandamus</span> <span class='ocrx_word' id='word_1_99' title='bbox 983 1852 1326 1936; x_wconf 85' lang='lat' dir='ltr'>quatenus</span> <span class='ocrx_word' id='word_1_100' title='bbox 1379 1844 1569 1916; x_wconf 89' lang='lat' dir='ltr'>nulla</span> <span class='ocrx_word' id='word_1_101' title='bbox 1622 1863 1918 1939; x_wconf 88' lang='lat' dir='ltr'>persona</span> <span class='ocrx_word' id='word_1_102' title='bbox 1964 1841 2103 1914; x_wconf 91' lang='lat' dir='ltr'>alta</span> <span class='ocrx_word' id='word_1_103' title='bbox 2155 1841 2269 1914; x_wconf 89' lang='lat' dir='ltr'>vel</span> <span class='ocrx_word' id='word_1_104' title='bbox 2321 1837 2639 1930; x_wconf 91' lang='lat' dir='ltr'>humilis,</span> <span class='ocrx_word' id='word_1_105' title='bbox 2708 1839 3167 1912; x_wconf 87' lang='lat' dir='ltr'>ecclesiastica</span> <span class='ocrx_word' id='word_1_106' title='bbox 3229 1842 3343 1913; x_wconf 88' lang='lat' dir='ltr'>vel</span> 
     </span>
     <span class='ocr_line' id='line_1_12' title="bbox 527 1962 3340 2058; baseline -0.002 -20"><span class='ocrx_word' id='word_1_107' title='bbox 527 1965 917 2058; x_wconf 89' lang='lat' dir='ltr'>mundana,</span> <span class='ocrx_word' id='word_1_108' title='bbox 989 1965 1250 2040; x_wconf 90' lang='lat' dir='ltr'>dictum</span> <span class='ocrx_word' id='word_1_109' title='bbox 1318 1968 1636 2040; x_wconf 91' lang='lat' dir='ltr'>comitem</span> <span class='ocrx_word' id='word_1_110' title='bbox 1695 1966 1806 2037; x_wconf 91' lang='lat' dir='ltr'>vel</span> <span class='ocrx_word' id='word_1_111' title='bbox 1867 1963 2161 2037; x_wconf 90' lang='lat' dir='ltr'>heredes</span> <span class='ocrx_word' id='word_1_112' title='bbox 2223 1984 2387 2035; x_wconf 90' lang='lat' dir='ltr'>suos</span> <span class='ocrx_word' id='word_1_113' title='bbox 2436 1970 2671 2035; x_wconf 89' lang='lat' dir='ltr'>contra</span> <span class='ocrx_word' id='word_1_114' title='bbox 2724 1962 2935 2055; x_wconf 88' lang='lat' dir='ltr'>hujus</span> <span class='ocrx_word' id='word_1_115' title='bbox 2998 1962 3340 2056; x_wconf 80' lang='lat' dir='ltr'>privilegii</span> 
     </span>
     <span class='ocr_line' id='line_1_13' title="bbox 528 2085 3340 2182; baseline -0.001 -22"><span class='ocrx_word' id='word_1_116' title='bbox 528 2090 734 2162; x_wconf 86' lang='lat' dir='ltr'>nostri</span> <span class='ocrx_word' id='word_1_117' title='bbox 780 2099 1086 2162; x_wconf 86' lang='lat' dir='ltr'>tenorem</span> <span class='ocrx_word' id='word_1_118' title='bbox 1126 2110 1304 2161; x_wconf 88' lang='lat' dir='ltr'>ausu</span> <span class='ocrx_word' id='word_1_119' title='bbox 1337 2089 1699 2162; x_wconf 90' lang='lat' dir='ltr'>temerario</span> <span class='ocrx_word' id='word_1_120' title='bbox 1729 2109 1936 2182; x_wconf 90' lang='lat' dir='ltr'>super</span> <span class='ocrx_word' id='word_1_121' title='bbox 1975 2086 2301 2182; x_wconf 88' lang='lat' dir='ltr'>predictis</span> <span class='ocrx_word' id='word_1_122' title='bbox 2342 2086 2668 2179; x_wconf 87' lang='lat' dir='ltr'>impetere</span> <span class='ocrx_word' id='word_1_123' title='bbox 2701 2085 2812 2157; x_wconf 89' lang='lat' dir='ltr'>vel</span> <span class='ocrx_word' id='word_1_124' title='bbox 2855 2107 3145 2179; x_wconf 80' lang='lat' dir='ltr'>gravare</span> <span class='ocrx_word' id='word_1_125' title='bbox 3184 2106 3340 2179; x_wconf 91' lang='lat' dir='ltr'>pre-</span> 
     </span>
     <span class='ocr_line' id='line_1_14' title="bbox 530 2207 3338 2307; baseline -0.002 -23"><span class='ocrx_word' id='word_1_126' title='bbox 530 2222 772 2285; x_wconf 82' lang='lat' dir='ltr'>sumat.</span> <span class='ocrx_word' id='word_1_127' title='bbox 809 2212 1016 2299; x_wconf 89' lang='lat' dir='ltr'>Quod</span> <span class='ocrx_word' id='word_1_128' title='bbox 1046 2212 1167 2307; x_wconf 92' lang='lat' dir='ltr'>qui</span> <span class='ocrx_word' id='word_1_129' title='bbox 1195 2212 1688 2307; x_wconf 88' lang='lat' dir='ltr'>presumpserit</span> <span class='ocrx_word' id='word_1_130' title='bbox 1727 2220 1999 2284; x_wconf 89' lang='lat' dir='ltr'>centum</span> <span class='ocrx_word' id='word_1_131' title='bbox 2030 2208 2358 2281; x_wconf 91' lang='lat' dir='ltr'>librarum</span> <span class='ocrx_word' id='word_1_132' title='bbox 2387 2208 2536 2280; x_wconf 89' lang='lat' dir='ltr'>auri</span> <span class='ocrx_word' id='word_1_133' title='bbox 2566 2208 2720 2302; x_wconf 91' lang='lat' dir='ltr'>puri</span> <span class='ocrx_word' id='word_1_134' title='bbox 2757 2229 2935 2302; x_wconf 93' lang='lat' dir='ltr'>pena</span> <span class='ocrx_word' id='word_1_135' title='bbox 2975 2207 3338 2302; x_wconf 86' lang='lat' dir='ltr'>plectatur,</span> 
     </span>
     <span class='ocr_line' id='line_1_15' title="bbox 530 2331 3344 2428; baseline -0.002 -21"><span class='ocrx_word' id='word_1_136' title='bbox 530 2335 890 2408; x_wconf 89' lang='lat' dir='ltr'>medietate</span> <span class='ocrx_word' id='word_1_137' title='bbox 943 2356 1215 2408; x_wconf 89' lang='lat' dir='ltr'>camere</span> <span class='ocrx_word' id='word_1_138' title='bbox 1269 2344 1499 2408; x_wconf 90' lang='lat' dir='ltr'>nostre</span> <span class='ocrx_word' id='word_1_139' title='bbox 1547 2343 1618 2408; x_wconf 92' lang='lat' dir='ltr'>et</span> <span class='ocrx_word' id='word_1_140' title='bbox 1668 2334 1934 2428; x_wconf 90' lang='lat' dir='ltr'>reliqua</span> <span class='ocrx_word' id='word_1_141' title='bbox 1989 2332 2358 2405; x_wconf 88' lang='lat' dir='ltr'>medietate</span> <span class='ocrx_word' id='word_1_142' title='bbox 2417 2331 2637 2427; x_wconf 88' lang='lat' dir='ltr'>passis</span> <span class='ocrx_word' id='word_1_143' title='bbox 2700 2331 3018 2423; x_wconf 89' lang='lat' dir='ltr'>injuriam</span> <span class='ocrx_word' id='word_1_144' title='bbox 3087 2332 3344 2425; x_wconf 89' lang='lat' dir='ltr'>persol-</span> 
     </span>
     <span class='ocr_line' id='line_1_16' title="bbox 530 2454 3347 2553; baseline -0.002 -22"><span class='ocrx_word' id='word_1_145' title='bbox 530 2459 780 2533; x_wconf 88' lang='lat' dir='ltr'>venda.</span> <span class='ocrx_word' id='word_1_146' title='bbox 820 2458 933 2532; x_wconf 80' lang='lat' dir='ltr'>Ad</span> <span class='ocrx_word' id='word_1_147' title='bbox 976 2460 1188 2553; x_wconf 89' lang='lat' dir='ltr'>hujus</span> <span class='ocrx_word' id='word_1_148' title='bbox 1229 2469 1461 2533; x_wconf 88' lang='lat' dir='ltr'>autem</span> <span class='ocrx_word' id='word_1_149' title='bbox 1510 2459 1898 2533; x_wconf 90' lang='lat' dir='ltr'>donationis</span> <span class='ocrx_word' id='word_1_150' title='bbox 1945 2466 2016 2531; x_wconf 90' lang='lat' dir='ltr'>et</span> <span class='ocrx_word' id='word_1_151' title='bbox 2058 2455 2519 2530; x_wconf 88' lang='lat' dir='ltr'>concessionis</span> <span class='ocrx_word' id='word_1_152' title='bbox 2569 2463 2798 2527; x_wconf 88' lang='lat' dir='ltr'>nostre</span> <span class='ocrx_word' id='word_1_153' title='bbox 2831 2454 3232 2528; x_wconf 87' lang='lat' dir='ltr'>memoriam</span> <span class='ocrx_word' id='word_1_154' title='bbox 3275 2465 3347 2527; x_wconf 84' lang='lat' dir='ltr'>et</span> 
     </span>
     <span class='ocr_line' id='line_1_17' title="bbox 531 2576 3345 2679; baseline -0.002 -25"><span class='ocrx_word' id='word_1_155' title='bbox 531 2583 734 2655; x_wconf 87' lang='lat' dir='ltr'>robur</span> <span class='ocrx_word' id='word_1_156' title='bbox 787 2593 1125 2679; x_wconf 89' lang='lat' dir='ltr'>perpetuo</span> <span class='ocrx_word' id='word_1_157' title='bbox 1180 2583 1598 2676; x_wconf 82' lang='lat' dir='ltr'>valiturum,</span> <span class='ocrx_word' id='word_1_158' title='bbox 1631 2602 1914 2679; x_wconf 86' lang='lat' dir='ltr'>presens</span> <span class='ocrx_word' id='word_1_159' title='bbox 1951 2580 2399 2677; x_wconf 83' lang='lat' dir='ltr'>privilegium</span> <span class='ocrx_word' id='word_1_160' title='bbox 2454 2576 2622 2652; x_wconf 91' lang='lat' dir='ltr'>inde</span> <span class='ocrx_word' id='word_1_161' title='bbox 2671 2577 2818 2650; x_wconf 86' lang='lat' dir='ltr'>fieri</span> <span class='ocrx_word' id='word_1_162' title='bbox 2856 2587 2927 2650; x_wconf 90' lang='lat' dir='ltr'>et</span> <span class='ocrx_word' id='word_1_163' title='bbox 2973 2578 3345 2670; x_wconf 87' lang='lat' dir='ltr'>majestatis</span> 
     </span>
     <span class='ocr_line' id='line_1_18' title="bbox 533 2705 1860 2801; baseline -0.001 -24"><span class='ocrx_word' id='word_1_164' title='bbox 533 2715 752 2779; x_wconf 88' lang='lat' dir='ltr'>nostre</span> <span class='ocrx_word' id='word_1_165' title='bbox 793 2706 1020 2801; x_wconf 84' lang='lat' dir='ltr'>sigillo</span> <span class='ocrx_word' id='word_1_166' title='bbox 1056 2706 1392 2800; x_wconf 88' lang='lat' dir='ltr'>jussimus</span> <span class='ocrx_word' id='word_1_167' title='bbox 1423 2705 1860 2779; x_wconf 91' lang='lat' dir='ltr'>communiri.</span> 
     </span>
    </p>

    <p class='ocr_par' dir='ltr' id='par_1_3' title="bbox 528 2824 3348 3419">
     <span class='ocr_line' id='line_1_19' title="bbox 619 2824 3348 2922; baseline -0.001 -21"><span class='ocrx_word' id='word_1_168' title='bbox 619 2830 841 2922; x_wconf 88' lang='lat' dir='ltr'>Hujus</span> <span class='ocrx_word' id='word_1_169' title='bbox 898 2829 998 2902; x_wconf 92' lang='lat' dir='ltr'>rei</span> <span class='ocrx_word' id='word_1_170' title='bbox 1059 2839 1266 2902; x_wconf 84' lang='lat' dir='ltr'>testes</span> <span class='ocrx_word' id='word_1_171' title='bbox 1317 2838 1480 2902; x_wconf 89' lang='lat' dir='ltr'>sunt</span> <span class='ocrx_word' id='word_1_172' title='bbox 1530 2856 1548 2900; x_wconf 90' lang='lat'>:</span> <span class='ocrx_word' id='word_1_173' title='bbox 1600 2827 2038 2903; x_wconf 87' lang='lat' dir='ltr'>Treverensis</span> <span class='ocrx_word' id='word_1_174' title='bbox 2081 2825 2672 2921; x_wconf 74' lang='lat' dir='ltr'>archiepiscopuS,</span> <span class='ocrx_word' id='word_1_175' title='bbox 2729 2825 3094 2919; x_wconf 88' lang='lat' dir='ltr'>episcopus</span> <span class='ocrx_word' id='word_1_176' title='bbox 3135 2824 3348 2898; x_wconf 87' lang='lat' dir='ltr'>Viva-</span> 
     </span>
     <span class='ocr_line' id='line_1_20' title="bbox 531 2946 3345 3048; baseline -0.001 -22"><span class='ocrx_word' id='word_1_177' title='bbox 531 2953 794 3047; x_wconf 89' lang='lat' dir='ltr'>riensis,</span> <span class='ocrx_word' id='word_1_178' title='bbox 835 2951 988 3027; x_wconf 82' lang='lat' dir='ltr'>dux</span> <span class='ocrx_word' id='word_1_179' title='bbox 1022 2953 1364 3048; x_wconf 85' lang='lat' dir='ltr'>Bawarie,</span> <span class='ocrx_word' id='word_1_180' title='bbox 1402 2952 1741 3048; x_wconf 89' lang='lat' dir='ltr'>palatinus</span> <span class='ocrx_word' id='word_1_181' title='bbox 1780 2973 2010 3027; x_wconf 85' lang='lat' dir='ltr'>comes</span> <span class='ocrx_word' id='word_1_182' title='bbox 2038 2948 2238 3042; x_wconf 90' lang='lat' dir='ltr'>Reni,</span> <span class='ocrx_word' id='word_1_183' title='bbox 2280 2947 2435 3022; x_wconf 84' lang='lat' dir='ltr'>dux</span> <span class='ocrx_word' id='word_1_184' title='bbox 2468 2947 2940 3044; x_wconf 84' lang='lat' dir='ltr'>Lothoringie,</span> <span class='ocrx_word' id='word_1_185' title='bbox 2984 2946 3137 3021; x_wconf 81' lang='lat' dir='ltr'>dux</span> <span class='ocrx_word' id='word_1_186' title='bbox 3178 2947 3345 3023; x_wconf 90' lang='lat' dir='ltr'>Bra-</span> 
     </span>
     <span class='ocr_line' id='line_1_21' title="bbox 528 3063 3339 3171; baseline -0.001 -22"><span class='ocrx_word' id='word_1_187' title='bbox 528 3074 780 3169; x_wconf 71' lang='lat' dir='ltr'>hautio,</span> <span class='ocrx_word' id='word_1_188' title='bbox 825 3075 979 3149; x_wconf 84' lang='lat' dir='ltr'>dux</span> <span class='ocrx_word' id='word_1_189' title='bbox 1015 3077 1106 3150; x_wconf 91' lang='lat' dir='ltr'>de</span> <span class='ocrx_word' id='word_1_190' title='bbox 1142 3077 1495 3171; x_wconf 81' lang='lat' dir='ltr'>Limburg‚</span> <span class='ocrx_word' id='word_1_191' title='bbox 1533 3076 1838 3148; x_wconf 92' lang='lat' dir='ltr'>marchio</span> <span class='ocrx_word' id='word_1_192' title='bbox 1873 3073 1964 3147; x_wconf 91' lang='lat' dir='ltr'>de</span> <span class='ocrx_word' id='word_1_193' title='bbox 1994 3072 2231 3146; x_wconf 90' lang='lat' dir='ltr'>Baden</span> <span class='ocrx_word' id='word_1_194' title='bbox 2248 3129 2264 3158; x_wconf 90' lang='lat'>,</span> <span class='ocrx_word' id='word_1_195' title='bbox 2309 3071 2727 3165; x_wconf 77' lang='lat' dir='ltr'>burgravius</span> <span class='ocrx_word' id='word_1_196' title='bbox 2772 3070 2862 3146; x_wconf 92' lang='lat' dir='ltr'>de</span> <span class='ocrx_word' id='word_1_197' title='bbox 2890 3063 3339 3163; x_wconf 81' lang='lat' dir='ltr'>Nuremberc,</span> 
     </span>
     <span class='ocr_line' id='line_1_22' title="bbox 529 3192 3346 3289; baseline -0.001 -19"><span class='ocrx_word' id='word_1_198' title='bbox 529 3198 609 3270; x_wconf 80' lang='lat' dir='ltr'>A.</span> <span class='ocrx_word' id='word_1_199' title='bbox 648 3199 738 3273; x_wconf 92' lang='lat' dir='ltr'>de</span> <span class='ocrx_word' id='word_1_200' title='bbox 767 3201 1072 3274; x_wconf 80' lang='lat' dir='ltr'>Pictavia</span> <span class='ocrx_word' id='word_1_201' title='bbox 1110 3221 1339 3272; x_wconf 84' lang='lat' dir='ltr'>comes</span> <span class='ocrx_word' id='word_1_202' title='bbox 1374 3199 1805 3289; x_wconf 76' lang='lat' dir='ltr'>ValentinuS,</span> <span class='ocrx_word' id='word_1_203' title='bbox 1842 3198 1923 3268; x_wconf 91' lang='lat' dir='ltr'>D.</span> <span class='ocrx_word' id='word_1_204' title='bbox 1966 3195 2057 3270; x_wconf 87' lang='lat' dir='ltr'>do</span> <span class='ocrx_word' id='word_1_205' title='bbox 2089 3194 2534 3288; x_wconf 77' lang='lat' dir='ltr'>Bernhagius,</span> <span class='ocrx_word' id='word_1_206' title='bbox 2570 3194 2648 3265; x_wconf 92' lang='lat' dir='ltr'>B.</span> <span class='ocrx_word' id='word_1_207' title='bbox 2690 3192 2782 3267; x_wconf 94' lang='lat' dir='ltr'>de</span> <span class='ocrx_word' id='word_1_208' title='bbox 2818 3193 3091 3286; x_wconf 85' lang='lat' dir='ltr'>Aicara,</span> <span class='ocrx_word' id='word_1_209' title='bbox 3127 3193 3213 3267; x_wconf 86' lang='lat' dir='ltr'>V.</span> <span class='ocrx_word' id='word_1_210' title='bbox 3254 3192 3346 3267; x_wconf 91' lang='lat' dir='ltr'>de</span> 
     </span>
     <span class='ocr_line' id='line_1_23' title="bbox 530 3320 2293 3419; baseline -0.002 -24"><span class='ocrx_word' id='word_1_211' title='bbox 530 3323 840 3416; x_wconf 88' lang='lat' dir='ltr'>Banasta,</span> <span class='ocrx_word' id='word_1_212' title='bbox 874 3323 988 3395; x_wconf 90' lang='lat' dir='ltr'>W.</span> <span class='ocrx_word' id='word_1_213' title='bbox 1032 3324 1122 3398; x_wconf 91' lang='lat' dir='ltr'>de</span> <span class='ocrx_word' id='word_1_214' title='bbox 1157 3324 1370 3397; x_wconf 90' lang='lat' dir='ltr'>Navis</span> <span class='ocrx_word' id='word_1_215' title='bbox 1405 3320 1536 3419; x_wconf 77' lang='lat'>(2),</span> <span class='ocrx_word' id='word_1_216' title='bbox 1571 3331 1642 3396; x_wconf 90' lang='lat' dir='ltr'>et</span> <span class='ocrx_word' id='word_1_217' title='bbox 1676 3321 1791 3394; x_wconf 90' lang='lat' dir='ltr'>alii</span> <span class='ocrx_word' id='word_1_218' title='bbox 1826 3320 2293 3415; x_wconf 69' lang='lat' dir='ltr'>quamplures.</span> 
     </span>
    </p>

    <p class='ocr_par' dir='ltr' id='par_1_4' title="bbox 530 3438 3348 4033">
     <span class='ocr_line' id='line_1_24' title="bbox 615 3438 3348 3521; baseline -0.003 -2"><span class='ocrx_word' id='word_1_219' title='bbox 615 3445 785 3520; x_wconf 88' lang='lat' dir='ltr'>Acta</span> <span class='ocrx_word' id='word_1_220' title='bbox 819 3456 984 3519; x_wconf 90' lang='lat' dir='ltr'>sunt</span> <span class='ocrx_word' id='word_1_221' title='bbox 1008 3448 1137 3520; x_wconf 92' lang='lat' dir='ltr'>hec</span> <span class='ocrx_word' id='word_1_222' title='bbox 1166 3469 1350 3521; x_wconf 91' lang='lat' dir='ltr'>anno</span> <span class='ocrx_word' id='word_1_223' title='bbox 1394 3446 1484 3518; x_wconf 90' lang='lat' dir='ltr'>ab</span> <span class='ocrx_word' id='word_1_224' title='bbox 1519 3445 1987 3518; x_wconf 88' lang='lat' dir='ltr'>incarnatione</span> <span class='ocrx_word' id='word_1_225' title='bbox 2014 3441 2293 3515; x_wconf 91' lang='lat' dir='ltr'>Domini</span> <span class='ocrx_word' id='word_1_226' title='bbox 2323 3440 2688 3514; x_wconf 83' lang='lat' dir='ltr'>millesimo</span> <span class='ocrx_word' id='word_1_227' title='bbox 2723 3438 3196 3513; x_wconf 87' lang='lat' dir='ltr'>ducentesimo</span> <span class='ocrx_word' id='word_1_228' title='bbox 3221 3438 3348 3511; x_wconf 88' lang='lat' dir='ltr'>tri·</span> 
     </span>
     <span class='ocr_line' id='line_1_25' title="bbox 530 3563 3345 3665; baseline -0.002 -23"><span class='ocrx_word' id='word_1_229' title='bbox 530 3571 775 3643; x_wconf 68' lang='lat' dir='ltr'>oaeimo</span> <span class='ocrx_word' id='word_1_230' title='bbox 833 3571 1075 3665; x_wconf 89' lang='lat' dir='ltr'>quinto</span> <span class='ocrx_word' id='word_1_231' title='bbox 1096 3624 1116 3662; x_wconf 92' lang='lat'>,</span> <span class='ocrx_word' id='word_1_232' title='bbox 1152 3592 1389 3644; x_wconf 90' lang='lat' dir='ltr'>mense</span> <span class='ocrx_word' id='word_1_233' title='bbox 1443 3567 1828 3659; x_wconf 85' lang='lat' dir='ltr'>decembri,</span> <span class='ocrx_word' id='word_1_234' title='bbox 1886 3588 2070 3640; x_wconf 90' lang='lat' dir='ltr'>none</span> <span class='ocrx_word' id='word_1_235' title='bbox 2131 3564 2567 3655; x_wconf 77' lang='lat' dir='ltr'>indictioniS,</span> <span class='ocrx_word' id='word_1_236' title='bbox 2624 3566 3005 3660; x_wconf 86' lang='lat' dir='ltr'>imperante</span> <span class='ocrx_word' id='word_1_237' title='bbox 3061 3563 3345 3637; x_wconf 92' lang='lat' dir='ltr'>domino</span> 
     </span>
     <span class='ocr_line' id='line_1_26' title="bbox 531 3686 3339 3786; baseline -0.002 -24"><span class='ocrx_word' id='word_1_238' title='bbox 531 3689 866 3766; x_wconf 86' lang='lat' dir='ltr'>Friderioo</span> <span class='ocrx_word' id='word_1_239' title='bbox 911 3690 1258 3785; x_wconf 88' lang='lat' dir='ltr'>secund0,</span> <span class='ocrx_word' id='word_1_240' title='bbox 1303 3691 1429 3764; x_wconf 91' lang='lat' dir='ltr'>Dei</span> <span class='ocrx_word' id='word_1_241' title='bbox 1473 3692 1695 3786; x_wconf 81' lang='lat' dir='ltr'>gratia</span> <span class='ocrx_word' id='word_1_242' title='bbox 1731 3689 2194 3762; x_wconf 89' lang='lat' dir='ltr'>Romanorum</span> <span class='ocrx_word' id='word_1_243' title='bbox 2252 3686 2660 3781; x_wconf 84' lang='lat' dir='ltr'>imperatore</span> <span class='ocrx_word' id='word_1_244' title='bbox 2692 3706 2965 3780; x_wconf 90' lang='lat' dir='ltr'>semper</span> <span class='ocrx_word' id='word_1_245' title='bbox 3016 3692 3339 3778; x_wconf 82' lang='lat' dir='ltr'>augusto,</span> 
     </span>
     <span class='ocr_line' id='line_1_27' title="bbox 530 3806 3345 3910; baseline -0.003 -24"><span class='ocrx_word' id='word_1_246' title='bbox 530 3814 891 3888; x_wconf 83' lang='lat' dir='ltr'>Jerusalem</span> <span class='ocrx_word' id='word_1_247' title='bbox 938 3823 1009 3890; x_wconf 89' lang='lat' dir='ltr'>et</span> <span class='ocrx_word' id='word_1_248' title='bbox 1038 3815 1268 3888; x_wconf 91' lang='lat' dir='ltr'>Sicilie</span> <span class='ocrx_word' id='word_1_249' title='bbox 1303 3836 1501 3910; x_wconf 82' lang='lat' dir='ltr'>rege,</span> <span class='ocrx_word' id='word_1_250' title='bbox 1539 3812 1810 3909; x_wconf 87' lang='lat' dir='ltr'>imperii</span> <span class='ocrx_word' id='word_1_251' title='bbox 1847 3812 1999 3904; x_wconf 87' lang='lat' dir='ltr'>ejus</span> <span class='ocrx_word' id='word_1_252' title='bbox 2042 3831 2224 3882; x_wconf 89' lang='lat' dir='ltr'>anno</span> <span class='ocrx_word' id='word_1_253' title='bbox 2257 3809 2549 3903; x_wconf 89' lang='lat' dir='ltr'>septimo</span> <span class='ocrx_word' id='word_1_254' title='bbox 2583 3807 2882 3897; x_wconf 85' lang='lat' dir='ltr'>decimo,</span> <span class='ocrx_word' id='word_1_255' title='bbox 2920 3806 3112 3899; x_wconf 81' lang='lat' dir='ltr'>regni</span> <span class='ocrx_word' id='word_1_256' title='bbox 3147 3806 3345 3878; x_wconf 83' lang='lat' dir='ltr'>Jeru-</span> 
     </span>
     <span class='ocr_line' id='line_1_28' title="bbox 530 3926 3210 4033; baseline -0.005 -20"><span class='ocrx_word' id='word_1_257' title='bbox 530 3939 733 4013; x_wconf 85' lang='lat' dir='ltr'>salem</span> <span class='ocrx_word' id='word_1_258' title='bbox 773 3938 1169 4028; x_wconf 83' lang='lat' dir='ltr'>undecimo,</span> <span class='ocrx_word' id='word_1_259' title='bbox 1212 3939 1408 4033; x_wconf 81' lang='lat' dir='ltr'>regui</span> <span class='ocrx_word' id='word_1_260' title='bbox 1439 3959 1605 4011; x_wconf 90' lang='lat' dir='ltr'>vero</span> <span class='ocrx_word' id='word_1_261' title='bbox 1630 3935 1857 4009; x_wconf 91' lang='lat' dir='ltr'>Sicilie</span> <span class='ocrx_word' id='word_1_262' title='bbox 1892 3934 2232 4006; x_wconf 88' lang='lat' dir='ltr'>tricesimo</span> <span class='ocrx_word' id='word_1_263' title='bbox 2264 3930 2583 4026; x_wconf 90' lang='lat' dir='ltr'>septimo,</span> <span class='ocrx_word' id='word_1_264' title='bbox 2622 3928 2929 4002; x_wconf 79' lang='lat' dir='ltr'>feliciter.</span> <span class='ocrx_word' id='word_1_265' title='bbox 2961 3926 3210 4000; x_wconf 91' lang='lat' dir='ltr'>Amen.</span> 
     </span>
    </p>

    <p class='ocr_par' dir='ltr' id='par_1_5' title="bbox 615 4051 3001 4160">
     <span class='ocr_line' id='line_1_29' title="bbox 615 4051 3001 4160; baseline -0.006 -25"><span class='ocrx_word' id='word_1_266' title='bbox 615 4066 866 4137; x_wconf 89' lang='lat' dir='ltr'>Datum</span> <span class='ocrx_word' id='word_1_267' title='bbox 902 4062 1093 4160; x_wconf 91' lang='lat' dir='ltr'>apud</span> <span class='ocrx_word' id='word_1_268' title='bbox 1135 4065 1527 4156; x_wconf 81' lang='lat' dir='ltr'>Hagenum,</span> <span class='ocrx_word' id='word_1_269' title='bbox 1563 4081 1773 4151; x_wconf 92' lang='lat' dir='ltr'>anno,</span> <span class='ocrx_word' id='word_1_270' title='bbox 1813 4078 2048 4131; x_wconf 86' lang='lat' dir='ltr'>mense</span> <span class='ocrx_word' id='word_1_271' title='bbox 2078 4064 2147 4130; x_wconf 88' lang='lat' dir='ltr'>et</span> <span class='ocrx_word' id='word_1_272' title='bbox 2177 4053 2554 4129; x_wconf 90' lang='lat' dir='ltr'>indictione</span> <span class='ocrx_word' id='word_1_273' title='bbox 2584 4051 3001 4148; x_wconf 64' lang='lat' dir='ltr'>prescriptis</span> 
     </span>
    </p>
   </div>
   <div class='ocr_carea' id='block_1_3' title="bbox 531 4328 3345 4789">
    <p class='ocr_par' dir='ltr' id='par_1_6' title="bbox 531 4328 3342 4498">
     <span class='ocr_line' id='line_1_30' title="bbox 595 4328 3342 4417; baseline -0.005 -17"><span class='ocrx_word' id='word_1_274' title='bbox 595 4345 661 4417; x_wconf 76' lang='lat'>(⁴)</span> <span class='ocrx_word' id='word_1_275' title='bbox 697 4343 916 4403; x_wconf 85' lang='lat' dir='ltr'>Scilicet</span> <span class='ocrx_word' id='word_1_276' title='bbox 952 4343 1149 4413; x_wconf 73' lang='lat' dir='ltr'>L&#39;Isla,</span> <span class='ocrx_word' id='word_1_277' title='bbox 1183 4343 1544 4416; x_wconf 60' lang='lat' dir='ltr'>carpentum,</span> <span class='ocrx_word' id='word_1_278' title='bbox 1572 4341 1934 4413; x_wconf 61' lang='lat' dir='ltr'>&amp;ternique-s,</span> <span class='ocrx_word' id='word_1_279' title='bbox 1972 4337 2323 4406; x_wconf 60' lang='lat' dir='ltr'>Cadmca-sse,</span> <span class='ocrx_word' id='word_1_280' title='bbox 2355 4336 2458 4393; x_wconf 75' lang='lat' dir='ltr'>Les</span> <span class='ocrx_word' id='word_1_281' title='bbox 2483 4332 2765 4393; x_wconf 71' lang='lat' dir='ltr'>Memmios</span> <span class='ocrx_word' id='word_1_282' title='bbox 2800 4330 2909 4403; x_wconf 64' lang='lat'>(7),</span> <span class='ocrx_word' id='word_1_283' title='bbox 2948 4328 3258 4388; x_wconf 77' lang='lat' dir='ltr'>Pierrelotte</span> <span class='ocrx_word' id='word_1_284' title='bbox 3285 4335 3342 4386; x_wconf 90' lang='lat' dir='ltr'>et</span> 
     </span>
     <span class='ocr_line' id='line_1_31' title="bbox 531 4434 886 4498; baseline 0.006 -2"><span class='ocrx_word' id='word_1_285' title='bbox 531 4439 659 4497; x_wconf 75' lang='lat' dir='ltr'>Entr</span> <span class='ocrx_word' id='word_1_286' title='bbox 788 4434 792 4438; x_wconf 71' lang='grc'><strong>’</strong></span> <span class='ocrx_word' id='word_1_287' title='bbox 873 4485 886 4498; x_wconf 95' lang='grc'><strong>.</strong></span> 
     </span>
    </p>

    <p class='ocr_par' dir='ltr' id='par_1_7' title="bbox 534 4441 3345 4789">
     <span class='ocr_line' id='line_1_32' title="bbox 596 4441 3345 4610; baseline -0.005 -17"><span class='ocrx_word' id='word_1_288' title='bbox 596 4441 869 4610; x_wconf 50' lang='lat' dir='ltr'>(new</span> <span class='ocrx_word' id='word_1_289' title='bbox 882 4537 1000 4594; x_wconf 90' lang='lat' dir='ltr'>loca</span> <span class='ocrx_word' id='word_1_290' title='bbox 1020 4537 1108 4594; x_wconf 85' lang='lat' dir='ltr'>his</span> <span class='ocrx_word' id='word_1_291' title='bbox 1139 4541 1371 4610; x_wconf 88' lang='lat' dir='ltr'>quatuor</span> <span class='ocrx_word' id='word_1_292' title='bbox 1390 4535 1592 4594; x_wconf 86' lang='lat' dir='ltr'>ultimis</span> <span class='ocrx_word' id='word_1_293' title='bbox 1625 4533 1930 4595; x_wconf 86' lang='lat' dir='ltr'>nominibus</span> <span class='ocrx_word' id='word_1_294' title='bbox 1959 4533 2305 4603; x_wconf 81' lang='lat' dir='ltr'>conveniant,</span> <span class='ocrx_word' id='word_1_295' title='bbox 2330 4547 2439 4589; x_wconf 90' lang='lat' dir='ltr'>non</span> <span class='ocrx_word' id='word_1_296' title='bbox 2474 4529 2615 4588; x_wconf 87' lang='lat' dir='ltr'>bene</span> <span class='ocrx_word' id='word_1_297' title='bbox 2637 4526 2855 4586; x_wconf 81' lang='lat' dir='ltr'>scimus.</span> <span class='ocrx_word' id='word_1_298' title='bbox 2883 4527 3128 4584; x_wconf 81' lang='lat' dir='ltr'>Banasta</span> <span class='ocrx_word' id='word_1_299' title='bbox 3162 4530 3345 4583; x_wconf 84' lang='lat' dir='ltr'>tamen</span> 
     </span>
     <span class='ocr_line' id='line_1_33' title="bbox 534 4618 3345 4707; baseline -0.004 -21"><span class='ocrx_word' id='word_1_300' title='bbox 534 4630 738 4690; x_wconf 72' lang='lat' dir='ltr'>forsitan</span> <span class='ocrx_word' id='word_1_301' title='bbox 760 4634 904 4691; x_wconf 86' lang='lat' dir='ltr'>idem</span> <span class='ocrx_word' id='word_1_302' title='bbox 929 4640 1015 4691; x_wconf 85' lang='lat' dir='ltr'>est</span> <span class='ocrx_word' id='word_1_303' title='bbox 1036 4649 1104 4691; x_wconf 89' lang='lat' dir='ltr'>ac</span> <span class='ocrx_word' id='word_1_304' title='bbox 1124 4635 1400 4692; x_wconf 66' lang='lat' dir='ltr'>Banasam</span> <span class='ocrx_word' id='word_1_305' title='bbox 1424 4634 1681 4707; x_wconf 74' lang='lat' dir='ltr'>(Lozere).</span> <span class='ocrx_word' id='word_1_306' title='bbox 1711 4631 1923 4690; x_wconf 83' lang='lat' dir='ltr'>Adsunt</span> <span class='ocrx_word' id='word_1_307' title='bbox 1944 4644 2160 4704; x_wconf 88' lang='lat' dir='ltr'>quoque</span> <span class='ocrx_word' id='word_1_308' title='bbox 2183 4629 2241 4686; x_wconf 89' lang='lat' dir='ltr'>in</span> <span class='ocrx_word' id='word_1_309' title='bbox 2267 4627 2543 4687; x_wconf 85' lang='lat' dir='ltr'>occitania</span> <span class='ocrx_word' id='word_1_310' title='bbox 2565 4624 2719 4684; x_wconf 84' lang='lat' dir='ltr'>varia</span> <span class='ocrx_word' id='word_1_311' title='bbox 2743 4623 2864 4682; x_wconf 89' lang='lat' dir='ltr'>loca</span> <span class='ocrx_word' id='word_1_312' title='bbox 2888 4636 3031 4696; x_wconf 87' lang='lat' dir='ltr'>quae</span> <span class='ocrx_word' id='word_1_313' title='bbox 3051 4620 3234 4679; x_wconf 71' lang='lat' dir='ltr'>Navoa</span> <span class='ocrx_word' id='word_1_314' title='bbox 3256 4618 3345 4678; x_wconf 79' lang='lat' dir='ltr'>vel</span> 
     </span>
     <span class='ocr_line' id='line_1_34' title="bbox 534 4727 1003 4789; baseline 0.002 -3"><span class='ocrx_word' id='word_1_315' title='bbox 534 4727 700 4788; x_wconf 78' lang='lat' dir='ltr'>Nave‘s</span> <span class='ocrx_word' id='word_1_316' title='bbox 724 4737 1003 4789; x_wconf 85' lang='lat' dir='ltr'>vocantur.</span> 
     </span>
    </p>
   </div>
   <div class='ocr_carea' id='block_1_4' title="bbox 675 4826 3020 4893">
    <p class='ocr_par' dir='ltr' id='par_1_8' title="bbox 675 4826 3020 4893">
     <span class='ocr_line' id='line_1_35' title="bbox 675 4826 3020 4893; baseline -0.005 -3"><span class='ocrx_word' id='word_1_317' title='bbox 675 4829 786 4893; x_wconf 85' lang='lat' dir='ltr'>IV.</span> <span class='ocrx_word' id='word_1_318' title='bbox 826 4845 942 4891; x_wconf 68' lang='lat' dir='ltr'>Pan</span> <span class='ocrx_word' id='word_1_319' title='bbox 961 4847 1007 4889; x_wconf 80' lang='lat'>2.</span> <span class='ocrx_word' id='word_1_320' title='bbox 2916 4826 3020 4879; x_wconf 85' lang='grc'>101</span> 
     </span>
    </p>
   </div>
   <div class='ocr_carea' id='block_1_5' title="bbox 4118 81 4500 5790">
    <p class='ocr_par' dir='ltr' id='par_1_9' title="bbox 4118 81 4500 5790">
     <span class='ocr_line' id='line_1_36' title="bbox 4118 81 4500 5790; baseline 0 0"><span class='ocrx_word' id='word_1_321' title='bbox 4118 81 4500 5790; x_wconf 95' lang='lat' dir='ltr'> </span> 
     </span>
    </p>
   </div>
  </div>
 </body>
</html>
