4500 5956
1570 606 1822 666 INDEX
1873 604 2570 667 DOCUMENTORUM.
3356 599 3475 660 971

687 939 876 1012 aprili.
1041 934 1296 1011 Capuae.
1413 966 1498 979 —
1533 934 1631 995 Ad
1675 936 1989 995 consilium
2033 935 2287 995 duorum
2330 933 2751 1009 cardinalium,
2778 934 3081 1009 negotium
3124 930 3362 1013 illorum
3406 925 3481 984 de

1498 1030 1877 1104 Lombardia,
1910 1032 1986 1091 de
2031 1033 2292 1091 marchia
2334 1032 2580 1092 Trevisii
2629 1037 2687 1091 et
2733 1028 3084 1090 Romaniola
3103 1068 3120 1097 ,
3150 1032 3276 1085 tam
3306 1039 3482 1099 super

1497 1127 1829 1187 detentione
1854 1127 2137 1204 regalium
2164 1144 2344 1204 quam
2383 1127 2458 1187 de
2493 1127 2820 1202 praeteritis
2842 1122 3206 1193 excessibus,
3249 1135 3483 1180 summo

1496 1224 1761 1301 pontiflci
1788 1232 1849 1285 et
1873 1225 2163 1285 Ecclesiae
2187 1226 2487 1287 Romanae
2513 1225 2850 1283 committit.
3362 1224 3476 1276 465

680 1329 714 1379 -i
741 1322 894 1380 maii.
970 1360 1388 1382 .......
1419 1350 1498 1365 -
1539 1320 1801 1380 Thomae
1848 1321 1923 1381 de
1973 1322 2338 1397 Montenigro
2370 1322 2708 1397 justitiario,
2741 1320 3107 1393 Principatus
3160 1321 3221 1374 et
3268 1315 3480 1373 Terrae

1498 1417 1949 1477 Beneventanae
1975 1417 2217 1477 mandat
2242 1422 2312 1477 ut
2339 1417 2620 1476 vassallos
2647 1415 2875 1476 abbatis
2893 1414 3172 1475 Cavensis
3200 1415 3260 1470 in
3287 1412 3481 1470 Bocca

1500 1513 1823 1592 Pimontis,
1859 1515 2107 1574 Nuceria
2135 1519 2194 1573 et
2219 1514 2617 1589 pertinentiis,
2661 1514 2764 1588 qui
2795 1528 2915 1571 non
2952 1516 3158 1569 tenent
3201 1510 3275 1568 de
3314 1509 3479 1568 curia

1499 1624 1605 1669 sua
1620 1654 1637 1681 ,
1662 1612 1954 1670 immunes
1979 1626 2014 1669 a
2040 1610 2525 1670 subventionibus
2551 1615 2611 1668 et
2636 1609 2895 1668 collectis
2920 1607 3197 1666 declaret.
3362 1612 3475 1664 467

706 1703 881 1786 [maio
973 1743 1389 1762 .......
1418 1734 1501 1749 --
1539 1705 1829 1766 Omnibus
1855 1706 2150 1767 nobilibus
2177 1710 2238 1766 in
2267 1708 2510 1783 imperio
2538 1707 2871 1765 constitutis
2897 1704 3138 1764 mandat
3171 1709 3240 1763 ut
3277 1719 3482 1778 pacem

747 1804 837 1862 vel
1503 1803 1563 1860 in
1601 1805 1764 1862 curia
1789 1803 2266 1864 Francoiurtensi
2306 1803 2599 1863 firmatam
2626 1801 2782 1861 infra
2805 1808 3062 1878 quatuor
3087 1798 3481 1859 hebdomadas

685 1898 903 1981 junio.]
1494 1903 1718 1975 jurent,
1760 1917 1796 1959 a
1821 1900 2107 1960 divitibus
2139 1907 2199 1960 et
2239 1901 2593 1977 pauperibus
2619 1900 2883 1959 similiter
2903 1899 3223 1975 jurandam
3266 1904 3326 1956 et
3358 1913 3480 1956 ser-

1502 2012 1542 2053 v
1764 2040 1781 2057 .
3364 2002 3475 2052 471

703 2097 872 2171 julio.
1076 2088 1282 2149 Beate.
1421 2122 1504 2139 —
1543 1996 2145 2171 aAttii‘slttixpplicationem
2165 2095 2403 2155 Henrici
2430 2096 2742 2173 lantgravii
2767 2094 3123 2170 'thuringiae
3146 2097 3206 2151 et
3231 2090 3485 2151 Conradi

1503 2189 1697 2250 fratris
1725 2194 1886 2267 ejus,
1929 2191 2216 2267 hospitale
2260 2192 2458 2253 Sancti
2495 2193 2791 2253 Francisei
2835 2193 2898 2250 in
2942 2187 3228 2264 Marburg
3252 2204 3290 2247 a
3316 2186 3486 2246 beata

1501 2287 1801 2347 Elisabeth
1838 2305 2040 2348 eorum
2084 2305 2282 2349 sorore
2318 2296 2718 2349 constructum
2764 2294 2824 2348 et
2878 2287 2955 2347 ab
3005 2289 3148 2363 ipsis
3182 2286 3481 2360 dotatum,

1502 2388 1562 2449 iu
1590 2388 2008 2463 protectionem
2033 2403 2204 2447 suam
2232 2405 2368 2448 cum
2397 2388 2669 2448 omnibus
2697 2386 2872 2448 bonis
2897 2388 3161 2462 suscipit.
3367 2394 3480 2445 477

701 2486 871 2562 julio.
1075 2475 1282 2535 Reflte·
1421 2511 1504 2528 —
1543 2482 1716 2543 Cives
1750 2483 2155 2543 Errordienses
2190 2501 2327 2544 cum
2356 2485 2629 2544 omnibus
2655 2500 2857 2544 eorum
2885 2482 3056 2543 bonis
3099 2481 3214 2543 sub
3251 2482 3486 2558 speciali

1502 2582 1861 2655 protectione
1889 2596 1999 2641 sua
2025 2584 2271 2658 recipit,
2302 2585 2501 2658 eisque
2544 2583 2895 2659 approbatas
2933 2580 3385 2642 consuetudines
3427 2586 3487 2640 et

1502 2681 1748 2754 antiqua
1778 2681 1918 2755 jura
1943 2681 2005 2738 in
2031 2686 2378 2756 perpetuum
2405 2679 2736 2740 confirmat.
3366 2686 3482 2738 478

652 2783 924 2854 augusto.
1074 2769 1279 2829 Beate·
1425 2807 1504 2819 —
1545 2776 1904 2854 Baronibus‚
1937 2776 2225 2837 militibus
2269 2783 2328 2836 et
2363 2777 2578 2853 populo
2622 2777 2947 2837 Acconensi
2990 2782 3198 2836 notum
3239 2776 3383 2835 facit
3421 2791 3485 2835 se

1502 2869 1864 2930 Theoderico
1907 2871 2342 2947 archiepiscopo
2381 2870 2739 2943 Ravennati,
2775 2870 3142 2946 Apostolicae
3181 2869 3350 2930 Sedis
3397 2869 3483 2928 le-

1503 2974 1664 3045 gato,
1697 2968 1961 3029 officium
1989 2971 2186 3028 nuntii
2214 2971 2307 3028 sui
2335 2970 2719 3042 commisisse,
2749 2971 2833 3028 ita
2861 2973 2930 3028 ut
2954 2967 3203 3028 formam
3230 2984 3483 3027 concor—

1503 3063 1636 3123 diae
1663 3066 1819 3123 inter
1845 3080 1907 3124 se
1933 3070 1993 3124 et
2013 3065 2172 3140 ipsos
2185 3067 2311 3140 jam
2329 3070 2661 3125 contractae
2680 3065 2838 3124 idem
2856 3064 3326 3140 archiepiscopus
3353 3064 3481 3124 loco

1503 3164 1598 3220 sui
1627 3177 1971 3221 conservare
1999 3164 2203 3236 possit.
3364 3169 3479 3221 479

669 3259 927 3336 [august.
975 3295 1391 3314 .......
1424 3289 1505 3302 -
1543 3260 1761 3319 Scribit
1786 3274 1972 3335 papae
2006 3275 2070 3319 se
2110 3261 2340 3318 mittere
2367 3258 2702 3319 Gebardum
2731 3260 2806 3319 de
2833 3260 3166 3334 Ameneia,
3206 3262 3482 3335 imperia-

749 3355 840 3414 vel
1506 3358 1621 3417 lem
1656 3359 1719 3416 in
1756 3358 1925 3416 Italia
1961 3357 2248 3436 legatum,
2279 3361 2382 3434 qui
2417 3358 2764 3418 mandatum
2803 3358 3188 3435 apostolicum
3223 3358 3486 3418 obtineat

707 3452 884 3528 sept.]
1505 3453 1583 3513 ad
1629 3453 1691 3512 id
1733 3459 1802 3512 ut
1847 3453 2111 3514 homines
2156 3453 2378 3530 Spoleti
2419 3459 2480 3513 et
2523 3454 2823 3515 Marchiae
2867 3455 2980 3514 sibi
3022 3454 3309 3514 auxilium
3356 3454 3485 3513 lar-

1505 3552 1760 3627 giantur.
3368 3560 3484 3611 484

716 3648 858 3719 sept.
973 3640 1087 3718 Ap.
1112 3641 1378 3700 Mentem
1424 3679 1502 3690 -
1539 3647 1766 3722 Donat,
1799 3647 2064 3707 concedit
2098 3655 2157 3708 et
2198 3647 2509 3709 confirmat
2552 3648 2913 3725 Raymundo
2951 3648 3149 3707 comiti
3191 3649 3479 3710 Tolosano

1012 3736 1337 3797 Flusoonis·
1503 3750 1719 3803 terram
1747 3745 2099 3805 Venesinam
2128 3750 2431 3819 totamque
2466 3745 2643 3802 aliam
2671 3760 2851 3820 quam
2889 3745 2953 3801 in
2992 3746 3236 3819 imperio
3268 3747 3481 3805 sivein

1502 3857 1684 3918 regno
1727 3841 2053 3900 Arelatensi
2098 3847 2158 3900 et
2192 3842 2514 3902 Viennensi
2543 3839 2699 3898 idem
2744 3855 2939 3899 comes
2981 3844 3179 3898 tenere
3232 3856 3478 3901 consue·

1503 3939 1619 4007 vit,
1666 3942 1727 3995 et
1766 3939 2023 3996 restituit
2067 3951 2200 3996 eum
2246 3937 2309 3995 in
2356 3935 2705 4012 dignitatem
2751 3934 3187 3995 marchionatus
3229 3936 3480 3996 Provin-

1502 4034 1647 4092 ciae.
3364 4042 3478 4095 485

719 4131 864 4201 sept.
977 4120 1094 4196 Ap-
1117 4119 1378 4181 Montem
1421 4161 1502 4172 —
1541 4129 1638 4189 Ad
1665 4130 2148 4206 supplicationem
2178 4125 2504 4206 principum
2534 4129 2793 4204 imperii,
2833 4130 3288 4189 controversiam
3326 4133 3483 4192 inter

1016 4217 1336 4278 Flammis·
1503 4242 1565 4285 se
1589 4232 1652 4285 et
1677 4227 1955 4286 ottonem
1985 4227 2058 4286 de
2081 4226 2398 4303 Luneburg
2426 4243 2602 4303 super
2626 4225 3078 4302 proprietatibus
3099 4227 3335 4286 Henrici
3363 4227 3479 4288 du-

1502 4324 1588 4382 cis
1614 4323 1688 4382 de
1713 4323 2061 4382 Brunswick
2089 4329 2439 4401 vertentem,
2461 4322 2538 4382 ad
2569 4321 2878 4383 arbitrium
2905 4323 3237 4399 principum
3261 4323 3480 4385 ibidem

1502 4421 1935 4479 nominatorum
1962 4422 2227 4480 remittit.
3364 4431 3478 4482 487

721 4518 869 4588 sept.
975 4509 1091 4583 Ap.
1115 4507 1381 4568 Montem
1424 4546 1505 4559 —
1546 4514 1871 4591 Ugolinum
1934 4515 2010 4575 de
2063 4515 2319 4575 Cortona
2370 4521 2431 4575 et
2480 4515 2908 4591 Bonajunctam
2967 4515 3158 4575 filium
3220 4516 3478 4576 Aimeri·

941 4665 947 4712 2
999 4604 1367 4667 Flasconem.
1506 4611 1695 4689 ghetti
1738 4611 1812 4672 de
1856 4611 2110 4672 Cortona
2162 4612 2429 4689 publicos
2482 4610 2823 4672 tabelliones
2870 4612 3099 4689 imperii
3149 4613 3473 4672 constituit.

940 4723 950 4742 ·
3029 4714 3144 4767 489
3171 4713 3229 4766 et
3254 4712 3382 4767 not.
3420 4718 3472 4768 ι.
