4500 5956
616 637 819 697 Ixnrcr.
851 628 940 712 6.]
1520 626 1918 690 HISTORIA
1973 626 2563 690 nlrhouATmA.
3335 634 3459 696 585

615 759 1006 866 Dillingen
1072 753 1516 839 Godeboldo
1589 756 1848 840 abbati
1901 767 1978 839 et
2036 757 2442 841 conventui
2495 757 2592 839 de
2652 754 3090 840 Neresheim
3161 761 3457 845 confert

613 890 1014 1002 praedium
1051 887 1260 998 apud
1294 886 1600 991 Zurtin,
1642 888 1856 999 quod
1890 888 2408 971 ministerialis
2446 915 2635 973 suus
2668 888 2963 974 Ulricus
3017 891 3115 974 de
3149 892 3452 978 Truch-

616 1023 953 1134 telingen
988 1021 1071 1102 in
1107 1043 1388 1102 manus
1425 1043 1606 1101 suas
1639 1020 2126 1103 contradidit.

772 1224 973 1299 (Edit.
1000 1239 1097 1302 ap.
1129 1220 1452 1285 Deduction
1471 1219 1591 1302 fi&-
1621 1220 1979 1297 Ner-ahaim,
2009 1239 2152 1284 ann.
2190 1230 2379 1298 ¹759,
2407 1237 2470 1299 p.
2502 1229 2651 1296 440,
2680 1221 3010 1301 Beylagen,
3042 1232 3110 1285 n·
3135 1223 3262 1303 50.)

717 1392 1058 1467 Henricus
1078 1392 1440 1490 septimuS,
1473 1391 1715 1466 divina
1743 1394 2021 1466 favente
2048 1392 2414 1466 clementia
2432 1393 2897 1465 Romanorum
2925 1415 3054 1468 rex
3083 1403 3154 1467 et
3180 1416 3454 1492 semper

622 1524 998 1614 augustus,
1056 1515 1404 1589 universis
1456 1516 1725 1611 imperii
1777 1514 2101 1590 fidelibus
2150 1516 2413 1611 quibus
2469 1514 2561 1588 he
2617 1516 2813 1589 litere
2863 1525 3135 1591 ostense
3194 1518 3452 1593 fuerint

625 1640 912 1736 gratiam
966 1661 1168 1713 suam
1210 1648 1282 1712 et
1322 1660 1532 1713 omne
1577 1639 1866 1713 bonum.
1914 1638 2028 1712 Ad
2080 1639 2443 1734 utriusque
2487 1639 2636 1711 vite
2687 1639 3078 1714 felicitatem
3123 1642 3454 1737 prodesse

625 1763 822 1836 nobis
862 1760 1005 1836 ‘non
1043 1762 1467 1857 ambigimus
1490 1817 1510 1852 ,
1557 1764 1619 1835 si
1666 1764 1818 1836 loca
1846 1762 2090 1837 divino
2125 1762 2338 1835 cultui
2375 1763 2763 1857 mancipata
2796 1765 3274 1839 curaverimus
3303 1789 3453 1840 am-

626 1885 832 1979 pliare
882 1895 951 1957 et
1006 1906 1248 1958 eorum
1304 1883 1671 1958 commodo
1718 1883 2080 1959 intendere
2127 1892 2195 1956 et
2249 1884 2520 1957 honori.
2575 1885 2751 1957 Hinc
2798 1894 2906 1958 est
2946 1886 3134 1981 quod
3184 1888 3452 1982 signifi-

624 2007 924 2081 candum
959 2006 1299 2081 duximus
1344 2007 1691 2083 universis
1726 2018 1867 2080 tam
1911 2007 2348 2103 presentibus
2397 2028 2607 2102 quam
2667 2008 2916 2081 futuris
2961 2008 3151 2103 quod
3203 2011 3452 2084 minis-

624 2132 874 2204 terialis
916 2140 1151 2206 noster
1183 2132 1455 2205 Ulricus
1490 2131 1582 2206 de
1627 2132 2120 2227 Truhtelingen
2174 2131 2496 2226 predium
2543 2130 2733 2226 apud
2774 2131 3012 2203 Zurtin
3060 2143 3372 2229 emptum
3409 2157 3454 2211 a

627 2254 1048 2329 ministeriali
1100 2262 1336 2328 nostro
1384 2253 1838 2328 Reimbotone
1888 2255 1980 2328 de
2017 2254 2388 2328 Voheburc
2436 2274 2596 2326 cum
2633 2253 2957 2326 omnibus
2988 2255 3447 2351 appendiciiS,

627 2377 947 2469 ecclesia,
987 2375 1424 2466 molendino,
1466 2377 1859 2472 mancipiis,
1896 2376 2083 2470 agris
2126 2376 2329 2449 cultis
2363 2384 2432 2447 et
2467 2375 2768 2466 incultiS,
2824 2377 3246 2472 nemoribuS,
3290 2402 3450 2476 pra·

626 2499 733 2592 tis,
770 2500 1084 2595 pascuiS,
1124 2500 1327 2594 aquis
1374 2521 1855 2595 aquarumque
1903 2498 2316 2573 decursibus
2347 2509 2415 2573 et
2461 2499 2723 2595 piscina
2754 2499 2828 2570 in
2886 2520 3133 2573 manus
3191 2514 3456 2577 nostras

628 2622 1040 2697 contradidit
1073 2631 1143 2695 et
1168 2622 1481 2698 donavit.
1522 2624 1663 2697 Nos
1698 2624 1959 2719 itaque,
1997 2622 2091 2695 ad
2114 2623 2512 2719 petitionem
2549 2621 2766 2718 ipsius
2795 2622 3031 2712 Ulrici,
3073 2624 3454 2717 predictum

626 2745 942 2839 predium
998 2746 1287 2820 ecclesie
1338 2745 1429 2821 de
1477 2747 1836 2820 Nersheim
1887 2768 1982 2819 ex
2030 2745 2408 2819 deliberato
2462 2746 2746 2820 consilio
2797 2755 2866 2818 et
2915 2747 3225 2819 consulta
3266 2746 3457 2820 deli-

626 2865 979 2941 beratione
1016 2888 1284 2942 necnon
1310 2921 1567 2943 .....
1611 2867 2017 2945 Godeboldo
2057 2869 2292 2942 abbati
2328 2878 2398 2942 et
2435 2868 2808 2942 conventui
2847 2866 3162 2962 ejusdem
3199 2869 3331 2943 loci
3367 2892 3452 2943 ac

631 2992 1148 3066 successoribus
1178 2992 1588 3067 eorumdem
1609 3014 1736 3090 per
1763 3016 2013 3068 manus
2038 2993 2269 3067 dilecti
2294 2992 2521 3067 fidelis
2539 2994 2748 3067 nostri
2773 2993 3043 3066 comitis
3059 2994 3459 3068 Hartmanni

628 3112 710 3188 de
742 3107 1066 3211 Dilingen
1110 3117 1531 3189 contulimus
1575 3126 1645 3190 et
1685 3117 2237 3192 contradidimus
2274 3119 2479 3214 pleno
2502 3119 2662 3211 jure
2712 3118 2928 3191 libere
2975 3115 3353 3190 tenendum
3388 3127 3458 3191 et

628 3248 959 3335 perpetuo
1020 3238 1559 3334 possidendum
1619 3242 2028 3315 mandantes
2083 3251 2152 3314 et
2188 3242 2326 3314 sub
2363 3241 2911 3315 interminatione
2955 3239 3176 3333 gratie
3230 3250 3460 3314 nostre

630 3359 930 3435 districte
982 3363 1443 3460 precipientes
1492 3371 1569 3435 ut
1604 3364 1794 3436 nulla
1838 3387 2146 3459 unquam
2195 3385 2494 3460 persona
2540 3363 2819 3436 humilis
2866 3363 2976 3436 vel
3019 3365 3192 3455 alta,
3238 3364 3459 3438 eccle-

629 3483 893 3558 siastica
934 3486 1047 3558 vel
1096 3484 1493 3579 mundana,
1545 3487 1714 3559 huic
1765 3486 2123 3561 donationi
2166 3489 2509 3561 contraire
2557 3486 2813 3561 audeat
2855 3508 3029 3559 ausu
3079 3485 3291 3559 ducta
3340 3496 3456 3559 te-

629 3607 952 3699 merario,
992 3617 1114 3682 aut
1158 3608 1395 3682 abbati
1442 3616 1514 3681 et
1561 3611 1937 3683 conventui
1983 3610 2334 3705 prelibatis
2381 3611 2495 3684 vel
2535 3609 3048 3683 successoribus
3093 3629 3332 3681 eorum
3379 3611 3453 3681 in

628 3727 769 3823 ipso
828 3729 1072 3825 predio
1130 3731 1468 3806 damnum
1538 3741 1663 3806 aut
1729 3754 2103 3829 gravamen
2175 3733 2458 3830 aliquod
2518 3734 2823 3827 irrogare
2847 3785 2867 3823 ,
2922 3753 3045 3803 seu
3086 3731 3446 3804 ecclesiam

629 3852 690 3924 in
723 3852 970 3927 eodem
1007 3863 1362 3950 presumat
1392 3855 1689 3948 alicujus
1736 3857 1998 3951 ingenii
2049 3857 2378 3952 scrupulo
2411 3856 2799 3945 molestare3
2845 3854 3013 3926 alias
3057 3852 3179 3947 qui
3223 3853 3449 3927 facere

628 3979 1155 4073 presumpserit,
1224 3980 1771 4076 indignationem
1843 3981 2179 4055 tremendi
2243 3979 2506 4074 judicis
2570 3987 2941 4071 nostreque
3019 3976 3449 4050 celsitudinis

632 4120 903 4192 gravem
958 4103 1289 4177 offensam
1348 4104 1822 4180 indubitanter
1878 4128 1956 4180 se
2022 4106 2295 4179 noverit
2351 4104 2746 4177 incurrisse.
2807 4100 2921 4176 Ad
2970 4101 3173 4194 cujus
3240 4102 3448 4176 etiam

634 4223 780 4298 facti
831 4236 901 4299 et
952 4225 1346 4301 donationis
1400 4239 1631 4304 nostre
1687 4230 2085 4304 memoriam
2136 4228 2531 4304 evidentem
2584 4235 2656 4302 et
2706 4227 2920 4301 robur
2973 4226 3047 4297 in
3101 4235 3444 4322 posterum

636 4344 1067 4440 duraturum,
1116 4372 1405 4446 presens
1454 4352 1717 4427 exinde
1768 4353 2207 4451 privilegium
2259 4352 2600 4426 conscribi
2651 4361 2723 4425 et
2761 4350 2970 4446 sigilli
3024 4351 3235 4424 nostri
3281 4373 3447 4422 mu-

636 4470 881 4544 nimine
918 4473 1257 4565 Jussimus
1294 4475 1636 4570 insigniri.

717 4596 946 4670 Testes
1003 4596 1076 4668 hi
1131 4608 1295 4671 sunt
1357 4627 1377 4671 ι
1443 4600 1833 4675 Fridericus
1894 4601 2111 4676 abbas
2176 4600 2739 4697 Campidouensis
2758 4653 2778 4692 ,
2837 4599 2925 4670 Η.
2991 4596 3294 4670 marchio
3351 4597 3443 4671 de

640 4710 876 4806 Baden,
908 4740 1141 4795 comes
1175 4723 1636 4799 Hartmannus
1661 4725 1753 4800 de
1780 4726 2223 4816 Wirtinberc,
2256 4747 2486 4800 comes
2521 4725 2788 4798 Ulricus
2819 4720 2906 4794 de
2940 4720 3430 4807 Helffinsteine,

778 4841 881 4904 lv.
926 4855 1042 4905 rm
1067 4863 1112 4905 2.
3045 4851 3120 4903 7⁴
3509 4838 3520 4848 '
