4500 5956
1098 570 1219 631 962
2020 580 2273 640 nvosx
2319 579 3012 641 nocuusmroauu.

1947 1001 2127 1063 latam
2154 1018 2330 1077 super
2356 1004 2725 1061 revocatione
2759 1004 3247 1063 communitatum
3285 1008 3345 1063 et
3381 1007 3867 1067 constitutionum
3895 1023 3933 1069 a

1948 1099 2179 1159 civibus
2216 1100 2543 1160 Bisuntinis
2580 1096 2947 1159 firmatarum
2983 1105 3191 1160 contra
3228 1102 3333 1178 jus
3370 1100 3597 1162 Nicolai
3640 1102 3932 1180 arehiepi-

1947 1198 2111 1273 scopi
2144 1197 2404 1257 civitatis
2427 1195 2713 1273 ejusdem.
3812 1207 3928 1258 279

1868 1319 1950 1335 —-
1989 1289 2207 1350 Uberto
2233 1290 2497 1350 Cumano
2520 1291 2790 1365 episcopo
2814 1294 2874 1347 et
2895 1288 3172 1350 ecclesiae
3196 1293 3327 1367 ejus
3353 1306 3537 1351 venas
3560 1290 3931 1352 metallorum

1441 1382 1806 1447 Ravennam.
1948 1403 2101 1464 quae
2145 1389 2532 1446 inveniuntur
2581 1386 2646 1445 in
2690 1385 2960 1445 districtu
3016 1386 3282 1463 ejusdem
3333 1389 3738 1464 episcopatus,
3788 1405 3936 1449 con-

1947 1484 2123 1545 cedit.
3812 1494 3920 1547 28ι

1151 1569 1328 1653 [dec.]
1407 1616 1813 1637 .......
1876 1610 1949 1625 ·-
1987 1579 2387 1657 Burgensibus
2411 1581 2489 1640 de
2525 1580 2768 1657 Lugano
2812 1580 3055 1642 mandat
3096 1586 3167 1641 ut
3197 1580 3591 1641 obedientiam
3617 1597 3798 1658 quam
3825 1582 3927 1642 de·

1946 1678 2091 1737 bent
2116 1678 2338 1739 Uberto
2366 1676 2632 1737 Cumano
2659 1679 2930 1754 episcopo
2955 1684 3015 1736 et
3039 1677 3316 1737 ecclesiae
3336 1679 3496 1754 ejus,
3528 1693 3648 1737 non
3676 1678 3929 1754 amplius

1948 1774 2231 1851 denegare
2258 1780 2662 1850 praesumant.
3811 1782 3923 1833 282

1105 1859 1394 1922 deeemh.=
1450 1864 1788 1929 Ravennae.
1865 1903 1946 1916 -
1984 1871 2301 1931 Astuidum
2341 1871 2631 1930 Iohannis
2673 1869 3019 1931 Bel-nardini
3058 1870 3136 1930 de
3174 1868 3378 1933 Castro
3411 1870 3583 1932 Novo
3626 1869 3927 1947 publicum

1124 2026 1340 2102 1252
1944 1967 2316 2028 tabellionem
2341 1969 2568 2043 imperii
2595 1969 2925 2028 constituit.
3806 1975 3919 2028 283

1123 2166 1189 2215 11
1219 2160 1345 2232 jan.
1447 2153 1783 2215 Ravennae·
1864 2193 1944 2205 -
1984 2163 2329 2222 Hermanno
2354 2163 2638 2239 magistro
2661 2160 2874 2222 domus
2899 2160 3399 2222 Theutonicorum
3425 2160 3675 2223 mandat
3697 2167 3768 2222 ut
3792 2161 3925 2222 Bai-

1942 2260 2106 2317 nerio
2132 2257 2330 2317 abbati
2353 2258 2430 2317 de
2455 2257 2655 2317 Monte
2681 2257 2915 2318 Amiate
2957 2258 3022 2317 in
3058 2258 3274 2317 Tuscia
3311 2259 3623 2336 privilegia
3662 2257 3925 2336 ejusdem

1939 2354 2215 2415 ecclesiae
2241 2357 2541 2428 restituat,
2572 2370 2724 2434 quae
2749 2361 2985 2432 propter
3025 2360 3459 2415 sacramentnm
3507 2353 3809 2416 fidelitatis
3846 2355 3924 2416 ab

1939 2451 2147 2511 eodem
2174 2451 2387 2511 abbate
2414 2451 2827 2527 praestandum
2843 2496 2860 2528 ‚
2890 2451 3157 2528 deposita
3179 2450 3437 2519 fueram.
3807 2459 3921 2512 284

1861 2580 1940 2592 -
1978 2549 2242 2609 Revocat
2285 2551 2649 2621 communia,
2688 2549 2960 2621 consilia,
2991 2550 3305 2626 magistros
3345 2549 3611 2625 aliosque
3647 2547 3926 2610 officiales

1940 2647 2160 2706 civium
2186 2647 2290 2722 qui
2318 2648 2379 2704 in
2409 2648 2570 2705 omni
2594 2647 2837 2706 civitate
2864 2646 2958 2705 vel
2994 2644 3213 2722 oppido
3237 2644 3621 2705 Alamanniae
3650 2647 3777 2709 sine
3800 2646 3923 2721 epi-

1939 2758 2250 2819 scoporum
2292 2742 2659 2818 beneplacito
2701 2747 2871 2803 erant
2914 2744 3154 2813 statum
3191 2742 3358 2801 irrita
3401 2742 3581 2803 simul
3624 2741 3924 2801 declarans

1937 2842 2139 2900 omnia
2163 2841 2470 2918 privilegia
2497 2856 2651 2917 quae
2677 2841 2773 2901 vel
2799 2842 2926 2916 ipse
2952 2838 3050 2899 vei
3077 2839 3551 2916 praedecessores
3576 2840 3702 2913 sui,
3730 2837 3925 2899 archi-

1938 2940 2192 3015 episcopi
2239 2940 2415 2997 etiam
2458 2943 2520 2998 et
2556 2938 2815 3014 episcopi
2859 2950 3039 3013 super
3081 2934 3497 2997 communIbus
3536 2935 3601 2995 in
3623 2934 3925 3013 praejudi-

1937 3037 2097 3096 cium
2125 3038 2458 3113 principum
2485 3042 2546 3095 et
2570 3037 2796 3110 imperii
2821 3034 3132 3095 dederunt.
3804 3041 3919 3093 285

1109 3128 1346 3201 januar.
1452 3123 1525 3181 In
1547 3124 1787 3185 civitate
1859 3163 1935 3176 —
1978 3133 2075 3192 Ad
2116 3134 2600 3210 supplicationem
2643 3132 2844 3192 sifridi
2879 3131 3323 3207 Ratisponensis
3364 3130 3654 3206 episcopi,
3683 3129 3922 3204 privile-

1154 3265 1161 3270 ·
1445 3219 1778 3283 Ravennae.
1937 3229 2100 3304 glum
2128 3227 2225 3285 avi
2250 3228 2345 3285 sui
2370 3226 2651 3287 Frlderici
2677 3227 2708 3286 1
2734 3225 3091 3287 monasterio
3134 3223 3422 3284 Bohrensi
3451 3221 3751 3283 indultum
3777 3237 3923 3282 con-

1937 3323 2165 3395 firmat,
2194 3321 2472 3398 idemque
2495 3339 2632 3383 cum
2662 3322 3126 3399 possessionibus
3151 3327 3212 3381 et
3237 3319 3575 3381 hominibus
3600 3321 3664 3378 in
3690 3322 3924 3395 protec-

1937 3421 2097 3479 tione
2122 3434 2235 3479 sna
2260 3420 2523 3494 suscipit.
3801 3422 3919 3475 288

1859 3545 1940 3559 -
1977 3513 2072 3574 Ad
2107 3515 2595 3590 supplicationem
2645 3514 2896 3575 Conradi
2944 3515 3201 3592 episcopi
3249 3511 3738 3589 osnaburgensis,
3768 3513 3822 3571 ei
3862 3518 3925 3571 et

1937 3610 2215 3671 ecclesiae
2234 3614 2367 3687 ejus
2395 3610 2710 3671 ‘confirmat
2735 3610 3078 3672 advocatias
3113 3611 3371 3687 legitime
3398 3609 3717 3685 acquisitas
3747 3623 3924 3683 super

1937 3707 2111 3767 bonis
2136 3723 2376 3768 mensae
2401 3724 2543 3769 suae
2568 3714 2630 3767 et
2653 3708 2900 3784 capituli
2926 3709 3167 3784 maioris
3192 3712 3252 3767 et
3281 3706 3530 3766 aliarum
3559 3710 3921 3764 conventua-

1108 2547 1344 2621 januar.
1528 2541 1705 2617 Apud

1434 2636 1800 2699 Ravennam.

1102 3516 1336 3589 januar.
1442 3510 1779 3574 Ravennae.

1936 3805 2085 3865 lium
2112 3810 2171 3866 et
2196 3805 2649 3881 parrochianum
2668 3805 3070 3865 eecleuarum.
3801 3808 3916 3861 290

1857 3932 1939 3945 -
1977 3901 2498 3979 Osnaburgensem
2551 3902 2891 3978 episcopum
2944 3916 3083 3960 cum
3130 3899 3375 3960 ecclesia
3421 3902 3583 3976 ejus,
3637 3900 3918 3975 capitolo,

1934 3998 2308 4072 hominibus,
2339 3999 2837 4077 possessionibus,
2865 4004 3047 4075 atque
3067 3997 3241 4058 bonis
3279 3995 3390 4056 sub
3435 4012 3544 4057 sua
3585 4000 3648 4056 et
3691 3996 3922 4072 imperii

1934 4096 2171 4172 speciali
2198 4099 2558 4174 protectione
2578 4097 2802 4172 recipit.
3802 4098 3914 4150 292

1101 4196 1343 4270 januar.
1442 4191 1517 4252 In
1542 4193 1784 4252 civitate
1855 4223 1937 4237 —-
1973 4192 2070 4253 Ad
2104 4191 2593 4269 supplicationem
2633 4191 2887 4254 Walteri
2933 4190 3199 4268 abbatis,
3241 4189 3664 4249 monasterium
3708 4187 3920 4249 Medii·

1444 4289 1777 4348 Ravennae.
1933 4303 2104 4347 oense
2131 4288 2352 4364 (Molk)
2374 4305 2515 4349 cum
2541 4286 2879 4347 hominibus
2902 4292 2965 4347 et
2984 4286 3154 4346 bonis
3179 4287 3308 4363 ejus
3332 4284 3444 4344 snb
3470 4299 3582 4344 sna
3608 4289 3668 4344 et
3689 4283 3916 4359 imperii

1934 4385 2291 4459 protectione
2317 4387 2546 4461 recipit.
3799 4384 3914 4437 282

1973 4480 2071 4541 Ad
2131 4484 2619 4558 supplicationem
2686 4480 2920 4542 abbatis
2973 4479 3349 4540 Medlieensis
3363 4520 3383 4552 ‚
3435 4478 3789 4538 sententiam
3841 4474 3919 4534 ab

1934 4579 2191 4638 Henrico
2216 4579 2291 4639 de
2317 4579 2625 4656 Chunring
2663 4577 2742 4638 de
2775 4578 2950 4639 bonis
2988 4578 3052 4637 in
3098 4573 3416 4639 Rascnfeld
3451 4574 3607 4632 inter
3643 4571 3916 4633 eumdem

1934 4674 2207 4735 abbatem
2233 4682 2292 4735 et
2313 4675 2643 4752 seyfridum
2671 4675 2745 4736 de
2768 4673 3086 4735 Chalchaw
3113 4673 3297 4734 latam
3323 4668 3656 4731 confirmat.
3800 4674 3913 4727 298

1102 3904 1343 3977 januar.
1524 3900 1700 3976 Apud

1431 3996 1799 4058 Ravennam.

1100 4481 1336 4554 januar.
1438 4480 1778 4542 Ravennae.
