4500 5956
1118 582 1241 645 874
2116 579 2541 640 anEmcl
2600 579 2946 640 ssscunm
3555 581 3717 660 [Arm.
3755 581 3925 643 1236.

1124 717 1422 790 Honorio
1466 736 1738 787 summo
1788 712 2111 809 pontifice
2153 715 2347 810 apud
2383 716 2672 787 Verulas
2716 716 3057 809 colloquio
3105 716 3479 806 celebrato,
3530 718 3800 790 Verone
3843 717 3933 789 de

1124 840 1470 913 communi
1505 839 1788 912 consilio
1830 859 1953 932 pro
1990 839 2268 933 negotio
2317 840 2520 910 Terre
2563 841 2808 911 Sancte
2854 848 2922 912 et
2967 840 3447 913 reformatione
3497 841 3768 936 imperii
3804 863 3929 913 so-

1123 966 1414 1036 lemnem
1447 963 1708 1035 curiam
1746 963 2081 1035 duximus
2113 962 2587 1049 indicendam,
2631 964 2753 1036 ubi
2785 973 2922 1036 tam
2961 984 3087 1035 nos
3123 986 3336 1057 quam
3364 964 3718 1059 predictus
3749 987 3927 1060 papa

1119 1086 1563 1159 condiximus
1602 1086 1697 1182 (a)
1748 1086 2093 1158 interesse.
2146 1086 2301 1170 Quo
2340 1087 2685 1181 proposito
2729 1098 2796 1159 et
2843 1087 3270 1160 volubilitate
3314 1088 3580 1160 consilii
3630 1098 3700 1161 et
3734 1097 3922 1160 motu

1118 1231 1345 1282 rerum
1385 1210 1711 1281 continno
1761 1211 2183 1305 presentium
2239 1211 2634 1298 immutat0,
2691 1231 2817 1282 nos
2861 1233 2903 1283 a
2955 1219 3144 1282 tanto
3192 1210 3374 1283 bono
3420 1211 3741 1284 recedere
3791 1233 3925 1284 non

1116 1334 1449 1422 volenteS‚
1475 1333 1814 1404 Ferentini
1847 1333 2080 1405 denuo
2114 1356 2273 1405 cnm
2308 1356 2488 1428 papa
2518 1334 2825 1428 predicto
2859 1335 3220 1407 collatione
3252 1333 3347 1430 (b)
3378 1335 3638 1423 habita,
3665 1336 3925 1408 curiam

1114 1456 1301 1551 apud
1334 1445 1732 1527 Cremonam
1782 1456 2163 1528 indiximus
2200 1456 2293 1528 ad
2326 1479 2536 1549 quam
2583 1456 2802 1528 filium
2852 1465 3158 1529 nostrum
3197 1479 3353 1529 cum
3394 1459 3627 1529 multis
3670 1458 3925 1553 princi-

1111 1582 1318 1676 pibus
1356 1581 1624 1675 imperii
1654 1580 1864 1651 nostri
1895 1581 2297 1659 vocavimus
2314 1603 2470 1652 cum
2502 1580 2770 1653 decenti
2790 1581 3077 1652 militum
3109 1581 3462 1671 comitatu,
3482 1582 3924 1654 nihilominus

1116 1705 1206 1778 de
1241 1706 1432 1776 Italie
1466 1705 1774 1798 partibus
1806 1703 2138 1777 ducentes
2170 1705 2529 1777 nobiscum
2565 1705 2847 1792 milites,
2890 1714 3094 1800 prout
3121 1705 3490 1799 imperialis
3522 1706 3924 1778 excellentie

1115 1829 1329 1901 decus
1362 1838 1432 1900 et
1466 1837 1729 1900 tantum
1760 1829 2108 1920 negotium
2143 1828 2586 1900 condecebat.
2621 1830 2731 1899 Ex
2757 1851 2898 1921 quo
2935 1828 3299 1901 Lombardi
3334 1829 3535 1901 nobis
3583 1836 3651 1901 et
3682 1829 3920 1900 honori

1112 1962 1341 2023 nostro
1377 1952 1694 2043 rebelles,
1730 1953 1804 2022 in
1843 1952 2086 2046 spiritu
2127 1952 2690 2024 contradictionis
2711 1954 3043 2047 assumpti
3071 1955 3229 2025 etin
3252 1953 3621 2047 reprobum
3644 1974 3921 2025 sensum

1110 2075 1290 2164 dati,
1348 2075 1622 2170 palliata
1677 2076 2034 2148 occasione
2092 2077 2354 2148 timoris
2398 2086 2675 2171 propter
2729 2100 2811 2149 ea
2869 2077 3060 2171 quod
3113 2087 3528 2150 armatorum
3583 2079 3920 2151 consortio

1107 2198 1541 2286 fruebamur,
1583 2209 1651 2270 et
1693 2199 1891 2271 nobis
1937 2201 2294 2273 intendere
2340 2212 2667 2295 tanquam
2720 2202 3022 2296 ipsorum
3071 2203 3377 2295 legitimo
3421 2201 3703 2275 domino
3757 2224 3916 2274 con·

1112 2334 1564 2418 tempserunt,
1620 2334 1690 2396 et
1727 2326 2039 2415 ingressu
2096 2326 2167 2395 in
2225 2327 2485 2397 Italiam
2540 2327 2811 2397 viarum
2865 2326 3264 2398 difficultate
3297 2326 3663 2420 prohibito,
3705 2326 3919 2398 filium

1107 2457 1413 2518 nostrum
1445 2457 1515 2518 et
1539 2448 1886 2542 principes
1928 2470 1970 2520 a
2011 2448 2259 2519 nostris
2295 2449 2686 2542 aspectibus
2729 2449 3248 2522 subtraxerunt.
3292 2448 3397 2522 Ad
3443 2452 3920 2543 exaggeratio·

1104 2593 1259 2644 nem
1301 2571 1460 2643 dein
1497 2572 1806 2666 nequitie
1839 2571 2070 2643 adhuc
2101 2574 2368 2644 occulte
2410 2593 2494 2644 ac
2518 2572 2848 2668 perfidie,
2885 2575 3216 2645 malitiam
3258 2575 3689 2646 manifestam
3736 2577 3918 2648 inso-

1101 2689 1519 2791 lentiamque
1552 2698 1988 2790 adjecerunt,
2042 2698 2232 2790 quod
2272 2706 2507 2769 contra
2543 2719 2667 2770 nos
2695 2708 2766 2769 et
2791 2699 3155 2793 imperium
3191 2699 3686 2793 conspiranteS,
3722 2699 3917 2771 nobis

1102 2820 1533 2914 presentibus
1567 2830 1636 2892 et
1664 2823 2106 2915 contemptis,
2151 2822 2654 2912 conjurationes
2685 2823 2982 2895 nefarias
3013 2832 3524 2896 contraxerunt.
3550 2822 3639 2893 Et
3673 2824 3773 2894 sic
3800 2822 3919 2894 de-

1100 2944 1395 3017 siderata
1449 2944 1570 3016 filii
1608 2946 1821 3019 nostri
1861 2946 2124 3019 visione
2160 2945 2460 3018 fraudati
2512 2946 2581 3017 in
2636 2944 2961 3041 Apuliam
2998 2945 3399 3039 redeuntes,
3458 2946 3623 3041 quia
3674 2969 3915 3041 prepa-

1102 3069 1275 3139 ratio
1302 3070 1601 3163 passagii
1630 3071 2066 3141 transmarini
2100 3070 2188 3142 ad
2225 3070 2417 3163 quod
2443 3070 2850 3142 tenebamur
2884 3091 2977 3141 ex
3015 3081 3203 3158 vot0,
3245 3080 3411 3142 tunc
3443 3072 3766 3166 temporis
3794 3093 3919 3144 nos

1106 3191 1444 3283 arctabat,
1490 3215 1768 3265 causam
1804 3194 2023 3287 ipsam
2054 3195 2143 3267 de
2179 3195 2637 3267 satisfactione
2664 3194 2864 3266 nobis
2879 3203 2950 3265 et
2980 3194 3269 3288 imperio
3301 3194 3616 3268 facienda
3638 3196 3918 3267 arbitrio

1103 3316 1356 3385 summi
1391 3316 1735 3410 pontificis
1775 3318 2244 3390 commisimus
2289 3318 2825 3406 terminandam,
2868 3340 2993 3414 per
3020 3339 3232 3412 quem
3288 3319 3361 3388 in
3397 3319 3797 3412 quingentis
3825 3318 3910 3413 (c)

1106 3442 1436 3513 militibus
1484 3466 1606 3537 pro
1657 3445 1937 3534 negotio
1982 3446 2187 3516 Terre
2234 3446 2483 3517 Sancte
2516 3446 2648 3517 sub
2693 3467 2933 3518 eorum
2984 3445 3374 3539 sumptibus
3403 3465 3525 3539 per
3560 3445 3915 3516 biennium

1103 3565 1520 3638 exhibendis
1563 3569 1841 3639 fuerunt
1886 3569 2084 3641 nobis
2128 3569 2434 3641 arbitrali
2502 3570 2838 3642 sententia
2894 3568 3357 3641 condemnati.
3410 3568 3599 3652 Quos
3660 3568 3914 3641 nedum

1101 3692 1293 3786 quod
1346 3692 1545 3764 nobis
1592 3694 2107 3765 transeuntibus
2142 3692 2235 3766 ad
2286 3704 2596 3766 nostrum
2650 3694 3066 3787 obsequium
3093 3692 3658 3783 transmisissent,
3707 3693 3914 3764 immo

1102 3817 1380 3888 inimico
1437 3816 1627 3910 pacis
1660 3817 2030 3890 Ecclesiam
2080 3819 2256 3890 inter
2307 3829 2377 3891 et
2410 3820 2776 3913 imperium
2822 3818 3237 3891 discordiam
3279 3818 3690 3908 seminante,
3730 3820 3914 3912 ipsos

1102 3954 1334 4012 contra
1364 3962 1488 4012 nos
1521 3942 1592 4011 in
1624 3940 1949 4037 Apuliam
1978 3948 2521 4033 transmiserunt,
2544 3952 2609 4014 et
2631 3944 2733 4014 sic
2764 3964 2883 4036 per
2900 3942 3240 4015 contrarie
3263 3942 3742 4014 satisfactionis
3773 3963 3915 4014 mo-

1100 4065 1266 4137 dum
1285 4065 1731 4159 precedentes
1749 4068 2034 4159 injurias
2058 4068 2516 4159 geminarunt.
2542 4067 3017 4140 Redeuntibus
3036 4077 3267 4140 autem
3287 4067 3488 4138 nobis
3501 4067 3591 4138 de
3605 4066 3913 4161 partibus

1099 4190 1572 4262 transmarinis
1606 4212 1687 4261 ac
1709 4192 1885 4263 inter
1918 4213 2043 4264 nos
2067 4202 2135 4263 et
2161 4192 2535 4264 Ecclesiam
2568 4191 2994 4265 dissensione
3022 4192 3284 4282 sedata,
3321 4190 3410 4262 de
3432 4192 3913 4263 reformatione

1094 4321 1311 4383 status
1368 4313 1633 4407 imperii
1700 4327 2028 4409 concepto
2087 4317 2434 4410 proposito
2495 4314 2775 4387 firmiter
2837 4316 3223 4388 inherentes
3276 4314 3463 4409 apud
3515 4314 3910 4389 Ravennam

1175 4486 1259 4566 (a)
1302 4490 1371 4548 In
1398 4489 1530 4547 cod.
1558 4490 1772 4551 Philol.
1808 4500 1919 4551 305
1939 4537 1956 4569 ,
1986 4492 2365 4552 convenimus.

1168 4590 1253 4672 (b)
1297 4593 1366 4652 In
1395 4592 1602 4652 eodem
1627 4596 1759 4655 cod.
1788 4593 2084 4676 colloquio.

1168 4698 1241 4778 (c)
1286 4699 1627 4779 Legendum
1656 4718 1795 4761 vero
1822 4699 2283 4783 quadr-inquam.
2311 4704 2403 4766 Cf.
2425 4720 2634 4782 supra,
2659 4710 2708 4768 t.
2735 4707 2825 4779 11,
2856 4723 2918 4783 p.
2952 4714 3089 4767 703.
