4500 5956
1076 576 1199 637 694
2116 575 2462 636 anulum
2516 575 2852 639 summ
3517 576 3678 655 [An.
3715 576 3890 641 1234.

1078 711 1273 801 berg,
1296 712 1757 784 Hartmannus
1780 732 2009 784 comes
2042 711 2133 785 de
2162 711 2508 805 Dilingen,
2659 722 2892 787 comes
2914 709 3006 783 de
3035 709 3894 804 lawenstein,.Heinricus

1081 835 1309 907 senior
1336 834 1427 907 de
1454 834 1658 907 Niffin
1693 845 1761 907 et
1781 835 2100 931 Albertus
2121 837 2330 907 frater
2364 852 2569 924 suus,
2606 843 2676 906 et
2705 833 2824 905 alii
2856 834 3326 929 quamplures.

1168 957 1418 1029 Actum
1454 957 1644 1051 apud
1671 956 2062 1053 Esslingen,
2098 979 2281 1032 anno
2303 957 2575 1030 Domini
2601 958 2693 1031 M.
2725 956 2850 1030 CC.
2878 958 3192 1030 XXXIIII
3211 1010 3232 1050 ,
3269 957 3584 1033 kalendis
3604 979 3887 1032 novem·

1070 1080 1248 1171 bris,
1294 1080 1665 1153 indictione
1694 1082 1870 1154 VIII.

699 1673 956 1778 mfflffl
840 1673 900 1716 ud
1175 1647 1541 1729 Henricus
1557 1708 1580 1753 ,
1631 1646 2149 1728 Romanorum
2185 1668 2363 1755 rex,
2414 1646 2496 1726 in
2531 1645 2870 1729 favorem
2923 1644 3267 1730 Landolfi
3309 1646 3888 1733 wormatiensis

676 1781 721 1821 ¹
739 1738 942 1823 ¹⁰¹¹¹¹5¹¹
943 1781 997 1822 ¹⁸
1070 1778 1287 1862 electi
1323 1777 1729 1861 sententias
1765 1778 2267 1888 promulgat.
2309 1777 2655 1861 videlicet
2687 1777 2785 1862 de
2837 1778 3229 1863 diruendis
3284 1778 3643 1864 aedificiis
3686 1789 3762 1864 et
3793 1758 3889 1860 de

1073 1910 1322 1994 feudis
1391 1910 1836 1994 revocandis
1908 1936 2106 2020 quae
2158 1938 2205 2045 a
2259 1910 2965 2019 praedecessoribus
3019 1911 3361 2022 ejusdem
3424 1914 3638 1998 electi
3702 1913 3884 1996 fue-

1071 2055 1253 2127 runt
1286 2044 1617 2126 indebite
1652 2067 2036 2127 concessa.

1229 2259 1436 2340 (Edid.
1468 2259 1825 2337 Summum,
1855 2258 2012 2320 Hise.
2042 2244 2214 2338 episc.
2258 2257 2560 2334 wormat„
2586 2275 2648 2336 p.
2677 2266 2820 2337 2²5,
2847 2261 2911 2319 ln
2937 2258 3156 2338 textu.)

1166 2447 1563 2537 HeinricuS,
1603 2444 1729 2517 Dei
1756 2444 1976 2539 gratia
1998 2445 2460 2517 Romanorum
2497 2465 2653 2537 rex,
2687 2452 2859 2532 etc.,
2896 2443 3242 2517 universis
3263 2442 3533 2540 imperii
3567 2442 3890 2519 fidelibus

1071 2581 1201 2644 etc.
1235 2570 1405 2642 Cum
1450 2589 1577 2641 nos
1611 2569 1907 2640 velimus
1933 2567 2260 2640 dilectum
2292 2562 2680 2661 principem
2719 2575 3030 2639 nostrum
3072 2567 3537 2640 venerabilem
3578 2570 3888 2642 Worma·

1067 2696 1357 2767 tiensem
1383 2693 1676 2765 electum
1714 2712 2129 2765 conservare
2152 2690 2222 2762 in
2252 2690 2575 2763 omnibus
2594 2690 2880 2784 justitiis
2914 2690 3096 2782 suis,
3146 2691 3322 2764 scire
3355 2693 3680 2765 volumus
3717 2692 3887 2764 uni-

1070 2820 1462 2893 versitatem
1490 2826 1789 2891 vestram
1819 2816 2011 2911 quod
2049 2816 2206 2888 talis
2233 2836 2460 2888 coram
2489 2814 2689 2888 nobis
2713 2816 2846 2887 lata
2882 2824 2987 2887 est
3007 2815 3344 2889 sententia
3366 2825 3435 2888 et
3457 2817 3549 2889 ab
3571 2818 3889 2889 omnibus

1069 2944 1448 3041 approbata
1471 2941 1663 3039 quod
1691 2963 1932 3017 omnes
1960 2942 2083 3037 qui
2112 2940 2461 3036 aliquibus
2495 2937 2788 3013 edificiis
2824 2949 3338 3036 occupaverunt
3367 2940 3633 3014 curiam
3672 2942 3891 3038 ipsius

1069 3068 1305 3158 electi,
1346 3088 1626 3162 prorsus
1656 3067 1806 3162 ipsa
1834 3065 2109 3139 edificia
2147 3064 2425 3138 demere
2458 3063 2742 3140 debent.
2782 3065 3066 3159 Insuper
3102 3085 3225 3159 per
3259 3067 3665 3140 sententiam
3700 3065 3888 3140 obti-

1071 3193 1221 3264 nuit
1251 3191 1636 3286 generalem
1666 3189 1857 3284 quod
1893 3188 2208 3281 redigere
2257 3187 2464 3261 debet
2511 3209 2671 3259 cum
2707 3187 2895 3259 omni
2938 3187 3324 3280 integritate
3358 3190 3452 3263 ad
3505 3212 3677 3263 usus
3727 3212 3889 3264 suos

1072 3316 1302 3390 omnia
1330 3313 1531 3388 feoda
1565 3313 1681 3385 illa
1718 3336 1856 3408 que
1894 3335 1988 3385 ex
2016 3333 2204 3385 novo
2239 3334 2280 3384 a
2314 3311 2915 3406 predecessoribus
2950 3312 3098 3385 suis
3133 3314 3474 3409 Luipoldo
3498 3324 3569 3388 et
3600 3315 3893 3389 Henrico

1073 3449 1234 3514 sunt
1268 3461 1594 3512 concessa
1631 3449 1701 3510 et
1738 3459 1859 3532 pro
1907 3437 2130 3510 feodis
2169 3439 2326 3509 licet
2370 3436 2674 3510 indebite
2711 3438 3176 3533 possidentur.
3210 3437 3621 3512 Mandamus
3660 3440 3891 3535 itaque

1071 3574 1139 3638 et
1173 3563 1583 3659 precipimus
1609 3561 1742 3632 sub
1777 3561 2059 3633 obtentu
2087 3570 2317 3634 nostre
2345 3561 2564 3652 gratie
2589 3570 2659 3634 et
2693 3561 2969 3657 imperii
2989 3570 3069 3632 ut
3092 3564 3325 3634 nullus
3351 3563 3441 3633 sit
3471 3563 3593 3657 qui
3627 3584 3887 3637 memo·

1066 3699 1290 3761 ratum
1350 3686 1730 3780 principem
1782 3692 2090 3756 nostrum
2140 3684 2340 3756 nobis
2383 3683 2716 3757 dilectum
2754 3685 2829 3757 in
2866 3684 3035 3780 ipsis
3085 3685 3444 3757 sententiis
3499 3686 3756 3760 audeat
3781 3688 3884 3760 vel

1068 3823 1415 3907 presumat
1450 3809 1812 3904 impedire.
1847 3809 2048 3893 Quod
2082 3811 2201 3903 qui
2236 3809 2474 3881 fecerit
2501 3830 2544 3880 a
2574 3809 2795 3902 gratia
2818 3817 3048 3882 nostra
3080 3808 3168 3879 sit
3203 3808 3557 3881 exclusus.

1161 3939 1412 4008 Datum
1449 3933 1639 4029 apud
1677 3933 2038 4027 Ezlingen,
2079 3932 2392 4005 kalendis
2420 3931 2854 4022 novembris,
2907 3930 3284 4003 indictione
3318 3931 3490 4002 V111.

711 4599 770 4639 E
773 4545 870 4639 32¹¹
857 4542 963 4648 2„
1174 4515 1581 4624 HenricuS,
1628 4516 2148 4598 Romanorum
2193 4541 2364 4618 rex,
2407 4515 2826 4598 rectoribus
2863 4525 2939 4599 et
2983 4516 3448 4600 universitati
3498 4515 3882 4599 civitatum

672 4654 762 4694 ¹³¹¹
794 4650 1000 4692 ‘'¹¹¹¹‘’ffl·
1071 4650 1446 4733 societatis
1506 4648 2008 4732 Lombardiae
2078 4648 2528 4731 Anselmum
2585 4650 2683 4733 de
2742 4649 3138 4760 lustingen
3204 4648 3752 4732 marescalcum
3814 4659 3892 4731 et
