4500 5956
568 638 765 699 Iunior.
797 636 885 712 9.]
1461 629 1857 690 HISTORIA
1909 629 2498 693 DIPLOMATICA.
3272 632 3393 693 897

569 772 733 864 gulo
787 765 1105 856 militari,
1172 766 1372 857 cujus
1430 764 1748 857 precibus
1796 785 1936 836 non
1989 765 2410 857 prestitimus
2462 775 2631 837 tunc
2695 766 3022 860 temporis
3075 766 3390 860 eomple-

565 903 874 965 mentum
893 943 912 977 ‚
971 909 1048 961 se
1104 884 1565 981 oportunitate
1615 886 1935 981 temporis
1996 887 2459 961 subtrahente.
2517 888 2655 962 Sed
2709 889 3115 961 excellentie
3162 898 3394 961 nostre

569 1015 787 1108 placet
817 1010 1010 1107 quod
1044 1011 1262 1083 decus
1302 1017 1420 1079 tue
1450 1009 1694 1081 militie
1729 1019 1922 1102 grata
1968 1011 2238 1082 fortuna
2278 1011 2545 1084 distulit
2582 1020 2662 1083 ut
2696 1011 2887 1105 quod
2921 1032 3047 1107 pro
3079 1021 3147 1083 te
3187 1012 3393 1083 frater

568 1148 732 1207 tuus
782 1133 1054 1206 studuit
1096 1132 1420 1227 precibus
1456 1131 1797 1221 obtinere,
1850 1131 1975 1202 tibi
2022 1131 2611 1228 sine-cujusquam
2652 1135 2968 1229 precibus
3006 1134 3295 1206 libenter
3325 1144 3397 1206 et

567 1258 935 1330 liberaliter
970 1253 1472 1341 concedamus3
1525 1254 1863 1325 ostensuri
1907 1253 2270 1345 magnifice
2310 1257 2615 1329 favorem
2656 1266 2961 1329 nostrum
2996 1268 3065 1329 et
3100 1258 3387 1347 gratiam

565 1400 773 1473 qnam
825 1388 1105 1472 paterna
1150 1385 1220 1446 et
1267 1384 1385 1445 tua
1429 1383 1829 1446 meruerunt
1871 1377 2149 1448 servitia
2201 1376 2551 1450 modernis
2591 1380 3038 1473 temporibus.
3096 1380 3390 1474 Suppli-

565 1501 867 1574 cationes
913 1520 1079 1571 vero
1108 1508 1263 1570 tuas
1300 1496 1695 1568 audivimus
1725 1519 1901 1590 quas
1930 1520 2054 1593 pro
2081 1500 2201 1570 tali
2225 1511 2456 1573 nostre
2492 1501 2952 1592 magnitudini
2997 1501 3384 1591 destinasti,

566 1633 635 1696 et
675 1623 1037 1696 consilium
1085 1630 1154 1693 et
1187 1623 1523 1712 juvamen
1564 1631 1872 1692 nostrum
1918 1622 2011 1692 ad
2050 1622 2124 1692 id
2170 1624 2684 1716 interponemus
2719 1625 3005 1696 libenter
3047 1633 3125 1696 ut
3157 1625 3228 1695 in
3262 1625 3393 1698 hoc

568 1746 884 1820 effectum
925 1747 1022 1816 tui
1062 1743 1390 1817 desiderii
1421 1745 1888 1837 consequaris.
1953 1746 2244 1818 Studeas
2297 1748 2507 1839 igitur
2555 1748 2627 1819 in
2664 1748 2961 1819 servitiis
2992 1749 3266 1837 nostris,
3303 1747 3394 1820 de

568 1870 752 1941 bono
816 1869 889 1939 in
935 1868 1183 1939 melius
1232 1866 1324 1939 ad
1373 1865 1824 1939 devocionem
1880 1877 1951 1938 et
2023 1867 2231 1940 fidem
2290 1871 2461 1942 alios
2506 1871 2907 1960 allecturuS,
2972 1881 3042 1943 et
3104 1892 3262 1942 cum
3320 1872 3389 1943 in

569 1991 1047 2065 Lombardiam
1097 1991 1379 2063 feliciter
1434 1990 1642 2062 dante
1680 1991 1972 2063 Domino
2027 1993 2429 2082 veniemus,
2485 1992 2778 2066 devotus
2837 2002 2909 2065 et
2965 1992 3219 2087 hylaris
3274 2017 3394 2066 as-

572 2115 886 2211 pectibus
929 2115 1179 2186 nostris
1229 2135 1549 2186 occurras
1569 2166 1590 2205 ,
1649 2123 1725 2186 ut
1760 2114 2148 2187 devotionis
2180 2125 2296 2188 tue
2327 2117 2680 2209 integritas
2716 2117 3126 2190 continuatis
3162 2139 3392 2190 coram

574 2238 772 2310 nobis
803 2237 1052 2309 clareat
1081 2236 1543 2308 incrementis.

1025 2543 1902 2555 -n———u———u—-ffloffl

678 2809 735 2890 F
737 2808 1130 2909 ridericuS,
1174 2808 1695 2891 Romanorum
1732 2806 2172 2915 imperator,
2213 2804 2568 2913 episcopo
2593 2804 3019 2887 Brixinensi
3055 2805 3134 2885 in
3171 2804 3292 2913 cuj
3304 2831 3392 2887 us
3449 2832 3806 2930 mgffigua

574 2952 776 3024 terra
828 2950 1137 3051 propter
1189 2939 1784 3023 imbecillitatem
1841 2938 2005 3048 ejus
2057 2937 2355 3045 justitia
2425 2937 2677 3046 vigere
2730 2935 2989 3039 desiit,
3049 2937 3395 3020 concedit
3535 2918 3753 2993 ‘⁰⁸¹²“03

576 3082 662 3155 ut
695 3073 986 3182 regalia
1045 3073 1404 3155 ecclesiae
1440 3073 1518 3153 in
1568 3072 1728 3153 suis
1771 3071 2129 3152 manibus
2182 3068 2514 3178 resignet
2568 3093 2765 3177 quae
2816 3069 2978 3177 ipse
3031 3070 3395 3153 custodiri

575 3214 649 3287 et
698 3205 1092 3313 procurari
1154 3205 1378 3286 faciet
1394 3265 1418 3306 ,
1480 3202 1947 3311 quibusdam
2010 3227 2150 3311 pro
2205 3201 2750 3284 sustentatione
2801 3202 3001 3283 vitae
3053 3200 3395 3312 ejusdem

576 3336 903 3444 episcopi
940 3337 1340 3421 reservatis
1376 3335 1770 3418 reditibus.

739 3566 947 3640 (Edld.
996 3583 1076 3626 nn
1126 3566 1432 3626 Bonum:
1447 3608 1468 3643 ,
1512 3566 1796 3646 Beytraqe
1836 3581 1951 3624 zur
1994 3560 2315 3624 Geschichte
2349 3560 2570 3638 Tirols,
2610 3563 2755 3624 Cod.
2787 3563 3017 3638 probat.
3066 3565 3393 3641 diplomat„

814 3688 875 3749 p.
912 3680 1051 3741 321,
1082 3680 1151 3730 n⁰
1175 3670 1555 3733 cxxxvm.
1586 3670 1677 3730 Ex
1726 3670 1958 3730 mendis
1993 3669 2210 3746 quibus
2237 3669 2351 3728 hoc
2378 3667 2783 3745 apographum
2817 3675 3035 3742 scatet,
3076 3673 3392 3731 crassiores

814 3775 1306 3853 emendavimus.)

672 3972 1098 4061 Fridericus,
1135 3974 1259 4046 Dei
1305 3973 1525 4068 gratia
1570 3973 2033 4045 Romanorum
2076 3971 2445 4064 imperator
2487 3989 2759 4063 semper
2790 3978 3161 4062 augustus,
3200 3972 3393 4043 Jeru-

580 4096 789 4168 salem
827 4106 896 4169 et
926 4096 1159 4169 Sicilie
1190 4118 1343 4169 reX.
1379 4098 1508 4168 Per
1539 4117 1823 4190 presens
1858 4096 2184 4188 scriptum
2226 4102 2468 4164 notum
2508 4092 2797 4163 facimus
2830 4090 3170 4164 universis
3204 4095 3394 4188 quod

580 4240 736 4290 cum
793 4240 917 4314 per
952 4228 1205 4291 terram
1256 4220 1483 4292 dilecti
1531 4219 1860 4314 principis
1904 4218 2117 4290 nostri
2164 4215 2578 4289 venerabilis
2617 4214 3048 4286 Brixinensis
3094 4217 3394 4313 episcopi

582 4344 935 4415 transitum
972 4345 1383 4434 faceremus,
1437 4365 1596 4415 cum
1643 4343 2006 4415 victorioso
2058 4341 2364 4414 exercitu
2414 4350 2644 4412 nostro
2689 4339 2761 4411 in
2808 4339 3073 4412 ltaliam
3121 4363 3399 4435 proces-

580 4465 758 4556 suri,
796 4474 866 4538 et
914 4488 1126 4559 quam
1187 4468 1559 4562 plurimum
1608 4466 1941 4538 clamores
1995 4474 2065 4537 et
2127 4465 2557 4558 querimonie
2615 4471 2916 4538 nostram
2971 4463 3394 4540 audientiam

580 4590 1058 4681 propulsarent
1092 4589 1286 4683 quod
1321 4589 1557 4661 multis
1589 4587 1857 4661 damnis
1896 4598 1964 4660 et
2001 4587 2567 4683 oppressionibus
2606 4586 3043 4680 subjacerent
3074 4610 3202 4662 nec
3234 4592 3396 4682 jus-

580 4711 798 4783 titiam
835 4714 1169 4806 consequi
1196 4723 1513 4808 poterant
1552 4733 1683 4784 nec
1716 4712 1997 4803 habere,
2033 4732 2190 4783 cum
2227 4710 2540 4804 undique
2570 4706 3038 4785 malefactores
3063 4713 3402 4788 irruerent

742 4833 852 4896 IV.
891 4849 1005 4894 Pu·
1030 4852 1073 4894 2.
2150 4825 2157 4832 ’
2982 4843 3089 4895 113
