4500 5956
624 633 815 691 lxntcr.
854 632 983 709 10.]
1526 629 1918 691 HISTORIA
1968 628 2550 690 DtPLoMA'rmA.
3318 630 3435 692 907

622 765 714 836 ad
766 765 1104 836 talliarum
1170 763 1576 835 solutionem
1625 764 1970 838 interdum
2028 764 2254 838 clerici
2309 764 2807 858 compelluntur
2868 763 2938 832 in
2991 763 3429 857 patrimonia-

622 887 801 959 libus
836 888 950 959 vel
985 889 1055 957 in
1094 886 1343 976 feudis,
1376 887 1580 958 realis
1602 888 1714 959 vel
1752 888 2129 981 personalis
2153 888 2442 958 actionis
2479 885 2750 959 delectu
2784 906 2921 957 non
2957 885 3191 958 habito
3224 908 3432 982 super

622 1011 747 1099 eis,
781 1010 913 1082 hoc
944 1032 1084 1082 non
1113 1010 1205 1082 ad
1238 1031 1488 1081 nomen
1528 1010 1803 1102 injurie,
1841 1010 1967 1083 sed
1994 1009 2087 1082 ad
2110 1010 2291 1102 juris
2317 1010 2796 1081 executionem
2832 1009 3056 1103 potius
3088 1008 3434 1082 credimus

617 1133 1120 1208 reducendum.
1180 1136 1256 1205 In
1315 1132 1670 1206 beneficiis
1714 1143 1945 1206 autem
1993 1134 2468 1205 ecclesiasticis
2519 1133 2632 1204 vel
2690 1131 3224 1225 obligationibus
3272 1154 3432 1205 con-

618 1260 850 1330 tractis
883 1259 974 1330 ab
1009 1258 1111 1330 eis
1152 1258 1342 1329 nulla
1380 1258 1832 1351 permittimus
1882 1258 2167 1330 clericos
2198 1279 2428 1329 coram
2463 1255 2646 1327 civili
2676 1254 2939 1347 judicio
2978 1257 3430 1335 conventione

617 1382 884 1472 vexari,
921 1381 1097 1453 adeo
1129 1380 1320 1473 quod
1349 1390 1582 1452 contra
1619 1401 1738 1452 eos
1773 1382 1844 1451 in
1880 1381 2199 1453 civilibus
2231 1380 2634 1451 criminibus
2663 1379 2895 1473 etiam,
2925 1399 3064 1471 que
3098 1379 3424 1451 lesionem

619 1514 844 1576 nostre
879 1526 1017 1576 non
1051 1504 1401 1577 continent
1446 1503 1843 1595 majestatis,
1887 1524 2095 1597 super
2125 1502 2379 1596 quibus
2413 1500 2798 1574 secundum
2833 1509 3144 1573 veterum
3195 1502 3424 1593 legum

614 1628 782 1698 scita
826 1628 1050 1699 civilis
1093 1627 1350 1719 judicis
1386 1627 1669 1699 deberet
1702 1648 1855 1699 esse
1890 1626 2215 1718 cognitio,
2269 1625 2666 1719 parcissime
2699 1626 2814 1715 jus
2864 1623 3155 1696 dicatur.
3202 1624 3314 1695 Sic
3362 1637 3430 1695 et

616 1749 688 1820 in
734 1750 1127 1844 provisione
1176 1760 1524 1842 pastorum
1577 1749 1987 1821 vacantibus
2037 1748 2345 1821 ecclesiis
2399 1746 2742 1835 facienda,
2794 1767 2919 1819 nos
2959 1746 3076 1838 jus
3119 1756 3425 1823 nostrum

615 1874 977 1966 antiquum
1016 1873 1216 1945 nobis
1248 1875 1338 1946 de
1378 1875 1536 1964 jure
1568 1871 2042 1964 defendimus,
2087 1873 2157 1942 in
2201 1892 2340 1964 quo
2386 1871 2620 1943 inferri
2651 1870 2849 1941 nobis
2884 1869 3206 1960 injuriam
3235 1871 3425 1942 nullo

612 1997 829 2071 modo.
855 1997 969 2069 vel
1004 2006 1307 2091 tempore
1356 1998 1693 2070 sustinere
1742 2018 2137 2090 possemus3
2189 2017 2329 2067 non
2374 1995 2604 2066 minus
2652 1992 2975 2066 dedecori
3017 2016 3225 2087 quam
3277 1994 3428 2067 dis-

610 2120 866 2214 pendio
898 2130 1294 2215 reputantes
1340 2122 1399 2192 si
1436 2142 1520 2193 eo
1549 2119 1740 2214 quod
1786 2120 2383 2213 predecessoribus
2419 2118 2665 2192 nostris
2699 2118 2771 2188 in
2807 2138 3050 2210 regno,
3087 2138 3264 2211 quos
3298 2141 3424 2191 nec

610 2245 910 2336 potentie
962 2253 1147 2316 tante
1201 2245 1549 2337 fastigium
1596 2267 1724 2316 nec
1771 2244 1983 2316 decus
2033 2244 2203 2316 tanti
2256 2243 2552 2316 nominis
2603 2242 3017 2326 illustrabat,
3066 2243 3420 2314 toleratum

608 2387 732 2458 per
779 2366 1153 2438 Ecclesiam
1197 2367 1426 2438 extitit
1473 2367 1584 2439 vel
1639 2367 2009 2455 indultum,
2065 2388 2194 2438 nos
2245 2364 2496 2438 diebus
2542 2364 2791 2437 nostris
2836 2363 3257 2456 contingeret
3292 2364 3424 2436 de-

609 2487 936 2560 fraudari.
981 2489 1259 2561 Illorum
1308 2500 1537 2562 autem
1587 2489 1983 2562 officialium
2042 2489 2326 2561 nomina
2381 2510 2503 2582 per
2550 2508 2727 2581 quos
2771 2496 3067 2559 rectores
3119 2487 3425 2559 ecclesiis

608 2625 1081 2704 preponuntur
1147 2614 1256 2685 vel
1309 2613 1632 2707 prepositi
1679 2613 2128 2708 repelluntur,
2189 2633 2460 2684 necnon
2520 2620 2588 2682 et
2647 2610 3089 2682 ecclesiarum
3140 2611 3290 2683 loca
3349 2612 3419 2681 in

606 2735 862 2827 quibus
896 2736 1055 2809 talia
1099 2745 1603 2831 perpetrantur,
1639 2737 1815 2808 scire
1860 2735 2151 2808 libenter
2198 2736 2534 2807 vellemus
2568 2755 2609 2804 a
2641 2733 2879 2820 vobis,
2919 2741 2996 2804 ut
3048 2742 3423 2825 transgres-

605 2858 869 2930 sionem
924 2860 1233 2953 ipsorum
1288 2881 1468 2954 pena
1521 2860 1831 2953 legitima
1883 2859 2325 2954 puniremus,
2365 2858 2498 2930 nisi
2540 2858 2824 2930 forsitan
2876 2857 3141 2951 perpeti
3182 2858 3423 2951 preju-

606 2981 866 3055 dicium
917 2983 1287 3056 crederetis
1333 2984 1406 3054 in
1448 2984 1582 3054 illis
1618 3005 1911 3077 quarum
1942 2983 2237 3073 collatio,
2270 2982 2482 3055 veluti
2520 2982 2983 3076 cappellarum
3033 2989 3423 3057 nostrarum

605 3104 678 3175 in
733 3107 974 3178 castris
1026 3114 1095 3178 et
1146 3107 1539 3178 civitatibus
1599 3107 1796 3199 regni
1844 3106 2094 3197 nostri,
2153 3105 2514 3178 occasione
2574 3104 2782 3176 etiam
2831 3103 3126 3177 tertiarie
3193 3103 3424 3177 debite

604 3229 863 3323 capelle
912 3242 1143 3303 nostre
1186 3231 1693 3322 Panormitane,
1737 3231 1811 3300 in
1863 3229 2376 3302 cathedralibus
2409 3228 2717 3301 ecclesiis
2750 3228 2981 3302 Sicilie
3020 3238 3089 3301 et
3117 3228 3425 3301 Calabrie

603 3351 698 3424 ad
745 3375 871 3425 nos
904 3356 1062 3445 jure
1097 3354 1287 3447 regio
1327 3354 1632 3426 noscitur
1689 3355 2055 3448 pertinere.
2117 3355 2192 3424 In
2230 3353 2635 3424 vacantibus
2689 3360 2919 3424 autem
2959 3353 3267 3425 ecclesiis
3301 3374 3424 3424 va-

603 3475 828 3547 cantia
861 3476 1199 3549 beneficia
1226 3487 1295 3549 et
1331 3487 1660 3549 vacatura
1696 3477 2136 3566 conferimus,
2176 3485 2378 3571 prout
2409 3497 2503 3547 ex
2539 3476 2869 3547 memoria
2900 3473 3258 3570 dignitatis
3296 3496 3421 3547 an-

600 3596 790 3690 tique
825 3599 1296 3694 percepimus,
1337 3622 1549 3693 quam
1594 3600 1831 3673 deberi
1869 3601 2069 3672 nobis
2107 3601 2176 3670 in
2212 3598 2540 3694 predictis
2573 3599 2880 3672 ecclesiis
2921 3598 3229 3672 fidelium
3269 3621 3422 3672 nos-

599 3729 861 3793 trorum
909 3723 1294 3796 testimonia
1343 3725 1609 3818 liquido
1657 3734 2137 3820 protestantur.
2179 3724 2676 3795 Abominamur
2715 3737 3022 3816 preterea
3064 3732 3132 3795 et
3175 3723 3420 3818 punire

600 3844 1037 3918 decrevimus
1084 3868 1482 3940 processum
1535 3849 1807 3920 illorum
1853 3850 1977 3943 qui
2031 3847 2566 3942 predicationem
2619 3845 2947 3917 catholice
2982 3844 3143 3918 fidei
3180 3846 3252 3915 in
3280 3868 3420 3938 qua

596 3968 889 4063 nosipsi
938 3970 1013 4041 in
1060 3979 1299 4043 sancto
1341 3973 1688 4067 proposito
1727 3973 1965 4046 vivere
1999 3979 2438 4066 peroptamus
2490 3979 2558 4040 et
2609 3970 2815 4056 mori,
2858 3978 2928 4040 et
2980 3967 3071 4040 de
3106 3967 3414 4039 subsidio

595 4092 800 4163 Terre
848 4096 1093 4166 Sancte
1140 4094 1331 4188 quod
1377 4096 1629 4167 nostris
1670 4105 1774 4168 est
1815 4095 2119 4167 humeris
2155 4092 2521 4189 specialius
2563 4091 3003 4186 deputatum,
3049 4090 3412 4184 prepedine

595 4225 1017 4306 presumant.
1064 4217 1141 4287 In
1180 4227 1474 4311 utroque
1522 4227 2033 4306 verumtamen,
2083 4216 2249 4311 quia
2288 4215 2420 4288 sub
2461 4224 2778 4309 pretextu
2818 4213 2983 4284 liciti
3020 4214 3410 4306 frequenter

593 4336 905 4409 illicitum
937 4340 1192 4433 agitur,
1236 4342 1467 4414 futura
1492 4342 1693 4413 nobis
1719 4349 1788 4414 et
1814 4362 2029 4435 regno
2057 4338 2421 4434 dispendia
2464 4357 2941 4432 precavemus.
2982 4334 3256 4407 Illorum
3302 4344 3404 4406 et·

592 4459 776 4531 enim
799 4463 1119 4557 exempla
1151 4485 1276 4535 nos
1300 4473 1553 4536 terrent
1572 4466 1693 4559 qui
1717 4465 2078 4536 occasione
2101 4461 2591 4558 predicationis
2613 4457 3012 4550 hujusmodi
3040 4458 3112 4528 in
3141 4456 3406 4530 detrac-

592 4580 845 4655 tionem
885 4586 1097 4658 nostri
1141 4587 1442 4659 nominis
1485 4588 1754 4680 linguas
1795 4595 2182 4675 exacuunt,
2221 4595 2533 4658 catervas
2578 4582 2936 4655 hominum
2989 4589 3408 4674 congregant

590 4706 721 4777 sub
750 4708 1053 4801 vexillis,
1103 4711 1224 4803 qui
1261 4710 1431 4784 dum
1469 4732 1545 4784 se
1583 4709 2123 4784 discordantium
2167 4710 2456 4783 arbitros
2484 4708 2772 4797 faciunt,
2804 4705 2974 4778 dum
3011 4705 3237 4778 caveri
3273 4704 3404 4775 sibi
