4500 5956
1494 618 1749 677 INDEX
1800 619 2492 682 DOCUMENTORUM.
3288 622 3409 683 983

614 819 819 894 1251

599 954 669 1004 27
702 951 853 1021 sept.
1006 944 1211 1006 Beate.
1357 976 1434 990 —-
1473 945 1705 1005 Eisdem
1737 946 1810 1005 de
1831 944 2037 1005 eodem
2063 955 2417 1023 argumento
2438 949 2662 1021 scribit,
2693 948 2917 1009 addens
2942 948 3102 1026 quod
3128 964 3263 1008 cum
3295 951 3410 1007 im-

1432 1048 1664 1118 perator
1713 1043 2063 1119 magistrum
2107 1044 2608 1106 'theutonicorum
2657 1062 2763 1122 pro
2808 1061 2953 1121 pace
2996 1045 3303 1105 tractanda
3350 1047 3415 1105 in

1432 1137 1845 1198 Lombardiam
1882 1140 2108 1213 mittat,
2137 1142 2250 1216 ipsi
2275 1141 2466 1201 eidem
2492 1143 2773 1219 magistro
2798 1143 3101 1219 assistant,
3131 1142 3215 1200 ita
3243 1146 3313 1200 ut
3337 1141 3413 1200 de

612 1216 835 1292 1252
1435 1234 1724 1310 colloquio
1751 1235 2051 1309 praedicto
2077 1234 2269 1295 bonus
2296 1236 2544 1297 effectus
2563 1238 2888 1314 proveniat.
3296 1246 3411 1297 936

587 1352 657 1402 12
694 1346 855 1421 julii.
984 1336 1225 1413 Spoleti.
1355 1371 1437 1383 —
1476 1338 1693 1398 Scribit
1723 1340 2053 1411 Friderico,
2092 1341 2493 1403 Romanorum
2536 1344 2893 1419 imperatori,
2923 1341 3084 1419 quod
3115 1358 3252 1401 cum
3292 1343 3414 1402 Ge-

1434 1434 1653 1495 bardus
1681 1435 1910 1513 legatus
1949 1439 2077 1513 ejus
2111 1439 2174 1496 in
2211 1438 2428 1499 Tuscia
2466 1455 2585 1499 non
2624 1439 3016 1516 comparuerit
3054 1438 3215 1513 apud
3250 1439 3410 1499 Lau-

1434 1530 1572 1590 dam
1601 1532 1676 1591 de
1702 1549 1843 1605 pace
1867 1549 2002 1593 cum
2031 1533 2377 1594 Lombardis
2414 1541 2800 1606 tractaturus,
2830 1550 3028 1594 coram
3069 1550 3133 1594 se
3170 1550 3410 1595 causam

1436 1630 1706 1687 evocavit
1731 1628 1808 1688 ad
1835 1632 2172 1706 proximum
2198 1630 2412 1690 festum
2439 1632 2717 1692 Omnium
2746 1630 3115 1691 Sanctorum.
3294 1640 3407 1691 366

836 1787 852 1802 .
983 1733 1227 1810 Spoleti.
1355 1764 1435 1778 —
1475 1733 1666 1810 Regni
1692 1734 1926 1795 Siciliae
1960 1735 2234 1811 praelatis
2269 1736 2514 1796 mandat
2545 1753 2623 1797 ne
2657 1738 2793 1813 quis
2825 1753 3027 1797 eorum
3062 1735 3411 1798 officialibus

1431 1831 1801 1905 imperatoris
1817 1833 2123 1890 occasione
2140 1830 2493 1892 defendendi
2511 1834 2927 1908 patrimonium
2941 1832 3234 1893 Ecclesiae
3253 1835 3412 1909 ipsos

1432 1941 1681 2003 gravare
1710 1926 2060 2001 volentibus,
2091 1928 2488 2003 respondeant
2513 1935 2573 1989 et
2599 1929 2923 1989 intendant.
3023 1937 3161 2001 367,
3186 1935 3314 1989 not.
3346 1938 3407 1991 2.

582 2042 656 2094 24
691 2037 851 2112 julii.
1005 2033 1210 2095 Reate.
1352 2062 1434 2076 —-
1472 2031 1836 2092 Fridericum
1877 2032 2280 2092 Romanorum
2317 2035 2727 2109 imperatorem
2770 2034 3041 2094 bortatur
3075 2038 3143 2093 ut
3177 2035 3242 2093 in
3276 2050 3414 2094 suc-

1431 2143 1670 2187 cursum
1697 2127 1991 2188 Ecclesiae
2016 2134 2222 2188 contra
2243 2129 2487 2189 rebelles
2513 2135 2784 2207 exurgat.
3297 2139 3409 2191 376

582 2249 656 2301 26
690 2243 850 2319 julii.
1005 2237 1209 2298 Beate.
1351 2264 1433 2278 —-
1468 2232 1844 2293 Patriarchae
1871 2234 2238 2294 Antiocheno
2280 2234 2525 2294 mandat
2568 2240 2637 2294 ut
2667 2234 2872 2294 habito
2911 2236 3152 2295 consilio
3190 2238 3410 2312 magis-

1429 2337 1657 2390 trorum
1684 2331 1914 2406 Templi
1943 2336 2003 2390 et
2042 2330 2387 2406 Hospitalis,
2419 2331 2647 2391 nobiles
2682 2333 2848 2409 regni
2873 2332 3410 2409 Hierosolymitani,

1431 2430 1589 2489 cives
1614 2429 1983 2489 Acconenses
2022 2436 2082 2489 et
2117 2430 2266 2489 alios
2305 2429 2382 2489 ad
2422 2431 2789 2490 devotionem
2826 2431 3122 2492 Friderico
3156 2433 3416 2508 impera-

1430 2528 1545 2586 tori
1568 2532 1628 2585 et
1649 2524 1774 2586 filio
1803 2529 1931 2603 ejus
1954 2525 2349 2585 exhibendam
2376 2527 2640 2587 inducat.
3298 2538 3413 2589 376

581 2649 656 2702 26
696 2642 851 2718 julii.
1003 2634 1205 2695 Beate.
1352 2662 1431 2676 -
1472 2630 1755 2707 Magistro
1781 2638 1840 2692 et
1864 2631 2148 2692 fratribus
2183 2631 2490 2709 hospitalis
2519 2633 3033 2710 Hierosolymitani
3071 2632 3315 2695 mandat
3342 2643 3413 2697 ut

1430 2730 1712 2788 assistant
1734 2731 1807 2788 iis
1843 2731 1948 2805 qui
1986 2730 2051 2788 in
2090 2744 2274 2805 regno
2311 2728 2842 2806 Hierosolymltano
2864 2733 3004 2806 jura
3043 2732 3411 2806 imperatoris

1431 2825 1713 2884 adversus
1740 2824 1983 2885 rebelles
2011 2830 2275 2885 tuentur.
3296 2835 3411 2888 378

582 2948 655 3000 26
695 2941 849 3019 julii.
1001 2933 1203 2994 Reate.
1352 2962 1431 2976 —-
1472 2930 1794 2992 Geroldum
1819 2930 2214 3007 patriarcham
2241 2930 2841 3008 Hierosolymitanum
2860 2974 2878 3004 ,
2907 2930 3276 3008 Apostolicae
3304 2932 3408 2994 Se-

1432 3028 1525 3089 dis
1550 3028 1832 3107 legatum,
1863 3035 2104 3089 revocat
2135 3045 2209 3088 ne
2252 3030 2505 3104 suspicio
2542 3043 2722 3105 quam
2753 3030 2814 3087 in
2852 3030 3047 3105 ipsum
3083 3030 3415 3091 Fridericus

1430 3127 1751 3201 imperator
1775 3127 2060 3201 concepit,
2091 3125 2316 3201 aliquid
2341 3126 2681 3184 nocumenti
2706 3125 3044 3185 tractandae
3068 3125 3415 3186 concordiae

1429 3221 1642 3283 afferre
1667 3223 1873 3298 possit.
3021 3230 3160 3295 379,
3188 3229 3316 3283 not.
3354 3230 3410 3283 1.

610 3343 678 3395 21
708 3343 822 3398 oct.
942 3329 1269 3408 Anagniae.
1353 3359 1436 3375 -
1472 3328 1771 3390 Friderico
1818 3328 2220 3388 Romanorum
2279 3328 2612 3404 imperatori
2668 3330 2906 3388 nuntiat
2957 3330 3032 3390 R.
3085 3330 3412 3390 Ostiensem

1431 3427 1682 3487 electum
1709 3432 1769 3485 et
1806 3427 1877 3486 T.
1910 3426 2159 3486 Sanctae
2186 3424 2442 3485 Sabinae
2478 3425 2881 3503 presbyterum
2908 3427 3263 3487 cardinalem
3289 3443 3326 3486 a
3352 3443 3415 3487 se

1432 3523 1764 3584 viterbium
1789 3522 1974 3582 fuisse
2006 3523 2218 3582 missos
2235 3566 2254 3601 ,
2283 3523 2657 3599 postulatque
2681 3529 2752 3583 ut
2780 3523 2858 3582 ad
2886 3524 3280 3586 viterbienses
3307 3537 3416 3600 pro

1433 3621 1695 3683 coeunda
1721 3637 1859 3681 cum
1885 3620 2168 3680 Romanis
2194 3636 2339 3696 pace
2364 3623 2490 3696 ipse
2515 3619 2755 3680 scribat.
3048 3625 3051 3628 ’
3295 3628 3407 3680 401

610 3745 683 3797 2⁷
709 3743 829 3798 oct,
943 3725 1274 3804 Anagniae.
1355 3761 1438 3775 -
1474 3728 1770 3790 Friderico
1797 3727 2201 3787 Romanorum
2229 3726 2567 3801 imperatori
2593 3732 2787 3803 grates
2812 3727 2936 3802 agit
2961 3723 3121 3802 quod
3148 3724 3415 3784 referen-

1434 3826 1593 3886 tibus
1636 3829 1765 3902 ejus
1808 3825 2065 3896 nuntiis,
2113 3825 2278 3899 pium
2318 3824 2680 3899 propositum
2727 3823 3059 3897 conceperit
3102 3827 3163 3880 et
3206 3823 3413 3898 spiritu

1436 3921 1739 3982 charitatis
1777 3919 2070 3980 Ecclesiae
2103 3920 2181 3978 sit
2216 3919 2450 3989 unitus3
2484 3916 2641 3976 unde
2668 3917 2958 3992 promittit
2997 3915 3158 3993 quod
3195 3918 3259 3975 111
3306 3933 3414 3976 ne—

1438 4020 1598 4095 gotio
1639 4015 1777 4075 fidel
1817 4022 1876 4076 et
1911 4017 1974 4074 in
2016 4014 2440 4074 restauratione
2468 4014 2694 4091 jurium
2732 4012 2961 4087 imperii
2997 4010 3113 4086 ipsi
3151 4011 3414 4071 Ecclesia

1433 4131 1553 4175 non
1580 4114 1789 4174 deerit.
3124 4116 3265 4186 401,
3295 4116 3411 4168 402

625 4240 658 4291 3
686 4232 817 4293 (100,
945 4218 1272 4299 Anagniae.
1356 4251 1437 4267 -
1475 4220 1775 4281 Friderico
1811 4219 2210 4278 Romanorum
2244 4215 2582 4292 imperatori
2617 4213 2992 4289 conqueritur
3029 4213 3192 4290 quod
3236 4211 3415 4273 Sara-

1435 4318 1568 4377 ceni
1594 4315 1846 4393 Apuliae
1873 4314 2175 4375 ecclesiam
2206 4313 2407 4374 Sancti
2430 4311 2589 4371 Petri
2617 4312 2681 4369 in
2704 4309 2929 4385 Bangio
2955 4310 3238 4386 Fojetano
3272 4309 3416 4370 fun·

1435 4414 1598 4474 ditus
1634 4411 1951 4486 diruerint,
2003 4411 2223 4489 lapides
2261 4415 2321 4469 et
2353 4408 2676 4486 lignamina
2715 4409 2844 4485 ejus
2879 4406 3243 4482 deportando
3289 4407 3417 4466 Lu-

616 4489 835 4564 ¹255
1436 4513 1651 4572 ceriam
1678 4527 1785 4587 pro
1811 4513 1935 4570 suis
1972 4508 2254 4569 aedificiis
2282 4503 2706 4566 construendis.
3299 4513 3414 4564 405

618 4625 649 4675 3
680 4616 831 4677 febr.
944 4616 1274 4696 Anagniae.
1357 4648 1437 4665 -
1475 4616 1841 4676 Fridericum
1866 4615 2267 4675 Romanorum
2295 4615 2703 4688 imperatorem
2738 4610 3027 4669 instanter
3051 4607 3323 4669 bortatur
3347 4615 3418 4669 ut

1437 4714 1515 4774 ad
1548 4714 1677 4774 loca
1717 4713 1832 4773 sibi
1872 4713 2069 4772 vicina
2107 4713 2236 4772 sine
2278 4724 2444 4769 mora
2487 4713 2546 4767 et
2588 4706 2866 4767 omnibus
2912 4706 3043 4766 aliis
3082 4706 3417 4782 postpositis
