4500 5956
558 618 753 676 liuntur.
785 612 869 696 9.]
1460 612 1860 674 HISTORIA
1908 611 2498 674 DIPLOMA'ricA.
3267 619 3386 679 873

560 772 736 829 cum
810 746 933 826 isti
1008 744 1241 825 nullis
1298 745 1505 852 pacis
1579 745 2138 827 conditionibus
2212 747 2563 826 accedere
2633 744 2899 848 velint,
2958 773 3137 829 mox
3210 749 3377 831 Ita-

556 880 740 961 liam
778 880 1348 988 ingressurum,
1400 877 1783 986 simulque
1827 876 2286 986 objectiones
2326 903 2565 985 papae
2610 878 2705 959 de
2750 879 3055 986 negotio
3105 881 3377 965 Terrae

559 1012 877 1094 Sanctae
914 1011 1247 1092 ineundo
1282 1008 1583 1091 refellit.

713 1254 987 1331 (Initium
1014 1251 1200 1311 edidit
1224 1251 1427 1310 Mur.
1457 1249 1675 1320 Pars,
1705 1248 1857 1309 Hire.
1890 1248 2031 1328 maj.
2051 1244 2319 1328 Anqlor„
2349 1263 2410 1323 p.
2439 1256 2578 1318 355,
2599 1249 2675 1308 ad
2695 1264 2838 1308 ann.
2875 1259 3053 1322 1239,
3089 1251 3191 1312 sed
3217 1254 3440 1313 erro-ts
3595 1272 3655 1327 δ
3690 1262 3770 1336 m
3810 1253 3828 1325 (

793 1375 936 1432 nee,
975 1365 1037 1417 et
1062 1357 1471 1435 fragmentum
1498 1355 1573 1417 G.
1606 1356 1841 1416 Fame.
1876 1354 2222 1427 Pnumo,
2253 1354 2471 1414 Histor.
2503 1352 2598 1413 del
2620 1352 2842 1430 F'n‘uli,
2874 1356 2976 1416 lib.
3006 1358 3082 1429 V,
3122 1375 3183 1434 p.
3227 1368 3366 1421 223.
3602 1303 3619 1409 l

793 1467 1058 1525 Primam
1081 1470 1277 1524 autem
1297 1461 1710 1521 tantummodo
1735 1466 1960 1538 partem
1986 1477 2174 1537 usque
2202 1461 2280 1520 ad
2320 1461 2464 1521 haec
2492 1461 2675 1521 verba
2706 1463 2936 1522 vexatio
2962 1462 3170 1524 tribuit
3195 1465 3372 1526 intel-

796 1551 1025 1646 lectum,
1057 1573 1214 1647 prior
1240 1569 1468 1641 retulit;
1498 1568 1659 1645 quod
1685 1569 1888 1628 eodem
1915 1567 2090 1627 modo
2112 1567 2482 1628 decurtatum
2508 1585 2743 1645 quoque
2770 1569 3054 1632 habemus
3082 1575 3145 1632 in
3173 1574 3373 1635 codice

795 1679 1105 1739 Parisiensi
1139 1682 1318 1748 8567,
1349 1675 1452 1734 fol.
1495 1684 1594 1746 27,
1624 1690 1762 1734 cum
1786 1675 1900 1733 hoc
1935 1675 2107 1734 titulo
2138 1693 2153 1733 ε
2189 1693 2221 1730 α
2252 1674 2576 1753 Imperator
2590 1692 2705 1753 per
2731 1676 2971 1736 Petrum
2998 1675 3066 1737 de
3105 1678 3315 1742 Vincis.
3336 1702 3368 1738 n

791 1779 1157 1841 —Alteram
1195 1797 1335 1839 vero
1375 1781 1613 1857 majoris
1656 1781 1829 1856 spatii
1872 1784 1930 1838 et
1975 1781 2257 1839 momenti
2285 1787 2510 1854 partem
2548 1797 2706 1841 nunc
2738 1784 2994 1858 primum
3030 1784 3372 1846 exhibemus

794 1903 828 1946 e
862 1887 1062 1946 codice
1096 1886 1369 1947 biblioth.
1400 1885 1661 1946 Vindob.
1692 1881 1930 1955 Philet„
1962 1893 2029 1943 n·
2055 1884 2273 1960 CCCV,
2301 1884 2406 1945 tol.
2446 1895 2553 1945 159
2591 1904 2791 1964 verso,
2830 1896 2941 1948 162
2972 1897 3151 1950 recto.
3184 1892 3370 1965 Quem

794 1995 991 2053 minus
1016 1999 1274 2054 correcte
1303 1995 1593 2068 scriptum
1618 1995 1681 2050 in
1708 2006 1946 2052 sensum
1970 1991 2398 2068 intelligibilem
2419 1992 2869 2073 convertimus.)

648 2206 1069 2292 Fridericus‚
1108 2216 1272 2296 etc.,
1325 2209 1474 2300 regi
1522 2206 1840 2294 Francie,
1897 2213 2028 2277 etc.
2089 2205 2296 2275 Inviti
2347 2205 2729 2298 loquimur,
2785 2208 2909 2280 sed
2958 2218 3178 2284 tacere
3233 2236 3371 2288 non

551 2351 946 2424 possumus.
1000 2332 1149 2402 Jam
1195 2331 1380 2402 enim
1426 2331 1691 2404 mcuris
1733 2328 1828 2401 ad
1873 2328 2176 2400 radicem
2232 2328 2497 2400 arboris
2542 2329 2763 2422 posita
2811 2341 2880 2403 et
2915 2335 3189 2425 gladius
3230 2340 3373 2415 fere

552 2476 774 2548 usque
848 2454 944 2527 ad
1012 2455 1313 2527 animam
1362 2455 1700 2526 transiens
1755 2453 1938 2525 labia
1999 2452 2494 2542 dissolverunt,
2549 2455 2807 2547 jusque
2848 2456 3086 2530 datum
3132 2464 3371 2536 sceleri

551 2578 915 2650 scribimus
958 2588 1028 2650 et
1061 2578 1394 2672 populum
1436 2588 1915 2650 contumacem
1955 2576 2318 2648 dexteram
2364 2575 2436 2647 in
2469 2576 2733 2649 viscera
2772 2580 3047 2672 propria
3084 2585 3371 2659 vertisse

552 2701 1020 2774 condolemus,
1056 2702 1202 2773 Juri
1243 2703 1583 2796 prefertur
1624 2701 1876 2791 injuria
1914 2709 1986 2772 et
2036 2699 2354 2772 voluntas
2395 2699 2661 2788 justitie
2691 2700 3137 2794 dominatur,
3196 2707 3369 2780 dum

548 2825 833 2918 quidam
889 2827 1081 2898 Italie
1126 2827 1363 2920 populi
1418 2835 1764 2920 sceptrum
1801 2835 2239 2898 contemnere
2281 2832 2617 2896 conantur
2663 2825 2961 2919 imperii,
3027 2850 3110 2899 ac
3163 2831 3369 2904 etiam

548 2951 825 3045 proprie
858 2951 1364 3025 commoditatis
1399 2951 1871 3040 immemores,
1917 2949 2247 3022 libertatis
2278 2947 2638 3041 cujusdam
2678 2947 2780 3044 (a)
2814 2970 2994 3043 vage
3022 2954 3369 3030 luxuriam

548 3075 762 3167 quieti
800 3077 991 3169 pacis
1031 3076 1398 3170 imponunt
1442 3085 1512 3147 et
1560 3075 1848 3167 equitati
1889 3073 2296 3166 Justitieque
2351 3074 2797 3167 pretulerunt.
2848 3076 2990 3147 Nec
3030 3087 3259 3150 tamen
3328 3102 3371 3154 a

548 3198 749 3269 nobis
779 3199 1217 3271 rebellionem
1252 3197 1651 3291 buJusmodi
1677 3198 2053 3292 sumpsisse
2081 3218 2271 3268 nunc
2294 3197 2589 3292 primum
2621 3199 2991 3271 exordium
3008 3204 3362 3295 estimetiS,

546 3322 671 3395 sed
697 3324 919 3395 avitas
951 3333 1020 3394 et
1047 3333 1366 3417 paternas
1393 3323 1874 3416 prosequimur
1912 3321 2220 3412 injurias,
2242 3331 2312 3393 et
2341 3321 2743 3415 productam
2762 3326 2907 3415 jam
2940 3324 3033 3396 ad
3065 3328 3234 3399 alias
3260 3351 3371 3402 re-

546 3444 787 3539 giones
825 3448 1156 3520 libertatis
1192 3447 1541 3520 invidiose
1580 3448 2029 3541 propaginem
2070 3446 2353 3517 nitimur
2389 3450 2854 3542 supplantare.
2906 3450 3043 3522 Sed
3072 3473 3201 3524 nec
3237 3454 3368 3527 ista

546 3570 1016 3642 dissimulasse
1041 3572 1442 3664 aliquolibet
1477 3570 1687 3644 modo
1724 3590 1854 3642 nos
1879 3570 2211 3643 hactenus
2242 3580 2366 3641 aut
2395 3570 2925 3644 conniventibus
2959 3575 3179 3645 oculis
3209 3597 3364 3669 per-

545 3694 870 3765 transisse
911 3694 1229 3766 credatis.
1285 3694 1812 3788 Quamprimum
1857 3692 2042 3764 enim
2097 3694 2168 3764 in
2216 3692 2419 3766 nobis
2460 3694 3001 3787 pubescentibus
3050 3698 3249 3768 annis
3285 3721 3368 3770 ac

545 3818 791 3888 mentis
827 3826 898 3888 et
932 3817 1238 3911 corporis
1285 3818 1671 3889 calescente
1708 3816 1997 3901 virtute,
2040 3814 2131 3886 ad
2184 3816 2468 3886 Romani
2507 3817 2778 3887 culmen
2834 3817 3101 3910 imperii
3144 3830 3370 3912 preter

545 3963 736 4034 spem
773 3941 1133 4013 hominum
1172 3950 1346 4011 nutu
1383 3940 1816 4012 solummodo
1852 3941 1949 4037 (b)
1983 3939 2418 4011 Providentia
2449 3939 2688 4011 divine
2718 3941 3243 4014 conscendimus
3280 3967 3362 4017 ac

542 4085 834 4156 regnum
885 4065 1151 4154 Sicilie,
1191 4066 1495 4158 preclara
1552 4072 1856 4136 materne
1906 4061 2363 4135 successionis
2398 4061 2779 4151 hereditaS,
2814 4062 2903 4134 ad
2941 4064 3098 4154 jura
3129 4076 3361 4138 nostra

544 4188 890 4280 pervenit,
934 4188 1153 4260 aciem
1184 4189 1433 4260 mentis
1471 4197 1699 4259 nostre
1714 4190 2038 4259 continuo
2065 4186 2452 4258 direximus
2475 4184 2566 4256 ad
2586 4186 2918 4279 predicta.
2955 4187 3054 4259 Ac
3080 4187 3363 4262 demum

542 4309 628 4381 ad
684 4312 1343 4383 consummationem
1400 4311 1727 4404 propositi
1780 4310 1995 4382 nostri
2051 4309 2423 4381 miserabili
2472 4329 2636 4380 casu
2675 4309 2766 4381 de
2814 4312 3181 4385 amissione
3214 4315 3361 4387 Da-

542 4434 746 4506 miate
782 4444 950 4506 tunc
992 4436 1316 4529 temporis
1360 4435 1717 4507 materiam
1755 4433 2216 4522 ministrante,
2280 4456 2436 4505 cum
2492 4434 2871 4506 venerabili
2907 4445 3097 4531 patre
3133 4448 3360 4512 nostro

624 4630 704 4710 (a)
748 4633 818 4692 In
847 4636 1132 4710 impresso
1160 4635 1439 4717 ejusdem,
1469 4637 1643 4697 male.

623 4735 704 4815 (b)
748 4739 818 4798 In
847 4741 981 4799 cod.
1010 4742 1227 4803 Philol.
1265 4753 1404 4822 305,
1437 4761 1511 4802 ex
1537 4742 1920 4822 dispositione.

697 4844 807 4908 IV.
849 4860 961 4905 Pan
984 4864 1028 4907 2.
2942 4858 2967 4910 1
2982 4858 3054 4911 io
