4500 5956
1032 586 1155 646 972
1968 589 2210 650 INDEX
2264 587 2951 649 DOCUMENTORUM.

1057 787 1281 864 1254
3608 867 3647 899 ,

1102 921 1250 991 sept.
1361 915 1763 989 Ap.Montem
1810 946 1890 961 —
1933 917 2312 993 Privilegium
2351 920 2596 974 renovat
2630 931 2748 990 quo
2787 920 2978 973 totum
3018 919 3320 994 negotium
3357 919 3433 979 de
3475 919 3863 996 Lombardia,

1396 1011 1719 1074 Flasconis.
1891 1014 2151 1074 marchia
2188 1014 2437 1072 Trevisii
2471 1018 2531 1071 et
2578 1013 2926 1072 Romaniola
2965 1017 3318 1089 provisioni,
3361 1021 3767 1094 compositioni
3805 1028 3868 1080 et

1889 1111 2213 1169 laudationi
2239 1110 2458 1168 summi
2482 1107 2776 1184 pontificis
2798 1112 3135 1171 committit.
3747 1125 3862 1176 490

1063 1214 1137 1265 28
1166 1211 1284 1264 oct.
1458 1201 1666 1280 Salpis.
1809 1237 1887 1249 —
1928 1206 2183 1265 Henrico
2208 1205 2285 1264 de
2312 1205 2511 1263 Morra
2543 1219 2793 1280 magnae
2825 1221 2966 1264 suae
3003 1208 3200 1266 curiae
3238 1210 3517 1286 magistro
3550 1211 3866 1286 justitiario

1887 1301 2134 1362 mandat
2171 1307 2240 1360 ut
2277 1302 2340 1358 in
2394 1299 2643 1375 singulis
2676 1300 3156 1375 justitiariatibus
3206 1306 3372 1381 regni
3425 1306 3863 1381 inquisitionem

1887 1394 2017 1455 fleri
2043 1394 2241 1462 faciat.
2260 1402 2321 1454 et
2347 1409 2495 1470 quos
2522 1394 2848 1453 turbatores
2870 1397 3031 1470 pacis
3055 1403 3115 1457 et
3144 1399 3358 1459 noxios
3383 1401 3693 1474 invenerit,
3716 1418 3752 1460 a
3778 1400 3865 1461 fl-

1886 1492 2108 1554 delium
2140 1491 2491 1552 incolatibus
2520 1490 2780 1550 dividere
2806 1499 3101 1567 procuret.
3748 1507 3860 1560 495

1053 1589 1283 1665 [octobr
1290 1626 1771 1648 ........
1804 1619 1889 1632 -
1927 1588 2229 1648 Universis
2247 1585 2613 1648 scholaribus
2630 1587 2930 1648 Bononiae
2953 1595 3159 1649 notum
3175 1588 3317 1650 facit
3341 1607 3405 1650 se
3421 1592 3689 1653 studium
3705 1595 3864 1670 apud

1125 1685 1221 1747 vel
1886 1685 2188 1760 Neapolim
2214 1687 2278 1743 in
2303 1686 2600 1760 integrum
2627 1682 2942 1744 reformare
2956 1727 2974 1759 ,
3004 1702 3220 1763 eosque
3246 1688 3462 1747 invitat
3486 1694 3555 1749 ut
3577 1690 3655 1749 ad
3682 1707 3865 1768 prae-

1090 1779 1257 1861 nov.]
1884 1780 2102 1841 dictam
2125 1781 2420 1840 civitatem
2444 1778 2556 1839 sub
2582 1781 2894 1840 securitate
2916 1787 2976 1841 et
2994 1785 3351 1858 protectione
3373 1800 3480 1844 sua
3510 1786 3571 1844 in
3596 1786 3864 1848 kalendis

1886 1878 2139 1953 proximi
2163 1876 2511 1951 septembris
2538 1878 2906 1936 conveniant.
3571 1890 3712 1953 496,
3746 1892 3858 1943 497

1028 2011 1772 2038 ............
1804 2005 1886 2019 --
1925 1974 2023 2034 Ad
2050 1976 2390 2050 petitionem
2415 1973 2895 2047 vercellensium,
2922 1975 3106 2034 mittit
3130 1976 3216 2035 eis
3237 1976 3586 2052 magistrum
3611 1978 3690 2039 V.
3707 1981 3863 2055 juris

1884 2071 2078 2131 civilis
2123 2070 2509 2148 professorem
2567 2073 2674 2148 qui
2717 2071 3015 2132 scholares
3050 2071 3293 2132 edoceat
3306 2114 3325 2144 ,
3362 2072 3752 2154 hortaturque
3791 2084 3861 2137 ut

1884 2169 2077 2243 ipsum
2104 2168 2328 2227 honore
2351 2167 2550 2227 debito
2574 2168 2881 2243 recipiant.
3743 2181 3859 2234 498

1025 2269 1301 2331 novemb.
1464 2267 1641 2342 Apud
1802 2295 1883 2309 —
1922 2264 2262 2324 Hermanno
2286 2263 2611 2323 marchioni
2635 2262 2887 2323 Badensi
2909 2271 3114 2325 contra
3137 2263 3445 2326 violentias
3465 2267 3705 2327 Benrici
3731 2269 3860 2328 Ro-

1389 2361 1716 2425 Preeinam.
1882 2373 2194 2418 manorum
2237 2359 2392 2434 regis
2420 2356 2530 2416 filii
2556 2359 2648 2416 sui
2682 2356 3098 2434 obligationem
3134 2374 3306 2419 suam
3340 2358 3415 2419 de
3450 2361 3685 2422 duobus
3725 2364 3863 2422 mil-

1880 2455 2037 2516 libus
2090 2460 2150 2513 et
2202 2456 2476 2514 trecentis
2511 2456 2727 2513 marcis
2770 2456 2998 2531 argenti
3052 2471 3230 2531 super
3278 2458 3549 2517 civitates
3596 2459 3820 2519 Laufen
3837 2502 3857 2537 ,

1878 2552 2169 2612 sinsheim
2213 2557 2277 2610 et
2317 2550 2623 2629 Eppingen
2665 2552 3092 2627 oppignoratis,
3122 2554 3379 2614 restituit
3426 2560 3488 2613 et
3529 2555 3855 2615 confirmat.

3571 2662 3856 2728 499,5oo

1018 2750 1295 2812 novemb.
1461 2749 1641 2827 Apud
1802 2778 1877 2792 —
1918 2746 2102 2806 Filios
2127 2745 2391 2804 HeInrici
2417 2744 2490 2804 de
2523 2743 2912 2823 Bavensburg
2937 2744 3017 2805 ad
3050 2743 3207 2805 bona
3234 2745 3486 2807 feodalis
3512 2754 3572 2808 et
3597 2753 3859 2828 proprie—

1381 2845 1717 2909 Precinam.
1880 2849 2029 2903 tates
2055 2842 2274 2920 quibus
2299 2848 2534 2917 propter
2558 2840 2863 2901 infamiam
2891 2848 3203 2917 parentum
3230 2859 3474 2904 suorum
3490 2846 3680 2906 multo
3707 2852 3856 2906 tem-

1880 2956 2021 3018 pore
2048 2939 2284 3001 suerant
2310 2939 2566 3015 spoliati,
2586 2938 2661 2999 de
2685 2940 3016 3016 principum
3045 2942 3332 3001 sententia
3357 2943 3635 3005 restituit.
3743 2953 3851 3005 501

1021 3040 1296 3101 novemb.
1397 3040 1695 3102 Precinae.
1800 3069 1879 3084 —
1921 3037 2016 3098 Ad
2063 3037 2552 3113 supplicationem
2594 3035 3018 3113 archiepiscopi
3076 3036 3408 3116 Maguntini
3421 3084 3440 3119 ,
3488 3041 3756 3101 concedit
3790 3048 3860 3103 ut

1880 3132 2040 3194 fliius
2064 3134 2365 3210 quondam
2391 3131 2592 3193 sifridi
2626 3133 2903 3193 ecclesiae
2928 3134 3309 3212 Maguntinae
3339 3138 3698 3211 marescalci,
3726 3137 3860 3199 licet

1882 3246 1958 3289 ex
1999 3236 2164 3306 parte
2197 3230 2401 3289 matris
2439 3245 2582 3290 suae
2614 3230 3014 3290 ministerialis
3050 3233 3129 3291 sit
3170 3234 3429 3309 imperii,
3467 3235 3861 3295 ministerialis

1879 3326 2155 3386 ecclesiae
2192 3324 2300 3386 flat
2333 3332 2392 3384 et
2426 3326 2653 3386 ratione
2687 3324 2846 3384 feodi
2888 3326 3323 3405 archiepiscopo
3363 3328 3630 3390 debitum
3671 3333 3860 3391 servi-

1879 3424 2030 3481 tium
2057 3423 2348 3481 exsolvat.
3743 3436 3855 3487 502

1050 3528 1121 3580 15
1142 3533 1278 3579 nov.
1428 3524 1665 3602 Fogiae.
1802 3551 1875 3562 —
1920 3517 2143 3577 Notum
2176 3517 2321 3577 facit
2346 3533 2410 3576 se
2435 3516 2513 3576 ad
2540 3517 2970 3578 ordinationem
3012 3517 3278 3597 Gregorii
3312 3523 3529 3580 summi
3568 3521 3859 3598 pontificis

1878 3617 2273 3691 acceptavisse
2299 3613 2509 3674 ducere
2542 3615 2606 3673 in
2638 3631 2888 3675 uxorem
2925 3612 3237 3675 Isabellam
3263 3632 3521 3677 sororem
3550 3621 3707 3695 regis
3733 3617 3860 3678 An-

1878 3712 2052 3791 gliae,
2078 3718 2137 3771 et
2160 3716 2591 3798 procuratorem
2620 3727 2799 3771 suum
2832 3712 3164 3788 generalem
3198 3714 3471 3773 statuisse
3503 3714 3746 3774 Petrum
3787 3715 3860 3775 de

1878 3809 2089 3886 Vinea,
2105 3823 2357 3885 magnae
2384 3823 2526 3867 suae
2550 3809 2747 3867 curiae
2760 3808 3048 3885 Judicem,
3062 3814 3186 3868 tam
3206 3807 3281 3868 de
3301 3810 3724 3872 constitutione
3750 3810 3855 3871 do-

1878 3905 2027 3965 darii
2053 3920 2234 3982 quam
2262 3904 2336 3963 de
2359 3902 2598 3963 dotibus
2625 3902 2739 3962 sibi
2767 3902 3004 3963 dandis.
3742 3915 3853 3966 503

1018 4005 1296 4069 novemb.
1407 4009 1689 4088 Poggius.
1797 4035 1879 4046 -—
1916 4001 2014 4062 Ad
2042 4001 2527 4078 supplicationem
2550 3999 2752 4060 sifridi
2780 4001 3116 4077 Maguntini
3142 3999 3586 4079 archiepiscopi,
3614 4009 3858 4063 renovat

1877 4105 1939 4159 et
1977 4097 2291 4159 confirmat
2325 4097 2594 4175 generale
2637 4097 3013 4184 privilegium
3051 4097 3212 4174 quod
3256 4098 3558 4176 quondam
3589 4101 3654 4158 in
3687 4097 3855 4159 favo-

1875 4210 1999 4254 rem
2032 4196 2365 4272 principum
2403 4192 2930 4253 ecclesiasticorum
2969 4194 3195 4268 imperii
3235 4210 3343 4271 pro
3370 4196 3611 4271 juribus
3655 4211 3856 4256 eorum

1875 4291 2291 4352 conservandis
2324 4291 2630 4350 concessit.
3738 4300 3853 4352 506

1017 4391 1296 4454 novemb.
1407 4390 1684 4469 Foggiae.
1799 4418 1878 4433 —
1918 4387 2249 4448 Sententias
2278 4389 2605 4464 principum
2640 4388 2980 4465 promulgat
3008 4407 3025 4447 :
3054 4387 3276 4448 scilicet
3299 4393 3371 4449 ut
3396 4388 3597 4449 nullus
3627 4390 3855 4467 episco-

1877 4502 1990 4563 pus
2031 4485 2396 4545 Theutoniae
2436 4484 2694 4562 aliquem
2736 4484 3001 4546 infeudet
3036 4491 3266 4562 praeter
3311 4500 3621 4546 assensum
3657 4488 3854 4562 impe-

1880 4585 2119 4656 ratoris;
2169 4590 2238 4642 ut
2281 4582 2483 4642 nullus
2527 4582 2854 4643 advocatus
2895 4585 2958 4642 in
3010 4584 3166 4643 cives
3206 4581 3558 4643 cathedralis
3600 4583 3857 4643 civitatis

1880 4681 2244 4739 exactionem
2272 4678 2478 4752 saciat3
2511 4686 2580 4739 ut
2606 4679 2807 4740 nullus
2839 4695 3034 4740 comes
3070 4680 3164 4739 vel
3193 4679 3515 4740 advocatus
3547 4681 3613 4739 in
3637 4681 3856 4738 immu-
