4500 5956
655 582 854 640 lumen
888 575 1013 659 lo]
1545 575 1941 637 HISTORIA
1996 575 2587 640 DIPLOMATICA.
3357 575 3479 637 929

758 1081 1223 1188 FridericuS,
1305 1081 1824 1171 Romanorum
1904 1082 2351 1189 imperator,
2435 1107 2614 1164 cum
2699 1107 2982 1191 magno
3062 1081 3465 1189 praeconio

659 1215 915 1298 scribit
947 1214 1504 1297 panormitanis
1550 1214 1693 1296 sibi
1760 1215 1857 1296 de
1893 1240 2089 1297 nova
2125 1225 2473 1297 consorte
2510 1241 2649 1296 sua
2684 1225 2941 1297 natam
2978 1240 3142 1298 esse
3177 1214 3460 1320 filiam3

659 1372 855 1455 quae
891 1347 1200 1456 quidem
1239 1346 1622 1429 masculae
1659 1346 1942 1429 sobolis
1982 1372 2194 1454 spem
2228 1346 2728 1428 certissimam
2765 1347 3157 1454 promittit.

818 1558 1008 1638 (Edit.
1040 1563 1105 1619 in
1130 1559 1296 1619 Petr.
1329 1556 1399 1617 dc
1436 1557 1561 1617 Vin.
1594 1559 1784 1636 epist„
1814 1557 1916 1619 lib.
1944 1558 2057 1631 111,
2087 1575 2141 1619 c.
2176 1568 2276 1633 7¹,
2305 1564 2367 1619 et
2391 1573 2490 1635 ap.
2521 1559 2804 1630 Imeus,
2832 1555 3054 1618 Annal.
3084 1555 3149 1616 di
3175 1554 3463 1631 palemo,

893 1671 943 1726 t.
972 1665 1083 1737 ΙΙΙ,
1115 1682 1175 1740 p.
1210 1673 1350 1725 589.
1372 1695 1454 1708 -
1477 1665 1708 1725 Fame.
1738 1664 2011 1736 Bnomz,
2043 1662 2113 1723 dc
2133 1664 2414 1725 Panorm.
2448 1665 2703 1745 majest„
2731 1663 2832 1723 lib.
2862 1663 2968 1738 IV,
3004 1680 3060 1724 c.
3092 1663 3143 1737 1,
3173 1679 3270 1740 ap.
3300 1664 3472 1723 Bua-

895 1788 1097 1845 mu,
1126 1769 1439 1849 Scriptor„
1465 1776 1517 1832 t.
1540 1770 1718 1842 XIII,
1748 1786 1803 1846 p.
1840 1768 2011 1849 409.)

754 1957 1140 2029 Fridericus
1167 1958 1549 2047 secunduS,
1583 1951 1748 2047 etc„
1778 1956 2280 2029 Panormitanis
2306 1953 2628 2028 fidelibus
2655 1957 2800 2027 suis
2818 2010 2835 2039 ‚
2865 1965 2996 2028 etc.
3029 1955 3470 2029 Communem

662 2092 731 2154 et
771 2078 1071 2152 debitam
1118 2081 1428 2153 omnium
1482 2082 1892 2175 populorum
1941 2079 2295 2173 regiminis
2337 2081 2552 2151 nostri
2602 2080 2881 2152 letitiam
2922 2082 3474 2175 expectationum

661 2213 1041 2278 vestrarum
1073 2206 1250 2277 votis
1279 2204 1666 2299 specialiter
1698 2204 2162 2294 deducenteS‚
2200 2203 2295 2277 ad
2330 2224 2457 2275 vos
2490 2203 2949 2296 imperialium
2987 2206 3261 2298 apicum
3294 2214 3475 2277 certa

664 2328 1122 2422 descriptione
1157 2327 1532 2400 deferimus
1559 2328 1750 2422 quod
1776 2326 1871 2400 ad
1904 2327 2194 2399 aliorum
2226 2327 2534 2398 notitiam
2572 2328 2754 2398 fama
2789 2327 3263 2399 tantummodo
3290 2326 3474 2399 veri-

666 2452 821 2523 tatis
844 2449 1219 2544 aliquando
1250 2451 1479 2523 nescia
1504 2452 1875 2523 nunciante
1902 2450 2227 2523 defertur.
2255 2450 2635 2543 Singularis
2663 2460 2889 2523 tamen
2911 2459 2979 2522 et
3005 2472 3220 2546 purus
3246 2461 3478 2522 nostro

665 2575 1133 2647 familiaritatis
1172 2574 1456 2647 affectus
1490 2596 1699 2668 quem
1735 2575 1828 2647 ad
1859 2596 1985 2646 vos
2022 2574 2217 2646 velut
2254 2573 2344 2645 ad
2389 2583 2693 2645 nostrum
2741 2574 3074 2668 populum
3108 2573 3474 2667 specialem

662 2708 730 2769 et
757 2697 1166 2792 peculiarem
1207 2697 1583 2786 habemus,
1617 2719 1754 2769 non
1792 2698 2116 2788 injustam
2150 2698 2392 2769 ceteris
2412 2717 2690 2769 causam
2721 2697 2985 2768 invidie
3012 2695 3102 2768 de
3130 2696 3333 2768 nobis
3362 2697 3474 2770 vel

662 2819 1130 2893 admirationis
1178 2818 1488 2892 adducit.
1525 2821 1662 2893 Vos
1716 2823 1968 2892 etenim
1992 2874 2012 2910 ‚
2054 2819 2430 2892 clarissima
2484 2819 3039 2914 predecessorum
3091 2827 3476 2890 nostrorum

662 2943 1042 3034 hereditas,
1096 2965 1569 3017 successorum
1619 2943 2007 3016 indubitata
2059 2943 2283 3038 patria
2330 2944 2489 3016 aula
2537 2965 2815 3036 regum,
2870 2964 2994 3015 vos
3042 2941 3477 3016 exaltationis

663 3079 890 3140 nostre
925 3067 1128 3141 fidele
1167 3068 1583 3162 principium
1625 3077 1696 3139 et
1730 3067 2227 3139 sublimationis
2267 3088 2635 3163 processus
2679 3067 3040 3160 egregius,
3078 3067 3477 3162 precipuam

665 3192 951 3282 gratiam
982 3191 1352 3262 meruistis.
1375 3192 1658 3285 Propter
1681 3191 1870 3283 quod
1905 3191 2080 3261 sicut
2114 3190 2202 3262 de
2231 3212 2442 3262 manu
2467 3190 2738 3262 Domini
2768 3190 3252 3262 continuantur
3279 3189 3480 3261 nobis

662 3315 847 3386 bona
878 3315 1234 3405 continue,
1279 3314 1381 3385 sic
1409 3335 1734 3408 prospera
1767 3313 2112 3409 prosperis
2140 3315 2532 3386 successive
2568 3313 2984 3402 succedunt,
3024 3314 3259 3408 sicque
3290 3311 3476 3385 desi-

662 3438 852 3511 deria
905 3447 1135 3510 vestra
1184 3437 1475 3532 provide
1532 3438 1776 3509 merito
1833 3459 2258 3527 mereamus,
2325 3438 2414 3510 de
2472 3437 2825 3509 carissima
2875 3446 3187 3509 consorte
3249 3447 3480 3508 nostra

665 3569 892 3633 natam
920 3561 1120 3632 nobis
1146 3561 1537 3653 nuperrime
1565 3558 1774 3632 filiam
1799 3560 2052 3631 votivis
2083 3560 2680 3654 expectationibus
2705 3560 2949 3632 vestris
2972 3560 3274 3631 hilariter
3298 3581 3475 3629 nun-

668 3684 910 3756 tiantes
957 3706 975 3750 2
1016 3691 1247 3776 utpote
1281 3683 1402 3776 qui
1435 3682 1778 3753 felicitatis
1818 3690 2047 3753 nostre
2090 3704 2217 3753 nec
2256 3682 2484 3753 minus
2518 3692 2744 3753 vestre
2786 3681 3080 3753 leticiam
3116 3679 3471 3752 vobiscum

665 3808 984 3880 volumus
1016 3806 1389 3878 domestica
1428 3807 1947 3901 participatione
1979 3805 2224 3878 sortiri.
2271 3805 2451 3877 Inter
2483 3816 2706 3877 cetera
2741 3826 3041 3897 namque
3085 3803 3174 3876 de
3217 3802 3474 3897 quibus

664 3930 783 4001 Dei
834 3929 1131 4024 potentia
1180 3927 1550 4022 gratificari
1599 3952 1674 4002 se
1724 3929 1923 4002 nobis
1961 3930 2413 4001 communiter
2457 3927 2701 4001 eodem
2738 3926 3068 3999 beneficio
3105 3939 3363 4023 posset,
3408 3937 3477 4000 et

661 4053 860 4124 vobis
888 4051 1153 4123 nullum
1191 4074 1446 4124 munus
1479 4054 1823 4125 communi
1850 4061 2013 4124 voto
2048 4050 2508 4141 communius,
2545 4051 2807 4121 nullum
2838 4049 3089 4121 nostris
3114 4071 3194 4121 ac
3226 4050 3473 4122 vestris

663 4176 1078 4269 profectibus
1112 4175 1459 4249 efficacius
1498 4176 1911 4248 arbitramur
1944 4198 2153 4270 quam
2187 4197 2345 4247 cum
2382 4184 2612 4247 nostre
2658 4173 3090 4246 fecunditatis
3133 4174 3472 4265 gremium

660 4300 867 4393 prolis
891 4320 1073 4371 nove
1106 4301 1247 4370 fetu
1286 4297 1865 4397 multiplicat[ur]‚
1901 4321 2057 4371 cum
2089 4321 2226 4393 qua
2264 4298 2715 4394 tranquillitas
2741 4298 2953 4376 vestri
2982 4307 3196 4370 status
3228 4319 3474 4370 secun-

661 4422 838 4494 diori
876 4420 1119 4494 robore
1154 4423 1366 4494 nostri
1407 4422 1694 4494 dominii
1730 4423 2112 4515 roboratur,
2153 4432 2221 4495 et
2253 4423 2461 4517 petita
2495 4444 2638 4518 pax
2672 4422 2872 4495 vobis
2897 4431 2965 4493 et
2995 4422 3279 4517 posteris
3310 4444 3472 4495 con-

662 4544 996 4617 firmatur.
1062 4547 1233 4619 Hinc
1283 4547 1544 4640 quippe
1600 4558 1705 4619 est
1751 4568 2117 4640 regnorum
2154 4548 2464 4618 omnium
2515 4548 2736 4636 salus,
2776 4546 2940 4618 hinc
2993 4546 3135 4617 vita
3187 4543 3473 4640 pacifica

661 4671 1096 4764 populorum,
1125 4692 1283 4742 cum
1309 4671 1560 4765 regalis
1594 4692 1830 4742 mense
1865 4670 2190 4742 circuitus
2218 4670 2521 4764 legitima
2544 4671 2777 4743 sobole
2810 4669 3298 4742 circumdatur.
3334 4671 3474 4741 Hec

818 4791 927 4853 IV.
968 4808 1082 4852 Pan
1102 4810 1147 4852 2.
3049 4801 3159 4853 117

3584 1087 3806 1194 effla]
