4500 5956
707 622 911 687 ruma.
940 620 1033 702 9.]
1609 618 2007 684 msroma
2055 616 2654 683 mrnomtrtcA.
3409 608 3536 677 ’rte

704 753 1038 839 termino
1070 750 1473 869 praefigat,
1511 776 1671 867 quo
1701 778 1841 865 per
1871 760 2401 865 procuratores
2432 751 2748 834 idoneos
2780 772 3043 835 coram
3080 771 3164 832 se
3195 738 3529 857 eompa-

707 912 874 970 rere
908 885 1266 970 debeant.

868 1112 1077 1189 (Edld.
1100 1112 1320 1191 partim
1345 1111 1704 1187 mmm„
1732 1108 1959 1174 annal.
1980 1107 2200 1192 coclea,
2218 1110 2297 1173 ad
2320 1127 2464 1174 ann.
2498 1118 2678 1186 1285,
2706 1106 2935 1190 §XIIL
2963 1123 2998 1170 e
3021 1113 3263 1188 regest„
3284 1105 3524 1185 ub.1x‚

942 1229 1011 1281 n·
1040 1226 1183 1281 287.
1210 1218 1386 1282 Nunc
1407 1217 1490 1280 ad
1514 1220 1813 1299 integrum
1838 1218 2052 1281 damus
2073 1234 2154 1280 ex
2178 1217 2316 1280 coll.
2345 1217 2596 1296 Luporte
2621 1215 2706 1278 du
2730 1215 2948 1290 rhen.)

803 1416 1202 1509 Gregorius,
1225 1425 1392 1511 etc.‚
1416 1390 1802 1513 patriarche
1824 1415 2288 1499 Antiocheno,
2309 1413 2701 1511 Apostolice
2728 1412 2926 1488 Sedis
2946 1413 3200 1507 legato,
3225 1422 3359 1487 etc.
3386 1408 3452 1510 (t
3468 1413 3519 1508 ).

708 1537 1042 1616 Dilectum
1077 1537 1297 1617 filium
1333 1539 1736 1643 magistrum
1773 1540 1857 1617 Ρ.
1886 1539 1981 1619 de
2012 1539 2362 1619 Vuarcino
2395 1538 2804 1639 scriptorem
2853 1548 3202 1628 nostrum,
3243 1538 3526 1615 latorem

712 1662 1167 1761 presentium,
1204 1662 1434 1741 virum
1478 1661 1854 1763 providum
1890 1672 1961 1742 et
1993 1661 2297 1756 fidelem,
2332 1663 2533 1756 quus
2563 1660 2772 1739 fidem
2793 1663 2947 1756 jam
2990 1662 3065 1737 in
3109 1661 3347 1739 multis
3388 1681 3529 1739 ex-

708 1787 882 1885 perti
926 1807 1212 1878 sumus,
1250 1784 1343 1863 ad
1384 1795 1459 1859 te
1486 1807 1647 1860 cum
1681 1787 1928 1863 litteris
1961 1786 2437 1887 imperialibus
2489 1784 3058 1875 transmittentes3
3108 1785 3267 1861 licet
3313 1784 3530 1858 caris-

711 1909 923 1986 simus
974 1910 1045 1982 in
1105 1908 1372 1985 Christo
1430 1906 1619 1984 filius
1666 1921 1901 1989 noster
1957 1908 2361 1987 Frederieus
2392 1909 2858 1987 Romanorum
2913 1909 3323 2007 imperator,
3357 1918 3527 2000 etc„

712 2031 953 2103 festum
983 2030 1375 2106 Nativitatis
1402 2032 1677 2112 Domini
1712 2030 2029 2130 proximo
2062 2034 2375 2110 futurum
2409 2031 2483 2109 in
2527 2052 2670 2127 quo
2714 2030 2888 2132 petit
2918 2039 3139 2104 totum
3175 2032 3529 2127 negotium

709 2153 895 2249 quod
931 2155 1111 2229 inter
1138 2155 1372 2253 ipsum
1414 2164 1491 2230 et
1531 2154 1955 2230 Lombardos
1984 2156 2277 2229 vertitur
2308 2153 2652 2250 expediri,
2683 2154 3054 2228 terminum
3096 2152 3367 2249 petierit
3403 2174 3530 2227 as-

709 2277 963 2371 signari
999 2289 1070 2351 et
1103 2280 1358 2375 apponi
1407 2299 1660 2376 penam
1702 2279 1989 2374 triginta
2029 2277 2245 2351 millia
2292 2298 2682 2351 marcarum
2728 2276 2803 2350 in
2849 2276 3347 2372 compromisso
3375 2274 3524 2373 (2);

709 2409 772 2475 et
804 2402 866 2474 si
896 2403 1132 2477 forsan
1169 2401 1337 2479 dicti
1362 2401 1734 2481 Lombardi
1763 2412 2068 2479 nostram
2099 2400 2637 2491 ordinationem,
2667 2399 3210 2500 dispositionem,
3239 2399 3529 2478 laudum

709 2524 815 2596 vel
869 2524 1230 2598 arbitrium
1264 2548 1405 2600 non
1449 2526 1923 2619 servaverint,
1962 2535 2262 2603 rectores
2308 2525 2657 2601 societatis
2704 2524 3114 2601 lombardie
3151 2546 3241 2601 ac
3285 2532 3533 2620 potes-

708 2654 877 2719 tates
912 2658 982 2720 et
1020 2649 1306 2723 consilia
1340 2650 1700 2724 civitatum
1748 2651 1904 2745 ipso
1952 2651 2133 2724 facto
2185 2650 2596 2724 sententiam
2642 2647 3374 2723 excommunicationis
3416 2649 3533 2721 in-

708 2781 1013 2865 currant3
1067 2773 1236 2868 quia
1279 2783 1511 2847 tamen
1561 2773 2013 2848 consideratis
2052 2772 2425 2869 diligenter
2453 2772 2674 2868 ipsius
2708 2770 2966 2865 negotii
3007 2770 3534 2846 circumstantiis

705 2894 1079 2989 universis,
1137 2917 1277 2970 non
1322 2895 1650 2972 videmus
1698 2897 1995 2994 qualiter
2037 2904 2180 2970 tam
2231 2897 2534 2971 arduum
2592 2895 2949 2992 negotium
2995 2894 3215 2992 possit
3264 2895 3341 2968 in
3390 2905 3533 2971 tam

711 3015 905 3091 brevi
950 3028 1260 3116 tempore
1298 3021 1662 3097 commode
1695 3021 2012 3122 expediri
2034 3077 2052 3110 ‚
2104 3020 2519 3094 mandamus
2563 3029 2908 3116 quatenus
2948 3017 3252 3120 prefigas
3299 3031 3534 3096 recto-

704 3140 895 3215 ribus
941 3144 1287 3218 societatis
1337 3144 1650 3241 ejusdem
1706 3167 1791 3219 ac
1846 3147 2014 3243 ipsis
2060 3143 2468 3220 Lombardis
2516 3165 2643 3241 pro
2681 3144 2976 3220 termino
3019 3143 3357 3220 kalendas
3390 3144 3533 3221 de-

702 3264 995 3338 cembris
1030 3266 1350 3361 proximo
1383 3287 1576 3340 nunc
1597 3265 1904 3358 futuras,
1941 3267 2017 3339 in
2042 3287 2184 3362 quo
2214 3288 2343 3362 per
2373 3265 2697 3364 syndioos
2734 3288 2859 3341 seu
2891 3289 3025 3366 per
3061 3277 3534 3366 procuratores

696 3387 1116 3462 sufficientes
1160 3398 1229 3464 et
1261 3387 1549 3465 idoneos
1596 3389 1886 3486 plenum
1928 3389 2335 3464 mandatum
2365 3388 2697 3466 habentes
2743 3388 2839 3466 ad
2877 3391 3282 3489 ponendum
3310 3404 3529 3468 totum

697 3511 1051 3606 negotium
1113 3512 1249 3586 sub
1284 3515 1662 3614 prescripta
1707 3517 1928 3589 forma
1957 3515 2031 3588 in
2061 3537 2279 3590 manu
2307 3515 2613 3589 Ecclesie
2653 3525 2724 3588 et
2760 3516 3147 3613 parendum
3196 3539 3408 3619 super
3447 3539 3532 3594 eo

698 3636 968 3730 precise
1024 3636 1370 3711 mandatis
1400 3638 1694 3730 nostris,
1733 3647 1804 3714 et
1846 3636 1939 3713 ad
1971 3639 2484 3738 prorogandum
2519 3637 2753 3736 ipsum
2791 3642 3161 3713 terminum
3206 3643 3266 3713 si
3315 3639 3532 3716 vide-

700 3756 924 3831 rimus
955 3758 1326 3855 expedire,
1381 3762 1573 3835 omni
1611 3760 1943 3836 dilatione
1982 3783 2066 3835 ac
2092 3764 2545 3837 excusatione
2574 3763 3038 3856 cessantibus,
3093 3777 3529 3860 compareant

696 3900 927 3954 coram
969 3883 1199 3957 nobis.
1257 3883 1622 3981 Alioquin,
1680 3885 1819 3960 sibi
1870 3895 2193 3984 poterunt
2246 3886 2591 3983 imputare
2638 3887 2701 3960 si
2757 3886 2951 3983 quod
2998 3887 3100 3962 eis
3143 3886 3527 3983 periculum

698 4003 957 4078 exinde
988 4009 1350 4102 contigerit
1376 4009 1764 4084 imminere.

794 4129 1046 4203 Datum
1081 4129 1326 4204 Assisii
1344 4185 1367 4225 ,
1406 4132 1500 4207 vl
1536 4133 1870 4208 kalendas
1903 4133 2203 4207 octobris
2218 4188 2239 4224 ,
2281 4154 2466 4208 anno
2490 4136 2610 4209 IX.

767 4430 844 4507 (⁴)
884 4431 1041 4492 Hunc
1066 4449 1191 4493 cum
1213 4434 1412 4511 plenae
1449 4435 1730 4516 legationts
1753 4437 1924 4498 officio
1948 4438 2174 4498 miserat
2212 4441 2271 4497 in
2308 4437 2680 4499 Lombardiam
2715 4454 2889 4521 papa,
2911 4438 3106 4501 litteris
3146 4441 3287 4502 datis
3317 4444 3529 4504 Perusii

699 4526 798 4586 ΧΠ
822 4529 931 4587 kal.
955 4531 1106 4604 junii,
1136 4534 1482 4608 pontificatus
1508 4550 1649 4595 anuo
1675 4537 1774 4606 lx,
1798 4534 1934 4595 ibid.
1952 4581 1968 4610 ,
1990 4537 2170 4611 §le

764 4626 836 4700 (Ξ)
873 4627 930 4687 Si
960 4632 1141 4687 tamen
1166 4630 1237 4690 de
1266 4632 1657 4708 compromisso
1686 4636 1754 4691 13
1786 4633 1915 4693 maii
1948 4636 2089 4694 ⁴232
2114 4632 2332 4694 Paduae
2365 4633 2619 4696 concluso
2647 4640 2859 4714 agatur,
2877 4651 2989 4697 non
3015 4633 3092 4697 ibi
3122 4637 3229 4699 uisi
3256 4637 3326 4700 de
3348 4653 3526 4716 poena

701 4721 882 4797 viginti
905 4725 1136 4785 millium
1160 4742 1464 4791 marcarum
1487 4732 1695 4806 argenti
1710 4730 1916 4790 mentio
1936 4731 2015 4790 nt.
2044 4729 2125 4790 Cf.
2146 4745 2331 4807 supra,
2358 4748 2416 4807 p.
2442 4735 2567 4792 350.
