4500 5956
1026 581 1150 647 822
2029 578 2455 642 minume!
2505 578 2854 660 secuml
3482 585 3645 663 [Aa.
3683 585 3855 648 lm.

1030 711 1262 821 hujus
1315 709 1672 796 ecclesiae
1726 736 1773 792 a
1827 736 1907 791 se
1956 710 2325 818 suscepit,
2384 736 2604 817 eum,
2666 735 3137 793 successores
3185 712 3395 821 ejus,
3437 715 3860 822 capitulum

1029 842 1695 954 possessionesque
1746 852 1822 925 et
1874 841 2054 951 jura
2107 840 2465 928 ecclesiae
2523 840 2672 924 sub
2707 845 3171 950 protectione
3232 869 3373 925 sua
3427 854 3511 926 et
3560 845 3860 953 imperii

1029 977 1334 1085 recipit,
1376 974 1622 1056 eidem
1668 973 2022 1056 ecclesiae
2059 972 2263 1055 bona
2306 973 2564 1055 omnia
2610 998 2940 1082 quornm
2987 974 3367 1083 quaedam
3403 976 3858 1059 nominatim

1027 1108 1582 1217 exprimuntur,
1624 1106 2111 1188 confirmans.

1196 1317 1391 1396 (mid.
1414 1334 1494 1376 nn
1511 1317 1969 1392 Wnsn’mmv,
1983 1317 2247 1376 Monam.
2269 1314 2475 1378 incdit.
2490 1333 2602 1376 rer.
2631 1317 2900 1377 German.
2918 1318 3230 1398 praecipue
3246 1316 3689 1397 Cimbrica-um,
3710 1327 3857 1397 etc„

1271 1430 1313 1485 t.
1346 1424 1430 1496 ΙΙ,
1460 1441 1522 1501 p.
1550 1432 1658 1485 207
1671 1422 1752 1501 0.)

1129 1610 1203 1683 In
1244 1609 1525 1681 nomine
1566 1620 1799 1682 sancte
1850 1619 1917 1688 et
1959 1609 2327 1683 individue
2372 1610 2739 1686 Trinitatis.
2787 1610 3178 1688 Fridericus
3216 1611 3567 1689 secundus
3608 1610 3858 1688 divina

1035 1734 1308 1806 ravente
1345 1731 1706 1805 clementia
1744 1731 2208 1805 Romanorum
2248 1733 2614 1828 imperator
2660 1754 2931 1829 semper
2964 1743 3337 1832 angustus,
3375 1733 3747 1806 Jerusalem
3781 1739 3862 1805 et

1033 1855 1268 1927 Sicilie
1323 1876 1475 1927 rex.
1538 1853 1646 1928 Ad
1693 1857 2242 1951 promovendum
2286 1866 2357 1930 et
2402 1859 2955 1931 conservandum
3007 1858 3373 1933 salubriter
3416 1857 3859 1934 ecclesiarum

1036 1988 1326 2065 statum,
1365 1977 1551 2049 illius
1590 1978 1841 2050 intuitu
1875 1981 2076 2071 cnjus
2115 1981 2379 2053 nomini
2416 1991 2578 2053 sunt
2615 1981 2873 2072 dicate,
2920 1981 3013 2054 de
3051 1982 3252 2073 cujus
3299 1981 3657 2054 clementia
3696 1983 3861 2055 feli-

1035 2102 1204 2174 citer
1240 2102 1692 2195 imperamuS,
1737 2123 2002 2175 necnon
2036 2113 2112 2176 nt
2151 2103 2225 2176 in
2261 2103 2464 2177 bonis
2498 2126 2736 2180 earum
2774 2107 3017 2180 favore
3057 2116 3292 2182 nostro
3323 2114 3642 2181 servetur
3680 2104 3860 2176 inte-

1036 2226 1284 2320 grita8‚
1352 2232 1539 2295 tanto
1600 2223 2050 2296 favorabilius
2110 2224 2506 2298 inducimur
2561 2237 2630 2299 et
2682 2237 2998 2299 tenemur
3050 2236 3310 2320 quanto
3358 2227 3430 2298 in
3483 2237 3859 2322 conspectu

1039 2345 1292 2421 summi
1326 2346 1509 2439 regis
1534 2346 1867 2440 gratiores
1896 2347 2261 2438 efficimur,
2295 2348 2385 2422 de
2419 2351 2623 2442 cujus
2647 2351 2993 2423 bonorum
3022 2351 3450 2446 plenitudine
3476 2355 3865 2445 recepimus

1036 2473 1386 2544 universa.
1421 2468 1597 2540 Hinc
1627 2479 1732 2541 est
1761 2470 1994 2564 itaque
2018 2471 2212 2565 quod
2241 2473 2581 2566 presentis
2609 2472 2844 2568 scripti
2873 2472 3053 2545 serie
3075 2482 3321 2546 notum
3358 2473 3506 2546 fieri
3533 2474 3865 2546 volumus

1036 2594 1379 2669 universis
1416 2591 1605 2687 qnod
1640 2615 1801 2665 cum
1850 2595 2090 2667 Petrus
2137 2595 2684 2692 Raceburgensis
2717 2595 2824 2694 (l)
2861 2597 3248 2691 episcopm,
3298 2596 3590 2669 dilectus
3627 2595 3863 2669 fidelis

1032 2728 1290 2809 noster,
1328 2719 1404 2789 in
1438 2727 1814 2812 conspeetu
1846 2728 2083 2791 nostro
2124 2742 2201 2791 se
2228 2719 2766 2824 presentaverit,
2816 2720 3114 2813 regalem
3159 2720 3631 2792 investituram
3680 2731 3862 2792 tem-

1038 2844 1373 2940 poralium
1428 2843 1771 2914 bonorum
1842 2843 2131 2914 ecclesie
2180 2865 2341 2934 sue,
2405 2843 2586 2915 sicut
2639 2843 2854 2914 moris
2899 2853 3042 2936 est,
3091 2866 3219 2939 pro
3257 2853 3454 2946 parte
3505 2852 3739 2916 nostra
3793 2853 3868 2916 et

1035 2969 1306 3066 imperii
1352 2967 1444 3041 de
1488 2966 1851 3062 largitione
1898 2966 2327 3040 celsitudinis
2359 2980 2589 3041 nostre
2631 2968 3050 3063 suscipiens,
3081 2978 3322 3041 nostro
3356 2968 3633 3040 culmini
3685 2990 3867 3063 sup-

1036 3094 1322 3191 plicavit
1354 3101 1701 3186 quatenus
1746 3114 2114 3187 personam
2158 3116 2383 3185 suam,
2431 3114 2860 3165 successores
2899 3114 3093 3182 suos,
3136 3092 3541 3188 capitulum,
3579 3113 3867 3193 posses-

1039 3220 1307 3309 siones,
1361 3216 1665 3289 decimas
1706 3226 1774 3288 et
1812 3217 2053 3288 omnia
2090 3216 2277 3289 bona
2327 3225 2394 3288 et
2434 3218 2593 3309 jura
2645 3215 2932 3289 ecclesie
2973 3226 3115 3287 tam
3164 3216 3235 3285 in
3277 3215 3476 3309 aquis
3528 3237 3737 3309 quam
3787 3215 3861 3287 in

1036 3341 1238 3415 terris
1285 3360 1425 3433 que
1463 3339 1534 3410 in
1582 3339 2081 3434 presentiarum
2118 3340 2307 3430 justo
2340 3338 2540 3410 titulo
2580 3338 2887 3434 possidet
2917 3341 3030 3411 vel
3078 3339 3150 3410 in
3198 3350 3398 3413 antea
3441 3340 3694 3434 poterit
3731 3361 3869 3413 ra·—

1039 3464 1455 3538 tionabiliter
1491 3462 1820 3556 adipisci,
1880 3461 2010 3532 sub
2045 3470 2343 3532 nostram
2395 3472 2465 3534 et
2504 3459 2777 3556 imperii
2814 3462 3175 3557 specialem
3215 3462 3710 3559 protectionem
3755 3484 3867 3535 re-

1040 3591 1270 3686 cipere
1297 3597 1367 3659 et
1403 3585 1494 3658 de
1520 3594 1751 3657 nostra
1782 3585 2228 3679 dignaremur
2273 3585 2491 3678 gratia
2539 3585 2966 3659 confirmare.
3013 3587 3160 3658 Nos
3206 3582 3440 3679 itaque
3483 3587 3627 3657 suis
3658 3587 3867 3678 justis

1039 3709 1655 3809 supplicationibus
1687 3708 2085 3781 clementius
2121 3719 2527 3800 annuentes,
2565 3709 2808 3783 divine
2848 3708 3317 3781 retributionis
3351 3709 3605 3780 intuitu
3641 3718 3711 3781 et
3737 3729 3867 3803 pro

1042 3846 1271 3911 nostre
1312 3834 1554 3908 salutis
1596 3841 2009 3927 augmento,
2049 3832 2374 3906 eumdem
2408 3832 2845 3928 episcopum,
2880 3854 3312 3906 successores
3356 3853 3553 3923 suos,
3591 3832 3868 3926 capitu—

1041 3964 1212 4052 lum,
1254 3957 1749 4054 possessiones,
1790 3954 2123 4048 decimas,
2158 3957 2389 4029 omnia
2425 3956 2608 4028 bona
2645 3964 2713 4028 et
2741 3958 2902 4049 jnra
2935 3955 3261 4045 ecclesie,
3297 3957 3479 4027 sicut
3509 3977 3592 4027 ea
3633 3957 3867 4027 omnia

1044 4094 1183 4155 tam
1220 4082 1293 4152 in
1342 4081 1540 4176 aquis
1583 4102 1793 4174 quam
1834 4079 1907 4150 in
1959 4079 2157 4152 terris
2207 4079 2279 4150 in
2324 4080 2617 4175 presenti
2657 4081 2845 4171 juste
2889 4080 3195 4152 noscitur
3236 4077 3584 4173 possidere
3628 4080 3740 4152 vel
3791 4079 3865 4150 in

1041 4215 1242 4277 antea
1268 4205 1454 4295 justo
1493 4203 1688 4275 titulo
1724 4201 1968 4298 poterit
2002 4201 2335 4298 adipisci,
2372 4204 2504 4274 sub
2540 4212 2770 4275 nostra
2810 4211 2879 4275 et
2915 4202 3181 4298 imperii
3218 4203 3635 4297 protectione
3673 4202 3869 4274 reci-

1043 4328 1277 4423 pimus
1308 4326 1614 4422 speciali,
1661 4336 1728 4398 et
1773 4325 2018 4398 eadem
2056 4325 2147 4398 de
2184 4326 2418 4398 innata
2454 4326 2587 4397 sibi
2630 4335 2859 4397 nostre
2892 4322 3264 4418 majestatis
3292 4325 3648 4397 clementia
3690 4345 3870 4396 con-

1115 4606 1186 4680 (4)
1225 4604 1516 4678 Ratzbury,
1561 4606 1689 4667 urbs
1721 4606 1987 4679 quondam
2019 4606 2361 4680 episcopalis,
2399 4607 2632 4685 quinque
2670 4606 2836 4664 leucis
2881 4612 2990 4662 tum
3026 4604 3314 4671 Lnbeckio‚
3351 4611 3465 4660 tum
3498 4603 3873 4681 Iawcnbuxgo

1041 4704 1262 4762 distans.
