4500 5956
568 611 766 671 lnnrcr.
805 610 927 685 10.]
1461 603 1861 666 HISTORIA
1898 603 2487 666 DIPLOMATch.
3256 601 3376 662 923

570 743 817 816 nostris
849 747 1172 833 respectu
1216 737 1400 809 illius
1440 737 1691 829 injurie
1725 748 2132 835 reputantur
2165 758 2306 830 que
2344 737 2640 809 Creatori
2676 749 2902 808 nostro
2949 735 3022 806 in
3056 735 3189 808 hoc
3222 736 3379 808 evi-

572 867 844 939 dentius
885 865 1256 956 irrogatur,
1305 860 1497 953 quod
1540 862 1759 933 turbis
1811 860 2284 954 undicumque
2337 862 2639 933 collectis
2682 858 2996 931 crucifixi
3052 856 3262 931 fidem
3309 868 3380 930 et

571 1009 822 1061 nomen
870 985 1145 1080 publice
1198 982 1538 1078 predicari
1567 1004 1657 1056 ne
1690 1005 1829 1077 qua
1865 1005 1956 1056 ex
2011 985 2143 1056 hoc
2178 994 2299 1057 tuo
2330 985 2728 1076 contingant
2765 1002 2977 1075 regno
3015 980 3377 1076 dispendia

572 1130 710 1183 non
739 1108 1164 1204 permittens,
1185 1105 1765 1201 recuperationem
1796 1108 2000 1179 Terre
2027 1109 2272 1195 Sancte
2306 1115 2375 1179 et
2405 1106 2626 1177 crucis
2657 1104 3006 1199 negotium
3038 1103 3373 1196 impedis;
3453 1208 3456 1211 η

573 1229 665 1304 ad
699 1231 900 1321 cujus
944 1212 1600 1299 consummationem
1640 1212 1873 1300 contra
1910 1230 2272 1301 consilium
2305 1237 2502 1299 tuum
2537 1228 2627 1300 de
2659 1227 2859 1298 bonis
2895 1235 3170 1298 tuorum
3212 1244 3379 1296 con-

574 1351 734 1424 ferri
764 1350 1072 1423 fidelium
1107 1349 1482 1423 interdicis.
1524 1349 1862 1433 Quocirca
1909 1350 2388 1423 celsitudinem
2422 1362 2609 1422 tuam
2639 1348 3014 1443 rogandam
3047 1346 3381 1420 duximus

576 1484 646 1545 et
694 1472 1106 1545 monendam
1138 1481 1478 1565 quatenus
1511 1473 1643 1544 sub
1677 1474 1931 1567 potenti
1966 1496 2176 1546 manu
2213 1472 2337 1545 Dei
2384 1475 2497 1544 cui
2547 1472 2730 1546 clara
2771 1481 2933 1545 sunt
2981 1472 3381 1544 abscondita

577 1596 1035 1683 tenebrarum,
1065 1596 1166 1668 sic
1191 1594 1534 1666 humiliari
1570 1617 1916 1689 procures,
1950 1598 2050 1667 sic
2073 1618 2313 1669 omnes
2339 1616 2588 1690 sponse
2622 1616 2747 1666 sue
2778 1594 3063 1685 injurias
3098 1594 3380 1668 studeas

578 1718 944 1793 emendare
975 1716 1163 1810 quod
1202 1727 1268 1788 te
1305 1718 1526 1789 taliter
1552 1719 1891 1790 exaltasse
1927 1740 2082 1790 eum
2126 1739 2564 1812 nequaquam
2605 1717 2908 1812 peniteat
2957 1726 3027 1789 et
3068 1737 3193 1788 sue
3236 1738 3382 1788 ma·

571 1841 834 1935 jestatis
872 1840 1105 1912 oculos
1155 1863 1196 1912 a
1245 1839 1380 1912 tuis
1426 1840 1859 1933 processibus
1916 1861 2053 1912 non
2109 1849 2411 1930 avertat,
2463 1860 2725 1933 nosque
2761 1838 2864 1937 ,de
2917 1826 3383 1934 imperialibus

580 1963 997 2057 profectibus
1026 1963 1369 2056 possimus
1406 1983 1544 2033 non
1578 1963 1915 2034 immerito
1950 1962 2021 2033 in
2049 1963 2339 2034 Domino
2375 1962 2676 2055 gloriari.

673 2087 924 2158 Datum
958 2087 1190 2175 Reate,
1226 2085 1295 2155 X
1329 2064 1661 2156 kalendas
1692 2085 2110 2174 novembriS‚
2151 2084 2590 2181 pontificatus
2616 2062 2825 2157 nostri
2859 2105 3041 2157 anno
3074 2086 3162 2156 X.

1710 2383 2961 2397 *um—m

690 2660 1165 2770 [Imperator]
1232 2663 1367 2748 ivit
1417 2644 1751 2748 Brixiam
1824 2693 1959 2775 per
2002 2648 2498 2753 'Mantuanam
2560 2669 2820 2751 omnia
2879 2671 3340 2753 devastando
3362 2731 3386 2772 ‚

585 2802 660 2874 et
710 2794 983 2877 deinde
1056 2796 1511 2879 Cremonam
1533 2860 1557 2906 ,
1634 2809 1710 2881 et
1778 2798 1885 2881 ibi
1939 2799 2223 2880 mansit
2275 2825 2409 2907 per
2459 2809 2705 2882 totum
2768 2825 3109 2883 mensem
3162 2809 3390 2881 octo-

587 2922 745 3006 bris
799 2924 957 3035 (1).
1032 2927 1373 3011 chronic.
1436 2936 1696 3012 Patav.
1761 2955 1884 3039 ap.
1935 2930 2340 3037 Munuom,
2386 2932 2626 3040 Antiq.
2686 2936 2862 3014 Ital.
2923 2936 3112 3016 med.
3174 2931 3381 3028 aevi,

586 3065 641 3136 t.
685 3055 814 3164 IV,
854 3083 932 3164 p.
982 3062 1214 3141 1155.
1245 3106 1356 3123 —
1389 3060 1805 3169 Imperator
1838 3065 2253 3171 procedens
2291 3064 2493 3146 ultra
2536 3063 2871 3148 Brixiam
2914 3063 3397 3174 pertransivit

588 3195 662 3267 et
721 3212 803 3270 se
856 3213 1033 3270 cum
1089 3216 1230 3272 sua
1265 3202 1486 3301 gente
1521 3192 1797 3275 locavit
1857 3204 1932 3276 et
1990 3196 2244 3303 posuit
2303 3197 2385 3278 in
2453 3197 2825 3279 Cremona
2847 3258 2872 3304 ,
2929 3197 3063 3281 ubi
3117 3196 3398 3278 mansit

587 3340 833 3425 usque
900 3344 1038 3430 per
1108 3345 1446 3404 mensem
1518 3319 1848 3406 octobris
1922 3325 2331 3434 sequentis
2389 3327 2825 3436 Romnum„
2871 3328 3008 3411 lib.
3069 3328 3210 3434 111,
3267 3355 3391 3439 ap.

585 3447 958 3532 Manuos.
1031 3454 1443 3563 Scriptum,
1494 3464 1581 3582 Ιρ.
1644 3423 1837 3564 Vlll,
1901 3484 1978 3566 p.
2040 3459 2225 3539 207.
2279 3506 2385 3522 —
2427 3461 2687 3570 Legati
2743 3445 2960 3544 Urbis
3032 3472 3108 3544 et
3169 3461 3398 3543 totius

585 3578 1088 3666 Lombardiae
1138 3596 1215 3667 et
1266 3586 1580 3668 Tusciae
1651 3587 1755 3668 ad
1802 3587 2336 3696 imperatorem
2386 3581 2700 3688 vadunt.
2771 3594 3024 3678 Mense
3066 3594 3396 3678 octobris

588 3725 682 3794 ex
716 3725 931 3820 parte
970 3716 1398 3800 Casinensis
1434 3730 1846 3803 conventus
1893 3725 1992 3805 ad
2037 3749 2215 3805 eum
2268 3751 2574 3834 quoque
2618 3728 2774 3809 duo
2819 3729 3201 3820 vadunt...
3248 3726 3396 3825 Qui

588 3855 843 3925 tamen
896 3872 1076 3928 cum
1130 3848 1455 3930 aliarum
1510 3852 1796 3934 nuntiis
1850 3853 2237 3936 civitatum
2293 3883 2536 3964 usque
2601 3857 3050 3940 Cremonam
3114 3885 3395 3967 proce-

589 3976 852 4058 dentes
896 3987 972 4061 et
1022 3979 1263 4083 ultra,
1313 3981 1567 4088 ipsum
1618 3983 1873 4067 videre
1925 4011 2079 4068 non
2133 3995 2570 4095 potuerunt,
2629 4015 2869 4097 quum
2923 4015 3182 4073 mense
3233 4017 3392 4075 no-

589 4106 939 4188 vembris·
980 4120 1200 4218 capta
1252 4111 1551 4195 civitate
1606 4113 2040 4199 vincentiae
2085 4143 2401 4227 propere
2454 4118 2531 4199 in
2590 4119 3120 4206 Alemanniam
3172 4122 3391 4206 redi-

588 4236 841 4321 visset.
885 4239 1082 4323 RJcc.
1130 4268 1218 4322 nr:
1256 4242 1335 4325 S.
1384 4243 1620 4329 Genu.
1659 4248 2109 4360 chronicon,
2146 4250 2245 4332 ad
2282 4276 2462 4334 ann.
2561 4315 2564 4318 n

602 4456 739 4467 b...-
760 4461 851 4468 0—04
868 4463 1142 4471 -——.—---...-.
1257 4467 1283 4472 ‚0
1298 4467 1443 4474 φ’...-

1712 4472 1756 4477 ——-
1772 4472 1945 4480 --—---—...-

3345 4482 3391 4494 -

666 4577 740 4651 (t)
777 4580 889 4637 lloc
910 4582 1029 4654 ipso
1051 4598 1258 4656 mense,
1284 4584 1376 4644 die
1400 4593 1591 4646 octavo
1613 4589 1851 4664 decimo,
1875 4591 2067 4652 civitas
2090 4592 2428 4669 Bergomum,
2455 4603 2516 4654 ut
2547 4613 2647 4656 nos
2672 4599 2953 4658 Ronchetti
2987 4607 3184 4673 monet,
3216 4603 3394 4660 Fride·

594 4675 706 4733 rico
727 4677 986 4751 adhaesit,
1018 4683 1439 4744 Lombardorum
1459 4688 1715 4747 societate
1736 4689 2003 4750 derelicta.
