4500 5956
1085 575 1207 637 618
2139 574 2483 634 HENRICI
2541 572 2878 634 SEPTIMI
3538 577 3700 655 [Amr.
3740 580 3910 642 1233.

1083 709 1251 782 ville
1286 707 1764 780 Neckerauwe
1794 730 1837 779 a
1889 731 2030 802 qua
2074 729 2198 803 per
2246 708 2630 803 palatinum
2653 707 2892 780 *Rheni
2928 706 3179 781 ducem
3219 710 3539 787 Bawarie
3583 713 3916 788 violenter

1079 833 1344 923 eJectus
1373 831 1883 904 dinoscebatur.
1927 832 2334 907 Mandantes
2368 840 2439 904 et
2486 831 2622 903 sub
2674 830 3227 904 interminatione
3260 834 3479 926 gratie
3514 845 3746 909 nostre
3779 837 3915 910 fir-

1077 955 1385 1028 missime
1415 955 1835 1050 precipimus
1867 963 1945 1026 ut
1979 956 2171 1027 nulla
2199 954 2483 1027 omnino
2508 974 2802 1051 persona
2834 954 3150 1026 sublimis
3182 957 3294 1028 vel
3322 955 3643 1052 humilis,
3682 963 3912 1034 eccle—

1071 1078 1345 1152 siastica
1392 1082 1508 1151 vel
1558 1078 1950 1172 mundana,
2008 1079 2274 1152 dictum
2314 1079 2716 1174 episcopum
2751 1086 2820 1152 et
2856 1078 3215 1153 ecclesiam
3245 1100 3444 1152 suam
3473 1091 3715 1157 contra
3743 1106 3913 1180 pre-
4035 1116 4048 1123 ·

1071 1201 1286 1274 sentis
1312 1201 1706 1276 donationis
1750 1211 1821 1276 et
1857 1203 2346 1298 recognitionis
2389 1211 2620 1275 nostre
2650 1202 2982 1297 paginam
3013 1203 3375 1275 molestare
3402 1216 3756 1298 presumat
3792 1208 3908 1282 vel

1074 1327 1377 1400 turbare.
1417 1327 1623 1413 Quod
1655 1328 1779 1420 qui
1808 1327 2306 1423 presumpserit
2328 1334 2605 1398 centum
2633 1325 2844 1397 libras
2875 1325 3029 1397 auri
3063 1346 3139 1397 se
3170 1326 3243 1395 in
3278 1326 3660 1400 vindictam
3694 1338 3906 1403 teme·

1066 1450 1286 1521 ritatis
1317 1472 1445 1522 sue
1472 1452 2013 1545 compositurum
2042 1458 2406 1543 agnoscat,
2443 1448 2881 1521 medietatem
2910 1470 3179 1522 camere
3212 1460 3438 1523 nostre
3465 1461 3536 1523 et
3563 1452 3903 1547 reliquam

1070 1583 1335 1668 partem
1373 1574 1701 1665 injuriam
1734 1575 2046 1668 patienti.
2083 1572 2198 1647 Ad
2228 1574 2439 1666 hujus
2473 1573 2707 1666 itaque
2743 1573 2838 1644 rei
2861 1572 3284 1647 evidentiam
3315 1583 3385 1646 et
3419 1575 3735 1649 stabilem
3773 1575 3904 1647 fir-

1071 1696 1408 1786 mitatem,
1445 1716 1731 1792 presens
1761 1698 2092 1791 scriptum
2126 1695 2273 1768 fieri
2305 1696 2644 1786 Jussimus
2676 1696 2881 1789 sigilli
2911 1697 3126 1769 nostri
3164 1697 3551 1770 munimine
3586 1720 3904 1773 commu-

1075 1819 1324 1891 nitum.

1171 1943 1395 2033 Hujus
1426 1942 1525 2013 rei
1560 1951 1769 2015 testes
1805 1950 1967 2013 sunt
2005 1967 2023 2012 ε
2066 1939 2875 2037 Syfridus.Maguntinu8‚
2909 1941 3036 2013 Th.
3073 1943 3514 2017 Treverensis
3549 1944 3902 2040 archiepi-

1073 2066 1305 2159 scopi,
1348 2065 1424 2136 C.
1467 2066 1845 2161 Spirensis,
1886 2066 1967 2136 R.
2008 2065 2346 2137 Tullensis
2382 2065 2733 2159 episcopi,
2769 2064 2850 2135 E.
2882 2064 2973 2137 de
2995 2064 3373 2157 Ebirstein,
3413 2068 3500 2137 H.
3542 2066 3631 2141 de
3655 2067 3893 2160 Niffin,

1073 2189 1153 2259 G.
1195 2188 1284 2261 de
1312 2187 1712 2281 Budingen,
1757 2189 1834 2260 C.
1881 2189 1970 2262 de
1998 2187 2386 2276 Hoenloch‚
2442 2188 2555 2258 W.
2595 2188 2685 2261 de
2731 2187 3110 2261 Bonlandia
3155 2188 3457 2284 dapifer,
3516 2191 3602 2260 D.
3640 2190 3732 2264 de
3758 2192 3901 2264 Ra-

1072 2311 1450 2405 vinsburg,
1485 2311 1558 2383 C.
1603 2313 1932 2407 pincerna
1958 2312 2048 2387 de
2079 2312 2576 2406 Clingenburg,
2616 2312 2832 2383 etalii
2869 2313 3341 2408 quamplures.

1168 2434 1417 2507 Actum
1449 2437 1643 2531 apud
1666 2439 2124 2532 Magantiam,
2168 2457 2352 2509 anno
2374 2437 2465 2509 ab
2503 2437 2968 2508 incarnatione
2993 2438 3265 2509 Domini
3297 2437 3397 2508 Μο
3423 2437 3896 2512 ducentesimo

1066 2559 1409 2633 tricesimo
1444 2561 1677 2652 tertio,
1715 2563 1837 2634 VII
1869 2561 2200 2634 kalendas
2228 2561 2542 2652 augusti,
2583 2559 2961 2633 indictione
2991 2570 3214 2632 sexta.

1162 2684 1310 2778 Ego
1347 2685 1665 2779 Syfridus
1718 2685 2237 2780 Ratisponensis
2288 2684 2678 2778 episcopus,
2737 2684 3115 2779 imperialis
3175 2686 3333 2759 aule
3391 2685 3842 2759 cancellarius
3869 2739 3891 2778 ,

1071 2806 1229 2878 vice
1282 2806 1544 2880 domini
1598 2809 1986 2903 Moguntini
2051 2808 2549 2903 archiepiscopi
2605 2808 2818 2881 totius
2858 2809 3223 2881 Germanie
3269 2807 3846 2882 archicancellarii
3869 2862 3892 2902 ,

1066 2951 1461 3024 recognow.

1490 3213 2197 3223 ---,-----------Ί-------.--..ἢ..ἶ
2218 3217 2288 3221 m?-
2305 3215 2976 3222 ‚mmm—Q—-—-—-—u-—
2997 3214 3100 3222 ...η-ο-
3117 3211 3463 3223 οκυᾳο--ᾄ

671 3486 1004 3595 Ρηὲξῖῗῧοημ
1173 3492 1543 3575 Henricus
1564 3553 1590 3595 ,
1659 3491 2183 3572 Romanorum
2218 3514 2351 3570 rex
2366 3548 2391 3595 ,
2440 3489 2703 3570 domui
2759 3489 3080 3570 Sanctae
3142 3487 3420 3572 Mariae
3472 3487 3896 3570 Theutoni-

721 3596 776 3636 ²⁸
799 3594 918 3646 '⁰¹²⁵'
1064 3650 1332 3709 corum
1403 3625 1608 3733 apud
1679 3621 2084 3704 Frankfort
2154 3619 2448 3703 confert
2516 3620 2835 3703 rubeam
2905 3619 3266 3730 paludem
3330 3617 3889 3728 (Roderbruch)

1064 3758 1289 3842 sitam
1346 3758 1543 3840 inter
1603 3756 2174 3866 Wrowinvegin
2233 3754 2770 3865 (Frauenweq)
2825 3764 2899 3837 et
2953 3753 3299 3837 villulam
3363 3753 3607 3835 Rodin
3666 3750 3891 3861 (Nie-

1057 3892 1415 4002 derrad.)
3247 3907 3250 3916 '

1227 4105 1499 4183 (Edlder.
1536 4107 1842 4180 Remum,
1896 4103 2128 4177 Archiv,
2168 4106 2256 4174 ΙΙ,
2312 4113 2414 4165 97.
2443 4136 2524 4148 -
2549 4103 2880 4174 Bonum,
2924 4098 3066 4161 Cod.
3096 4097 3541 4179 Moenofiancfi‚
3583 4099 3646 4173 1,
3678 4105 3778 4159 58.
3815 4125 3888 4142 -—

1302 4212 1574 4284 Ermum,
1609 4208 1745 4272 Cod.
1779 4207 1908 4272 ord.
1945 4209 2250 4283 Theuton„
2278 4227 2340 4286 p.
2378 4218 2479 4288 99,
2506 4218 2572 4269 n·
2600 4210 2730 4286 88.)

1160 4395 1560 4485 HeinricuS,
1598 4395 1725 4465 Dei
1763 4396 1996 4487 gracia
2030 4397 2492 4468 Romanorum
2537 4413 2671 4464 rex
2705 4400 2776 4464 et
2809 4413 3079 4488 semper
3112 4398 3486 4483 augustus,
3540 4388 3883 4461 universis

1062 4521 1334 4616 imperii
1370 4518 1691 4591 fidelibus
1713 4520 1973 4612 quibus
1996 4540 2280 4614 presens
2301 4517 2494 4589 litera
2520 4517 2721 4588 fuerit
2744 4525 3015 4590 ostensa
3044 4515 3335 4608 gratiam
3364 4534 3561 4585 suam
3587 4520 3657 4584 et
3679 4532 3883 4585 omne

1060 4645 1348 4717 bonum.
1389 4641 1573 4714 Utin
1607 4642 1858 4714 nostris
1889 4642 2312 4737 temporibus
2336 4640 2580 4744 collata
2608 4662 2651 4713 a
2680 4650 2911 4713 nostra
2943 4637 3413 4712 munificentia
3435 4645 3582 4708 rata
3610 4656 3879 4730 perma-
