4500 5956
1075 602 1197 663 586
2120 599 2465 660 nEchl
2516 599 2854 661 SEPTml
3531 604 3693 681 [Anu.
3733 605 3903 668 1232.

1073 735 1151 807 C.
1198 734 1349 806 dux
1401 732 1491 805 de
1542 730 1802 822 Tecke,
1842 733 1928 804 R.
1967 731 2312 828 palatinus
2346 753 2581 806 comes
2624 731 2715 806 de
2750 733 3182 829 Tuwingen,
3237 756 3468 809 comes
3514 737 3904 815 Willelmus

1075 857 1167 931 de
1218 856 1644 951 Tuwingen,
1688 855 2073 929 Fridericus
2118 858 2208 931 de
2254 856 2831 953 Truhendingen,
2872 858 3196 932 Albertus
3238 860 3329 934 de
3376 859 3597 965 Niffen
3618 914 3639 952 ,
3689 862 3905 936 Eber-

1073 980 1333 1054 hardus
1390 980 1480 1056 de
1518 979 1834 1070 Achaim,
1888 980 2311 1055 Anshelmus
2363 981 2453 1055 de
2495 982 2894 1078 lustingen,
2957 983 3303 1077 Pilgrinus
3350 982 3441 1057 de
3487 983 3895 1076 Balisheim,

1070 1106 1150 1177 E.
1196 1104 1466 1201 dapifer
1504 1103 1593 1178 de
1624 1105 1917 1200 Walpen
1969 1102 2098 1202 (a),
2139 1103 2213 1175 C.
2256 1106 2589 1200 pincerna
2626 1106 2716 1179 de
2761 1107 3307 1197 Winterstetten,
3352 1108 3596 1181 Dietho
3647 1108 3736 1184 de
3765 1111 3900 1183 Ra-

1073 1250 1442 1323 venspurc,
1480 1225 1803 1301 Albertus
1836 1228 2249 1321 Rundsmt'il,
2288 1228 2805 1304 Hildebrandus
2839 1230 2928 1304 de
2976 1230 3460 1327 Trugenhufen
3481 1285 3503 1325 ,
3542 1231 3902 1306 Conradus

1069 1350 1158 1423 (16
1190 1351 1470 1442 Werda,
1516 1352 1875 1424 Heinricus
1910 1352 2255 1447 Spisarins
2286 1353 2380 1425 de
2420 1353 2818 1449 Giselingen
2842 1408 2866 1444 ‚
2898 1355 3324 1430 Herwardns
3368 1354 3459 1429 de
3493 1356 3892 1449 Holzwanc,

1065 1475 1398 1549 Reinboto
1436 1473 1525 1548 de
1559 1474 1884 1566 Altheim,
1926 1484 1996 1547 et
2031 1476 2150 1548 alii
2175 1478 2647 1573 quamplures.

1162 1601 1410 1670 Actum
1501 1596 1696 1694 apud
1766 1596 2193 1693 Wimpinam
2216 1653 2236 1691 ,
2307 1622 2489 1675 anno
2559 1601 2906 1675 dominice
2967 1601 3463 1676 incarnationis
3531 1603 3894 1679 millesimo

1068 1720 1544 1795 ducentesimo
1591 1721 1941 1816 trigesimo
1992 1722 2338 1816 secundo,
2389 1724 2684 1821 septimo
2738 1724 3074 1799 kalendas
3123 1726 3425 1801 octobris
3443 1778 3466 1819 ,
3516 1726 3896 1803 indictione

1060 1854 1285 1917 sexta.

1491 2102 1545 2110 --
1560 2101 1664 2107 m—
1678 2100 1771 2108 00-=-
1788 2100 2606 2110 --—————-—--——--—-—0

721 2410 926 2516 3333,
1163 2398 1573 2503 HenricuS,
1631 2397 2152 2481 Romanorum
2207 2424 2340 2481 rex
2366 2461 2389 2506 ,
2438 2397 2763 2481 Johanni
2819 2400 2916 2483 de
2960 2399 3517 2510 Scharpfeneck
3571 2400 3888 2511 ejusque

637 2516 697 2558 ⁸⁰
722 2516 1004 2569 ”mmm
1051 2530 1509 2614 haeredibus
1556 2540 1689 2614 aut
1734 2531 2298 2614 successoribus
2349 2532 2905 2641 praefecturam
2959 2541 3031 2616 et
3077 2533 3604 2642 wildpannum
3648 2533 3881 2615 totius

1054 2664 1440 2751 districtu-s
1494 2664 1991 2774 Haingereide
2033 2664 2318 2771 vocati,
2358 2664 2560 2747 circa
2611 2673 2950 2749 castrum
3013 2690 3280 2750 eorum
3325 2664 3883 2773 Scharpfeneck

1044 2796 1255 2906 justo
1289 2795 1575 2879 feudali
1611 2796 1833 2879 titulo
1869 2796 2236 2879 concedit.

1218 3011 1403 3090 (Edit.
1436 3013 1500 3072 in
1529 3015 1778 3073 Monam.
1814 3013 2000 3089 Boia,
2030 3019 2177 3074 tom.
2196 3012 2420 3087 XXXI,
2443 3028 2577 3090 pars
2600 3011 2678 3087 1⁸,
2707 3027 2770 3088 p.
2801 3018 2943 3086 555,
2975 3026 3052 3072 ex
3078 3011 3250 3088 copta
3275 3009 3485 3071 vidim.
3505 3026 3650 3072 ann.
3678 3009 3874 3089 1564.)

1149 3200 1519 3288 HenricuS,
1562 3201 1687 3272 Dei
1725 3201 1943 3293 gratia
1987 3201 2452 3272 Romanorum
2496 3220 2655 3285 rex,
2701 3219 2974 3293 semper
3003 3207 3365 3292 augustus.
3412 3198 3674 3270 Tenore
3707 3219 3876 3291 pre-

1051 3321 1350 3393 sentium
1406 3323 1962 3414 recognoscimus
2018 3321 2293 3416 publice
2347 3320 2744 3417 profitentes
2797 3322 2990 3416 quod
3041 3343 3167 3396 nos
3218 3319 3432 3393 nobili
3484 3320 3637 3393 viro
3685 3319 3874 3393 fideli

1052 3452 1283 3517 nostro
1330 3443 1624 3516 Iohanni
1672 3444 1760 3516 de
1805 3444 2345 3539 Scbarpt‘eneck,
2388 3447 2539 3537 ejus
2588 3444 2962 3519 heredibus
3009 3465 3093 3520 ac
3142 3443 3654 3518 successoribus
3705 3465 3869 3516 auc-

1048 3569 1386 3641 toritatem
1438 3566 1761 3643 dedimus
1811 3567 2112 3640 faciendi
2163 3567 2348 3640 bona
2386 3567 2694 3662 predalia
2739 3569 2810 3639 in
2863 3568 3039 3641 inter
3083 3576 3154 3641 et
3195 3568 3376 3641 circa
3412 3574 3680 3639 montes
3712 3567 3872 3638 vul-

1044 3690 1297 3786 gariter
1331 3691 1677 3765 Rossbach
1710 3700 1778 3763 et
1825 3691 2190 3785 Urlesberg
2225 3689 2475 3784 dictos,
2514 3713 2813 3786 quorum
2845 3692 3053 3765 etiam
3088 3689 3427 3764 montium
3470 3688 3870 3761 venationes

1045 3837 1185 3889 una
1221 3838 1383 3888 cum
1425 3815 1917 3890 adherentibus
1953 3814 2352 3887 nemoribus
2386 3836 2511 3887 seu
2554 3814 2818 3910 campis
2862 3812 3219 3887 hincinde
3261 3812 3334 3883 in
3374 3818 3672 3904 quatuor
3709 3811 3864 3882 mil-

1041 3940 1210 4012 lium
1252 3962 1585 4034 passuum
1622 3939 1946 4012 distantia
1974 3940 2090 4012 tali
2122 3936 2217 4034 (b)
2254 3960 2495 4012 eorum
2517 3946 2741 4012 castro
2769 3936 3272 4032 Scharpfeneck
3296 3942 3690 4030 competere
3713 3934 3868 4007 dis-

1045 4063 1427 4152 cernimus,
1467 4084 1733 4135 necnon
1773 4065 2228 4159 prefecturam
2261 4072 2330 4137 et
2356 4062 2844 4158 wildpannum
2882 4061 3092 4134 totins
3116 4059 3467 4132 districtus
3488 4058 3866 4150 vulgariter

1045 4185 1545 4277 Heingereiden
1575 4195 1931 4277 vocatum,
1976 4188 2079 4259 eis
2119 4189 2308 4277 justo
2358 4185 2616 4260 feudali
2662 4186 2860 4257 titulo
2914 4184 3417 4273 concessimus;
3458 4181 3867 4254 mandantes

1043 4316 1113 4379 et
1147 4305 1432 4378 firmiter
1469 4308 1924 4401 precipientes
1961 4331 2049 4380 ne
2090 4309 2249 4402 quis
2300 4329 2418 4380 eos
2454 4308 2746 4400 alicujus
2788 4308 3045 4401 ingenii
3091 4307 3420 4401 scrupulo
3460 4304 3864 4400 perturbare

1039 4441 1159 4504 aut
1202 4431 1367 4505 huic
1408 4433 1586 4503 facto
1612 4430 1896 4503 obviare
1935 4432 2213 4504 audeat.
2264 4431 2468 4515 Quod
2508 4432 2567 4503 si
2607 4432 2766 4525 quis
2803 4433 3025 4506 facere
3060 4430 3594 4529 presumpserit,
3631 4428 3862 4500 offen-

1116 4606 1204 4689 (α)
1247 4606 1344 4668 Sic
1370 4608 1431 4666 in
1460 4609 1776 4684 impresso;
1810 4607 1913 4667 sed
1940 4607 2253 4684 legendum
2308 4607 2376 4667 de
2415 4606 2685 4690 Walperq
2714 4625 2817 4671 seu
2844 4610 3040 4687 potius
3063 4608 3140 4669 de
3179 4602 3519 4684 waldpurq.

1113 4712 1195 4795 (b)
1242 4714 1339 4776 Sic
1371 4732 1387 4774 ε
1419 4712 1733 4792 legendum
1762 4713 1959 4775 forsan
1987 4710 2356 4775 amantibus.
