4500 5956
486 634 749 694 mut.
776 625 865 711 9.]
1450 619 1853 684 HISTORIA
1897 615 2482 683 alphonsum.
3260 609 3385 673 803

977 911 2356 926 mom
2365 905 2944 920 ---——-——-—-—-—-

660 1179 1090 1264 Fridericus
1106 1239 1132 1288 ,
1170 1177 1693 1264 Romanorum
1730 1179 2175 1291 imperator,
2208 1179 2315 1261 ad
2350 1176 2789 1261 instantiam
2839 1172 3377 1285 archiepiscopi
3475 1181 3757 1282 Q·

512 1312 1071 1417 TreverensiS,
1098 1311 1453 1396 abbatem
1488 1322 1565 1397 et
1598 1311 1991 1397 ecclesiam
2019 1311 2116 1397 de
2141 1309 2780 1421 Vuadegozingen
2805 1332 2983 1392 cum
3019 1304 3378 1393 omnihus

521 1445 783 1531 bonis
808 1444 1336 1555 praesentibus
1370 1455 1446 1530 et
1478 1443 1757 1531 futuris
1796 1444 1943 1531 sub
1978 1472 2119 1529 sua
2153 1455 2229 1530 et
2263 1442 2559 1555 imperii
2593 1440 3053 1553 protectione
3081 1437 3375 1550 recipit.

728 1685 1080 1758 (Edlderunt
1105 1686 1326 1762 Bnuss,
1364 1683 1636 1746 Teutsclae
1665 1681 2099 1751 staatslcanzlei,
2135 1690 2180 1743 t.
2215 1683 2494 1760 XXXIV,
2518 1700 2580 1760 p.
2617 1680 3172 1751 136.-1.un01.1›n,
3205 1679 3383 1758 Sym-

799 1789 970 1873 phor.
1011 1789 1319 1853 coeuultat.
1339 1835 1357 1865 ,
1385 1798 1433 1852 t.
1463 1793 1517 1869 I,
1545 1809 1609 1871 p.
1645 1800 1825 1871 1⁴43.
1850 1823 1927 1836 —
1956 1790 2010 1851 J.
2049 1791 2258 1854 Mur.
2294 1790 2583 1865 Ratun,
2614 1785 2856 1851 Geneal.
2886 1785 3072 1848 Gesclz.
3105 1787 3200 1846 des
3223 1783 3388 1847 alten

808 1895 1241 1959 ardennischen
1279 1894 1661 1971 Gemmantes,
1690 1906 1758 1958 n⁰
1784 1896 1935 1973 vn,
1963 1913 2041 1960 ex
2067 1896 2320 1958 chartul.
2352 1896 2686 1975 Sarepont.,
2717 1894 2819 1954 fol.
2853 1904 2951 1954 51.
2989 1891 3297 1955 Francfort
3329 1899 3392 1953 et

812 2003 1079 2084 Leipstg,
1115 2001 1317 2083 1785.)

673 2213 1088 2305 Fridencus,
1130 2213 1257 2287 Dei
1311 2212 1535 2307 gratia
1575 2214 2040 2287 Romanorum
2086 2212 2453 2308 imperator
2503 2232 2773 2306 semper
2809 2219 3148 2305 augustus
3167 2261 3187 2299 ,
3242 2208 3399 2280 Hie-

590 2335 868 2406 rusalem
923 2342 993 2406 et
1049 2332 1278 2406 Sicilie
1330 2353 1485 2406 rex.
1537 2331 1666 2404 Per
1720 2351 2001 2424 presens
2042 2330 2374 2427 scriptum
2426 2339 2664 2401 notum
2720 2329 3008 2401 facimus
3058 2327 3403 2400 universis

593 2451 899 2528 fidelibus
944 2454 1217 2551 imperii
1263 2463 1405 2527 tam
1443 2453 1884 2551 presentibus
1930 2476 2142 2550 quam
2188 2452 2438 2525 futuris
2479 2451 2671 2548 quod
2719 2473 2846 2524 nos
2872 2506 2891 2541 ,
2929 2449 3021 2523 ad
3053 2451 3403 2549 supplica·

594 2575 833 2650 tionem
878 2575 1109 2649 dilecti
1150 2575 1479 2673 principis
1522 2575 1736 2648 nostri
1765 2574 2181 2649 venerabilis
2230 2575 2669 2648 'treverensis
2720 2571 3246 2671 archiepiscopi,
3282 2573 3405 2644 ab·

593 2697 812 2772 batem
848 2706 920 2771 et
964 2697 1326 2772 ecclesiam
1364 2695 1454 2770 de
1492 2695 2076 2793 Vuadegozingen
2122 2696 2227 2794 (a)
2267 2720 2425 2770 cum
2470 2698 2792 2771 omnibus
2830 2697 3032 2769 bonis
3078 2697 3224 2770 suis
3265 2719 3406 2793 que

593 2822 656 2893 in
684 2821 985 2918 presenti
1007 2824 1193 2916 juste
1221 2830 1460 2894 teuent
1490 2829 1560 2895 et
1583 2818 1943 2918 possident
1979 2833 2049 2894 et
2084 2822 2158 2894 in
2196 2831 2398 2895 antea
2428 2824 2617 2917 justo
2651 2822 2846 2895 titulo
2884 2829 3205 2919 poterunt
3252 2820 3407 2894 adi-

593 2945 797 3040 pisci,
832 2944 967 3019 sub
1018 2953 1250 3019 nostra
1280 2953 1350 3019 et
1384 2945 1656 3045 imperii
1696 2945 2119 3044 protectione
2162 2946 2533 3042 recipimus
2567 2946 2849 3043 speciali
2889 2944 3033 3044 (t);
3076 2945 3412 3044 presentis

596 3066 821 3166 scripti
882 3069 1286 3142 auctoritate
1337 3069 1745 3143 mandantes
1796 3079 1866 3143 et
1910 3069 2193 3143 firmiter
2229 3070 2616 3144 inhibentes
2661 3078 3003 3168 quatenus
3039 3071 3274 3144 nullus
3322 3071 3418 3145 sit

595 3192 708 3287 qui
737 3192 1001 3267 dictum
1046 3191 1372 3264 abbatem
1403 3201 1474 3265 et
1512 3194 1869 3267 ecclesiam
1920 3195 1994 3266 in
2036 3215 2330 3290 persona
2364 3196 2477 3266 vel
2518 3195 2720 3268 bonis
2746 3205 2983 3269 contra
3009 3197 3217 3290 hujus
3260 3218 3420 3294 pro-

596 3315 900 3390 tectionis
926 3325 1161 3389 nostre
1186 3324 1492 3389 tenorem
1522 3337 1699 3390 ausu
1740 3317 2098 3391 temerario
2120 3318 2473 3393 offendere
2498 3320 2610 3393 vel
2636 3320 3018 3418 inquietare
3043 3330 3416 3417 presumat.

599 3437 798 3524 Quod
837 3439 961 3534 qui
998 3439 1494 3536 presumpserit
1536 3439 2085 3535 indignationem
2127 3441 2449 3516 culminis
2494 3443 2707 3515 nostri
2755 3465 2833 3516 se
2875 3445 3150 3520 noverit
3193 3445 3425 3520 incur·

603 3582 858 3635 surum.
890 3563 1008 3637 Ad
1060 3562 1267 3656 hujus
1320 3570 1556 3637 autem
1609 3565 1705 3638 rei
1750 3565 2149 3637 memoriam
2192 3574 2261 3637 et
2305 3565 2618 3640 stabilem
2662 3565 3049 3642 firmitatem
3073 3622 3095 3661 ,
3138 3590 3422 3667 presens

604 3686 929 3786 scriptum
973 3684 1123 3759 fieri
1145 3686 1484 3780 jussimus
1513 3688 1887 3780 majestatis
1922 3699 2152 3761 nostre
2187 3689 2412 3785 sigillo
2456 3691 2827 3764 munitum.

692 3811 941 3883 Datum
991 3810 1183 3907 apud
1222 3811 1520 3906 Hagen„
1558 3831 1745 3884 anno
1787 3812 2130 3886 dominice
2170 3814 2660 3886 incarnationis
2701 3815 3064 3888 millesimo
3098 3815 3425 3892 ducente-

609 3933 772 4006 simo
808 3934 1155 4008 tricesimo
1186 3935 1460 4029 quint0,
1505 3935 1762 4007 mensis
1794 3935 2206 4030 decembris,
2246 3958 2426 4012 none
2453 3936 2868 4010 indictionis.

682 4134 771 4213 (a)
810 4135 1051 4198 Scilicet
1112 4134 1496 4219 Wadqamn,
1548 4139 1704 4198 sicut
1753 4140 2171 4216 interpretatur
2209 4138 2601 4214 Boehmerus,
2643 4139 2865 4221 Περσεῦ.
2906 4140 3146 4219 imper„
3175 4157 3236 4219 p.
3284 4151 3425 4216 165,

614 4250 672 4301 ΙΙ·
700 4250 838 4305 82⁵.

685 4476 754 4549 (⁴)
788 4476 901 4537 Hoc
924 4479 1307 4552 protector-ium
1330 4478 1666 4540 omflrmavit
1686 4480 1908 4541 Carolus
1934 4481 2180 4555 quintin,
2200 4483 2558 4557 wormatiae,
2577 4484 2664 4545 die
2681 4484 2853 4559 prima
2880 4485 3083 4546 mensis
3100 4487 3260 4560 maii,
3288 4503 3433 4548 anuo

624 4569 872 4646 unxxn
902 4574 1049 4649 quod
1086 4576 1251 4635 etiam
1278 4592 1369 4652 ap.
1395 4578 1776 4650 Lnnomnuu,
1805 4578 1912 4637 1000
1936 4594 2088 4656 supr.
2116 4583 2299 4640 citato.
