4500 5956
799 1255 987 1307 Augusto
999 1286 1011 1305 ‚

792 1308 1009 1350 decembri

1137 662 1259 724 948
2235 666 2849 729 ADDITAMENTA.

1250 1237 1793 1347 Fragmentum
1837 1238 1933 1319 de
1986 1239 2233 1346 prima
2257 1239 2642 1324 *Fr-iderici
2698 1243 3006 1324 secundi
3031 1304 3054 1348 ,
3111 1243 3628 1327 Romanorum
3691 1245 3949 1351 impe-

1139 1370 1411 1451 ratoris
1430 1431 1453 1475 ,
1493 1369 1573 1449 in
1610 1367 2078 1452 Lombardos
2124 1372 2619 1478 expeditione.

1302 1581 1546 1661 (Inedlt.
1576 1597 1649 1641 ex
1677 1581 1876 1641 codice
1901 1581 2216 1642 Harlelano
2241 1582 2470 1644 Musaei
2497 1584 2794 1660 Britann„
2823 1594 2890 1645 n⁰
2919 1594 3097 1660 3678,
3127 1586 3232 1647 fol.
3264 1596 3333 1648 21
3367 1594 3743 1649 recto-verso.
3768 1588 3951 1666 Cujus

1377 1687 1694 1763 fragmenti
1719 1687 1950 1762 copiam
1974 1686 2145 1747 nobis
2169 1687 2488 1749 llberaliter
2511 1689 2654 1751 fecit
2679 1694 2775 1752 vir
2797 1694 3064 1771 egregius
3089 1693 3343 1769 Panlzzi,
3371 1694 3756 1755 bibliothecae
3777 1695 3950 1755 Lou-

1373 1792 1632 1853 dlnensls
1657 1795 1969 1869 primarius
1992 1794 2240 1873 custos.)

1234 1977 1711 2051 MCCXXXVI.
1756 1977 1833 2048 In
1869 1978 2186 2073 proximo
2238 2000 2479 2053 mense
2545 1983 2863 2075 augusti,
2917 1983 3279 2077 imperator
3331 1981 3735 2055 Fredericus
3788 2004 3945 2054 cum

1139 2122 1388 2194 magno
1431 2100 2007 2173 Theutonicorum
2067 2102 2378 2174 exercitu
2429 2102 2770 2177 Veronam
2823 2107 3153 2197 accessit,
3191 2114 3262 2177 et
3308 2104 3472 2177 inde
3509 2106 3606 2202 (a)
3646 2117 3945 2179 semotus

1135 2226 1327 2298 venit
1369 2245 1525 2295 cum
1571 2223 1856 2296 Yzolino
1898 2222 1988 2296 de
2036 2226 2344 2298 Romano
2380 2235 2451 2298 et
2491 2228 3008 2301 Veronensibus
3045 2228 3136 2325 (b)
3175 2228 3268 2301 ad
3302 2230 3560 2303 flumen
3592 2231 3832 2303 Mencii
3878 2245 3946 2301 et

1135 2355 1651 2419 castrametatus
1694 2355 1821 2417 est.
1877 2346 2049 2418 Cum
2094 2348 2277 2419 enim
2329 2351 2539 2422 vellet
2581 2350 2980 2424 Cremonam
3030 2352 3387 2442 accedere,
3427 2353 3780 2425 Mantuani
3825 2373 3944 2424 re-

1134 2470 1502 2542 bellabant.
1563 2469 1955 2542 Brixienses
2010 2479 2239 2543 autem
2301 2495 2460 2544 cum
2523 2475 3193 2566 Mediolanensibus,
3265 2476 3601 2547 militibus
3663 2496 3944 2570 quoque

1132 2594 1474 2683 Bononie,
1535 2594 1837 2684 Ferarie,
1890 2595 2202 2682 Mantue,
2254 2597 2531 2689 Laude,
2587 2598 3085 2690 vercellarum,
3145 2597 3555 2692 Cumarum,
3606 2599 3940 2689 Novarie,

1132 2717 1577 2807 Alexandrie,
1616 2727 1686 2789 et
1717 2718 1871 2791 aliis
1904 2740 2061 2790 cum
2088 2721 2377 2793 carociis
2405 2721 2597 2816 apud
2624 2722 3184 2795 Montemclarum
3215 2720 3377 2794 fixis
3408 2722 3785 2817 temptoriis
3821 2743 3943 2794 re-

1132 2844 1487 2916 sistebant.
1539 2842 1803 2915 Interea
1851 2842 2339 2917 Cremonenses
2380 2855 2447 2917 et
2491 2846 2892 2918 Parmenses
2938 2868 3098 2918 cum
3150 2846 3432 2939 Reginis
3474 2854 3545 2917 et
3593 2846 3945 2919 Mutinen-

1133 2968 1327 3042 sibus
1359 2968 1430 3039 in
1458 2967 1770 3063 partibus
1809 2966 1899 3040 de
1944 2969 2246 3042 Ysollela
2279 2991 2485 3065 super
2519 2970 2802 3044 flumine
2836 2970 2969 3043 Olii
2995 2970 3327 3065 albergati
3361 2970 3791 3061 residebant,
3823 2972 3940 3066 qui

1135 3092 1251 3165 die
1282 3093 1376 3164 XI
1414 3093 1668 3163 mensis
1695 3094 2102 3187 septembris
2129 3095 2426 3190 proximi
2460 3097 2709 3169 relictis
2737 3097 2947 3168 carris
2982 3116 3108 3191 pro
3143 3096 3385 3187 majori
3426 3106 3619 3190 parte
3655 3096 3944 3191 sumptis

1137 3215 1346 3286 armis
1390 3224 1529 3287 tam
1568 3217 1935 3310 populares
1968 3238 2178 3310 quam
2225 3219 2478 3291 milites
2521 3220 2855 3293 ascherati
2900 3242 3023 3315 per
3058 3229 3274 3292 terras
3304 3220 3771 3293 Brixiensium
3815 3220 3939 3291 ite-

1135 3347 1363 3409 rantes
1398 3336 1490 3409 ad
1522 3338 1779 3409 flumen
1810 3338 1994 3410 Gesii
2029 3352 2527 3435 pervenerunt,
2566 3364 2702 3415 non
2737 3343 3071 3417 distantes
3108 3343 3199 3416 ab
3244 3344 3551 3416 exercitu
3598 3343 3830 3415 Brixie
3878 3352 3946 3416 et

1135 3461 1508 3535 Mediolani
1544 3462 1721 3533 ultra
1754 3459 1895 3533 duo
1928 3462 2255 3554 miliaria,
2290 3475 2429 3539 tota
2466 3477 2667 3539 nocte
2698 3468 2939 3541 armati
2985 3476 3053 3541 et
3087 3467 3421 3540 ascherati
3468 3468 3945 3562 imperatorem

1136 3594 1604 3681 expectantes,
1647 3586 2042 3681 Intelligens
2078 3589 2445 3685 imperator
2479 3589 2967 3664 Cremonenses
3004 3599 3075 3663 et
3108 3591 3509 3664 Parmenses
3543 3590 3608 3663 ei
3633 3590 3941 3682 obviare,

1137 3731 1407 3783 summo
1453 3731 1658 3782 mane
1701 3711 2025 3784 tubarum
2055 3712 2286 3786 sonitu
2333 3724 2551 3788 castra
2587 3737 2868 3789 movere
2908 3716 3130 3808 jubet.
3162 3713 3563 3788 Ascendens
3607 3714 3681 3784 in
3725 3735 3942 3808 equ0,

1136 3834 1402 3906 elevata
1454 3831 1545 3929 (c)
1595 3855 1771 3906 voce
1829 3856 2059 3909 coram
2117 3837 2547 3933 principibus
2606 3847 3023 3932 conquestus
3077 3839 3209 3909 fuit
3265 3838 3504 3911 dicens
3554 3864 3572 3907 ε
3631 3860 3667 3905 «
3717 3836 3945 3922 Quum

1136 3958 1481 4053 peregrini
1513 3968 1583 4030 et
1616 3958 1916 4032 viatores
1948 3961 2308 4034 ambulant
2351 3964 2638 4058 ubique,
2674 3984 2805 4057 ego
2839 3973 3070 4035 autem
3108 3983 3435 4058 non’sum
3463 3981 3677 4034 ausus
3705 3960 3948 4055 agredi

1136 4103 1262 4178 per
1295 4092 1511 4155 terras
1553 4082 1853 4177 imperii.
1893 4108 1929 4153 »
1960 4084 2229 4158 Deinde
2261 4086 2489 4159 statim
2531 4095 2883 4182 assumpta
2913 4076 3146 4179 aquila
3182 4108 3394 4160 manu
3440 4085 3744 4182 propria,
3788 4105 3948 4155 cum

1139 4205 1567 4301 principibus
1598 4206 1780 4302 cepit
1824 4207 2082 4281 flumen
2135 4209 2380 4282 Mencii
2432 4208 2719 4282 transire
2769 4218 2839 4281 et
2883 4208 3109 4286 omnis
3141 4208 3489 4283 exercitus
3523 4228 3685 4280 cum
3724 4226 3835 4297 00,
3880 4213 3951 4278 et

1139 4327 1516 4421 equitando
1572 4328 1665 4401 ad
1712 4330 2091 4403 exercitum
2156 4331 2680 4407 Cremonensem
2731 4333 3068 4428 pervenit.
3130 4332 3361 4406 Altera
3413 4330 3530 4406 die
3583 4332 3950 4426 imperator

1218 4564 1301 4644 (a)
1342 4565 1416 4626 In
1441 4565 1640 4626 codice
1660 4566 1836 4627 inter.

1216 4669 1303 4752 (b)
1343 4673 1415 4732 In
1439 4670 1639 4732 codice
1676 4673 1977 4736 Veronam.

1219 4778 1291 4859 (c)
1337 4778 1407 4839 In
1435 4778 1633 4839 codice
1658 4775 1891 4840 elevato.
