4500 5956
1084 581 1207 643 602
2123 576 2471 638 nnmucl
2520 576 2861 639 semim
3536 584 3700 666 [Anu.
3738 587 3911 650 12³3.

1254 712 1446 792 (Edit.
1476 728 1569 790 ap.
1620 710 1977 788 Senam-r,
2012 713 2163 777 Hist.
2206 713 2382 793 φῦσε.
2423 712 2735 788 Ψοηκοε.,
2773 711 2908 776 οοᾱ.
2945 712 3220 795 probat„
3258 732 3322 793 p.
3360 725 3507 792 11⁴,
3543 726 3611 779 n·
3636 719 3908 796 CXXIII,

1330 835 1406 879 ex
1439 818 1664 880 archiv.
1694 819 1873 895 episc.
1904 817 2229 896 Wormat.)

1186 976 1548 1068 Henricus‚
1581 976 1705 1050 Dei
1726 977 1940 1070 gratia
1958 979 2423 1051 Romanorum
2455 997 2586 1049 rex
2618 984 2688 1050 et
2705 997 2979 1072 semper
3009 986 3377 1071 augustus,
3405 980 3752 1055 universis
3779 983 3911 1056 im-

1089 1099 1259 1195 perii
1293 1098 1617 1173 fidelibus
1647 1100 1934 1194 gratiam
1962 1123 2162 1174 suam
2199 1109 2269 1174 et
2290 1120 2497 1173 omne
2531 1099 2818 1173 bonum.
2853 1100 2995 1173 Hec
3025 1110 3131 1173 est
3151 1102 3370 1174 forma
3396 1104 3911 1198 compositionis

1084 1232 1318 1294 nostro
1359 1220 1734 1295 accedente
1767 1243 2109 1296 consensu
2162 1223 2339 1295 inter
2385 1221 2711 1296 dilectum
2753 1221 3136 1316 principem
3184 1233 3490 1294 nostrum
3534 1225 3907 1300 Henricum

1084 1345 1644 1418 wormatiensem
1677 1345 2079 1443 episcopum
2122 1367 2282 1418 cum
2325 1343 2615 1437 ecclesia
2641 1364 2770 1416 sua
2804 1352 2874 1416 et
2916 1344 3108 1419 cives
3144 1345 3703 1422 Wormatiensae.
3745 1351 3906 1423 Pne-

1080 1469 1342 1562 positus
1369 1470 1592 1561 major
1617 1469 1730 1541 vel
1756 1468 2063 1541 decanus
2095 1468 2209 1541 vel
2235 1476 2465 1540 custos
2500 1467 2694 1539 Nove
2728 1468 3024 1559 Domus,
3068 1490 3253 1540 unus
3283 1468 3607 1564 istorum,
3641 1472 3907 1565 jurabit

1080 1592 1153 1661 in
1182 1589 1484 1663 animam
1516 1589 1816 1685 episcopi
1849 1589 2040 1685 quod
2071 1591 2220 1686 ipse
2258 1590 2625 1685 episcopus
2657 1590 2865 1684 eliget
2900 1590 3076 1664 inter
3121 1592 3312 1665 cives
3340 1592 3436 1665 lx
3462 1594 3685 1685 cives,
3727 1616 3904 1690 quos

1076 1734 1228 1787 esse
1252 1713 1505 1787 viderit
1547 1713 1846 1807 potiores
1889 1724 1959 1786 et
2005 1714 2313 1787 utiliores
2348 1713 2480 1786 sibi
2518 1721 2587 1787 et
2622 1713 2914 1786 ecclesie
2951 1735 3036 1786 ac
3074 1713 3195 1786 toti
3229 1715 3519 1788 civitati.
3551 1716 3769 1791 Iidem
3808 1718 3903 1791 IX

1070 1836 1284 1930 jurati
1307 1836 1561 1929 eligent
1583 1836 1672 1907 VI
1691 1837 1938 1910 milites
1962 1838 2033 1909 in
2061 1838 2341 1911 civitate
2365 1857 2544 1931 quos
2566 1857 2718 1911 esse
2745 1835 3163 1910 crediderint
3182 1837 3481 1933 potiores
3506 1850 3574 1912 et
3598 1840 3903 1915 utiliores

1075 1959 1436 2054 episcopO,
1490 1959 1776 2032 ecclesie
1814 1981 1897 2032 ac
1936 1960 2222 2032 civitati.
2262 1959 2396 2045 Qui
2428 1959 2552 2033 XV
2584 1981 2728 2031 una
2761 1980 2919 2031 cum
2955 1959 3276 2056 episcopo
3317 1981 3587 2057 semper
3615 1964 3901 2038 consilio

1075 2081 1549 2177 presidebunt.
1591 2081 1793 2167 Quod
1818 2082 1876 2154 si
1911 2082 2273 2178 episcopus
2297 2083 2452 2154 ierit
2477 2091 2677 2155 extra
2703 2081 3157 2176 provinciam,
3190 2103 3551 2176 personam
3577 2083 3899 2158 idoneam

1071 2226 1211 2299 que
1245 2205 1522 2277 nomine
1558 2227 1689 2278 suo
1725 2207 2010 2279 consilio
2055 2207 2428 2303 presideat,
2469 2205 2898 2299 subrogabit.
2944 2205 3110 2276 Item
3141 2204 3510 2302 episcopus
3545 2229 3703 2280 cum
3752 2210 3900 2282 istis

1068 2328 1194 2401 XV
1229 2350 1437 2423 super
1460 2329 1925 2420 Juramentum
1961 2331 2315 2425 prestitum
2342 2330 2600 2423 eligent
2643 2331 3011 2401 scultetum
3061 2350 3220 2401 cum
3266 2328 3581 2402 officiatis
3616 2331 3687 2401 in
3722 2332 3898 2405 festo

1068 2450 1379 2541 Martini,
1416 2452 1509 2523 ita
1532 2452 1719 2546 quod
1749 2475 1878 2526 uec
1905 2453 2270 2549 episcopus
2298 2473 2428 2525 nec
2457 2451 2590 2547 ipsi
2620 2451 2744 2524 XV
2780 2472 3092 2545 unquam
3117 2451 3405 2545 exigent
3424 2453 3539 2527 vel
3565 2453 3899 2548 recipient

1066 2572 1231 2646 inde
1269 2574 1573 2668 aliquam
1610 2576 2011 2670 pecuniam,
2061 2576 2230 2648 tales
2278 2575 2600 2670 eligendo
2649 2575 2774 2670 qui
2822 2575 3087 2670 possint
3143 2575 3468 2672 episcopo
3512 2586 3582 2650 et
3633 2577 3895 2651 civitati

1066 2697 1328 2770 servire
1350 2751 1370 2785 ,
1433 2699 1692 2770 nullam
1743 2699 2110 2771 amicitiam
2159 2699 2274 2772 vel
2328 2697 2752 2771 inimicitiam
2790 2698 2864 2770 iu
2907 2697 3017 2771 bis
3070 2697 3412 2793 eligendis
3444 2699 3890 2775 attendendo.

1066 2818 1233 2890 Item
1268 2818 1359 2891 ad
1399 2821 1957 2896 constituendum
1990 2822 2423 2895 exactionem
2462 2821 2577 2892 vel
2612 2819 2887 2913 ungelt,
2945 2821 3312 2917 episcopus
3353 2843 3511 2893 cum
3565 2820 3895 2916 predictis

1065 2941 1191 3013 XV
1220 2941 1310 3014 de
1342 2943 1653 3037 qualibet
1685 2945 2011 3040 parochia
2040 2946 2131 3018 IV
2167 2945 2354 3018 viros
2395 2951 2743 3031 assumet,
2797 2964 3037 3017 eorum
3094 2954 3164 3018 et
3197 2944 3322 3018 XV
3352 2945 3893 3019 consiliariorum

1066 3064 1350 3137 consilio
1390 3066 1686 3140 civitatis
1721 3068 2090 3141 commodo
2114 3068 2541 3163 provisurus.
2568 3067 2641 3140 Si
2673 3088 2856 3139 unus
2890 3087 2985 3139 ex
3013 3066 3146 3139 illis
3170 3068 3267 3139 IX
3294 3066 3694 3159 decesserit,
3754 3069 3893 3163 epi-

1067 3207 1324 3282 scopus
1357 3188 1646 3261 alterum
1684 3191 2050 3263 substituet
2085 3192 2218 3264 sub
2252 3192 2470 3265 forma
2494 3191 2742 3286 prioris
2770 3191 3142 3282 juramenti
3171 3217 3192 3283 ;
3235 3190 3295 3263 si
3332 3189 3424 3264 de
3444 3192 3533 3263 VI
3558 3191 3891 3263 militibus

1066 3311 1435 3404 quisquam
1473 3311 1876 3402 decesserit,
1913 3314 2008 3385 illi
2025 3314 2119 3384 IX
2138 3314 2419 3409 prestito
2442 3315 2832 3407 juramento
2859 3315 2993 3387 sub
3019 3315 3238 3387 forma
3263 3315 3571 3409 predicta
3599 3315 3889 3388 alterum

1067 3432 1566 3524 subrogabunt.
1609 3433 1683 3506 Si
1717 3436 1874 3529 quis
1913 3457 2074 3509 vero
2117 3437 2241 3508 XV
2289 3436 2831 3509 consiliariorum
2882 3445 3115 3509 contra
3160 3439 3629 3531 juramentum
3682 3459 3885 3510 suum

1066 3555 1371 3647 venerit,
1413 3556 1769 3630 convictus
1796 3558 2070 3631 duabus
2096 3559 2208 3632 vel
2240 3557 2462 3630 tribus
2487 3558 2797 3653 personis
2825 3560 2916 3632 de
2950 3560 3288 3633 consortio
3324 3581 3454 3632 suo
3485 3560 3887 3635 auctoritate

1067 3678 1373 3774 episcopi
1405 3700 1448 3752 a
1480 3680 1765 3754 consilio
1812 3681 2156 3772 ejicietur,
2211 3681 2425 3755 altero
2459 3678 2560 3753 illi
2607 3682 2743 3756 sub
2778 3682 2999 3755 forma
3051 3682 3260 3777 priori
3291 3682 3762 3774 subrogando.
3812 3684 3886 3757 Si

1066 3801 1157 3876 de
1181 3803 1272 3875 VI
1303 3803 1639 3876 militibus
1671 3804 1922 3900 aliquis
1957 3826 2034 3879 se
2068 3827 2197 3901 per
2227 3826 2491 3878 annum
2521 3805 3019 3897 absentaverit,
3060 3806 3230 3878 alter
3261 3805 3336 3877 iu
3367 3805 3596 3878 locum
3626 3807 3776 3899 ejus
3797 3807 3887 3880 ab

1065 3924 1202 3997 illis
1241 3926 1338 3998 IX
1362 3926 1653 4021 eligetur
1694 3953 1713 3998 ε
1757 3927 1816 3999 6ἰ
1847 3949 2012 4002 vero
2038 3928 2130 4003 de
2151 3930 2247 4001 IX
2276 3929 2549 4002 civibus
2575 3951 2652 4001 se
2679 3929 2932 4024 aliquis
2952 3949 3079 4025 per
3100 3950 3363 4002 anuum
3389 3929 3880 4014 absentaverit,

1067 4045 1391 4119 dominus
1426 4049 1791 4145 episcopus
1837 4050 1908 4122 in
1951 4050 2179 4123 locum
2215 4052 2371 4143 ejus
2404 4051 2691 4124 alterum
2728 4051 3154 4148 subrogabit.
3198 4052 3272 4124 Si
3317 4051 3477 4145 quis
3526 4060 3756 4124 autem
3797 4050 3887 4124 de

1066 4167 1192 4240 XV
1227 4169 1631 4243 consiliariis
1664 4172 2139 4267 peregrinatus
2158 4174 2401 4266 fuerit,
2442 4175 2615 4246 alter
2643 4195 2867 4268 usque
2895 4173 2987 4247 ad
3022 4175 3324 4249 reditum
3357 4174 3545 4246 illius
3580 4194 3887 4247 assume·

1068 4289 1216 4379 tur,
1255 4289 1350 4364 ita
1376 4292 1568 4386 quod
1599 4294 1658 4364 si
1700 4293 1903 4367 fuerit
1948 4298 2180 4387 miles,
2228 4298 2324 4367 IX
2368 4298 2684 4368 consules
2724 4297 3010 4370 alterum
3059 4298 3345 4372 militem
3389 4277 3772 4385 assument,
3829 4298 3887 4371 si

1070 4411 1275 4486 fuerit
1307 4414 1517 4509 civis,
1557 4416 1920 4511 episcopus
1949 4421 2232 4490 alterum
2275 4419 2499 4491 civem
2535 4418 2925 4491 substituet.
2956 4420 3043 4493 Ut
3078 4431 3309 4496 autem
3335 4422 3465 4495 hec
3495 4430 3642 4494 rata
3670 4431 3737 4493 et
3763 4421 3885 4493 in-

1073 4538 1406 4610 convulsa
1437 4550 1887 4633 permaneant
1907 4550 1976 4612 et
2003 4540 2485 4614 inviolabiliter
2517 4540 3003 4633 observentur,
3044 4546 3329 4617 formam
3371 4545 3551 4618 hanc
3585 4565 3884 4640 ,compo-

1073 4660 1338 4734 sitionis
1355 4660 1578 4754 sigillo
1605 4669 1834 4737 nostre
1860 4662 2290 4738 celsitudinis
2306 4664 2642 4755 jussimus
2672 4664 3001 4739 roborari.
