4500 5956
600 610 791 671 lnmcr.
825 607 909 691 9.]
1484 608 1883 670 HISTORIA
1935 609 2521 672 DIPLOMATICA.
3297 613 3418 674 849

597 744 788 817 velut
832 745 904 816 in
942 744 1264 838 speculo,
1308 744 1706 835 collocatur,
1758 755 1945 819 tanto
1999 748 2371 842 perfectius
2417 745 2616 818 zelari
2665 765 2903 839 pacem
2954 746 3409 839 componitur,

599 877 855 960 quanto
906 876 1177 940 tenetur
1239 867 1608 939 instantius
1661 890 1912 943 vacare
1956 871 2230 961 justicie
2278 869 2751 957 subditorum,
2807 877 2884 938 ut
2942 890 3153 960 quam
3208 871 3417 941 totius

601 989 781 1063 orbis
838 990 1141 1062 ambitus
1194 988 1710 1082 quodammodo
1767 991 1999 1064 debita
2050 993 2418 1067 devotione
2474 991 2811 1085 deposcit,
2865 994 3065 1085 quasi
3115 1014 3159 1064 a
3216 993 3418 1065 nobis

599 1113 1035 1208 presentibus
1064 1112 1436 1202 obtineret;
1470 1117 1671 1206 cujus
1706 1136 1870 1187 vere
1901 1127 2038 1187 tam
2077 1118 2362 1211 spiritus
2396 1136 2608 1209 quam
2645 1113 2928 1186 affectus
2962 1117 3152 1187 velut
3191 1115 3415 1188 fidelis

600 1247 668 1309 et
714 1236 1025 1332 prudens
1059 1236 1160 1332 (a)
1203 1237 1451 1331 spiritu
1496 1237 1676 1310 vivit
1727 1238 2034 1333 imperii,
2083 1247 2160 1311 ut
2205 1261 2290 1312 eo
2338 1241 2707 1333 languente
2761 1237 3085 1331 langueat
3129 1247 3199 1310 et
3264 1239 3414 1333 ipso

602 1369 1040 1455 prosperante
1077 1360 1347 1432 letetur.
1390 1360 1533 1432 Nec
1566 1362 1793 1432 solum
1831 1362 1904 1432 in
1942 1363 2434 1458 temporalibus
2465 1361 2728 1433 solatiis
2764 1357 2857 1456 (b)
2887 1361 3236 1433 christiani
3274 1383 3414 1456 po-

603 1483 741 1575 puli
799 1482 1114 1555 tenebras
1176 1483 1463 1555 Romani
1519 1484 1768 1578 sceptri
1828 1485 2053 1575 fulgor
2103 1485 2448 1557 illuminat
2497 1511 2513 1555 :
2573 1484 2701 1556 sed
2749 1494 2817 1556 et
2863 1485 3194 1556 catholice
3251 1481 3415 1556 fidei

602 1605 998 1678 fulcimenta
1035 1628 1173 1678 non
1213 1607 1395 1678 levia
1448 1607 1957 1697 subministrat,
2006 1608 2176 1680 dum
2236 1617 2445 1703 caput
2503 1617 2572 1679 et
2631 1615 2917 1680 matrem
2976 1606 3419 1679 ecclesiarum

603 1729 935 1820 omnium,
967 1727 1453 1822 Apostolorum
1503 1730 1789 1821 Sedem,
1830 1732 2008 1804 intra
2048 1733 2260 1804 totins
2297 1731 2564 1825 imperii
2591 1731 2893 1826 potentie
2918 1731 3184 1801 viscera
3212 1731 3420 1803 collo-

603 1861 862 1940 catam,
900 1874 941 1924 a
984 1875 1122 1946 qua
1161 1853 1446 1926 ecclesie
1481 1853 1759 1924 urbium
1795 1855 2222 1947 singularum
2266 1863 2336 1925 et
2379 1854 2680 1925 locorum
2723 1853 3188 1947 quorumlibet
3221 1861 3423 1925 auto-

606 1975 821 2046 ritatis
853 1975 1150 2067 insignia
1198 1976 1477 2049 trahunt
1512 1986 1580 2050 et
1609 1977 2041 2048 instruuntur
2077 1977 2441 2072 exemplis,
2472 1975 2923 2049 hereticorum
2963 1975 3270 2071 perfidiis
3311 1976 3424 2047 vel

604 2099 988 2190 aliquorum
1046 2098 1316 2190 injuriis
1362 2099 1639 2172 concuti
1687 2122 1826 2171 non
1866 2100 2212 2194 permittat
2247 2098 2357 2196 (c).
2399 2101 2679 2194 Propter
2722 2100 2912 2194 quod
2957 2101 3419 2193 gratissimum

606 2222 849 2294 offerre
921 2223 1089 2294 vivo
1152 2224 1296 2295 Deo
1360 2232 1686 2318 putamus
1738 2225 2149 2319 obsequium
2177 2278 2197 2314 ,
2254 2226 2314 2296 si
2375 2227 2520 2297 zelo
2576 2224 2910 2296 laudabili
2966 2235 3036 2296 et
3085 2226 3422 2296 constanti

605 2343 952 2439 proposito
1004 2346 1096 2419 ad
1157 2347 1364 2419 totius
1402 2348 1677 2443 imperii
1719 2357 1968 2421 statum
2011 2347 2377 2443 pacificum
2415 2358 2606 2421 tanto
2642 2349 2967 2420 libentius
3013 2349 3420 2442 aspiremus,

606 2477 859 2562 quanto
889 2470 1155 2542 clariori
1188 2471 1505 2564 presagio
1548 2471 1680 2543 hoc
1716 2471 1804 2544 de
1840 2473 2072 2546 celesti
2106 2472 2492 2564 colligimus
2526 2471 2905 2544 voluntate.
2939 2472 3080 2544 Nec
3110 2472 3293 2543 enim
3330 2471 3423 2544 ob

608 2592 796 2665 aliud
846 2593 1196 2666 credimus
1239 2592 1434 2688 quod
1467 2594 1905 2689 providentia
1943 2595 2318 2668 Salvatoris
2370 2596 2471 2667 sic
2506 2593 2907 2687 magnifice,
2955 2595 3093 2666 imo
3138 2593 3426 2666 mirifice

609 2715 938 2788 direxerit
965 2738 1242 2809 gressus
1271 2727 1538 2790 nostros
1570 2718 1695 2812 (d),
1734 2719 1901 2792 dum
1931 2720 2023 2790 ab
2054 2720 2381 2792 Orientali
2414 2740 2587 2791 zona
2621 2740 2911 2811 regnum
2935 2718 3425 2812 Hierosolymi-

610 2847 870 2930 tanum,
912 2839 1203 2912 Conradi
1254 2839 1639 2913 charissimi
1676 2842 1819 2913 nati
1851 2843 2061 2914 nostri
2100 2851 2406 2914 materna
2443 2841 2810 2927 successio,
2852 2863 2934 2912 ac
2977 2839 3256 2913 demum
3299 2863 3425 2913 re—

610 2984 822 3055 gnum
841 2963 1101 3053 Sicilie,
1133 2965 1441 3058 preclara
1478 2973 1783 3038 materne
1815 2973 2045 3039 nostre
2076 2966 2530 3039 successionis
2557 2964 2923 3056 heredium,
2958 2973 3028 3037 et
3056 2974 3425 3060 prepotens

610 3083 967 3159 Germanic
1006 3087 1429 3183 principatus
1470 3089 1572 3160 sic
1604 3111 1816 3161 manu
1861 3089 2130 3160 celestis
2175 3088 2436 3160 arbitrii
2474 3089 2675 3160 nobis
2711 3088 3106 3175 assistente,
3165 3089 3428 3183 pacatis

613 3208 920 3303 undique
951 3211 1264 3305 populis,
1303 3211 1438 3283 sub
1493 3208 1863 3284 devotione
1901 3212 2112 3284 nostri
2163 3213 2459 3284 nominis
2505 3222 2980 3307 perseverant,
3033 3213 3167 3282 nisi
3216 3223 3296 3284 ut
3328 3212 3429 3284 sic

613 3331 783 3405 illud
818 3333 1009 3405 Italis
1047 3333 1352 3406 medium
1374 3387 1393 3424 ,
1435 3335 1685 3406 nostris
1721 3334 2035 3427 undique
2069 3335 2340 3406 viribus
2368 3334 2868 3407 circumdatum
2908 3336 3035 3431 (e),
3071 3335 3164 3410 ad
3201 3345 3430 3410 nostre

611 3456 993 3529 serenitatis
1023 3459 1359 3551 obsequia
1407 3468 1476 3530 et
1524 3458 1789 3553 imperii
1823 3459 2065 3532 redeat
2095 3458 2430 3532 unitatem
2472 3485 2491 3529 t
2533 3459 2724 3553 quod
2765 3460 2933 3531 nihil
2980 3461 3184 3533 nobis
3221 3469 3431 3533 raetat

612 3578 720 3651 vel
756 3580 1108 3653 modicum
1155 3581 1628 3675 peragendum
1661 3579 1787 3676 (s).
1826 3583 1970 3655 Nec
2010 3582 2085 3653 in
2120 3582 2254 3655 hoc
2299 3582 2667 3678 providere
2708 3583 3184 3656 tantummodo
3226 3605 3430 3656 com-

693 3779 775 3859 (a)
818 3782 980 3843 Haec
1021 3799 1060 3842 a
1109 3782 1294 3843 verbo
1321 3782 1515 3844 debita
1554 3783 1846 3845 devotione
1886 3786 2098 3847 desunt
2135 3803 2233 3864 ap.
2262 3787 2434 3848 Pertz
2466 3792 2527 3847 et
2568 3790 2632 3846 in
2671 3786 2798 3847 cod.
2831 3786 2992 3848 Harl.
3021 3794 3173 3846 3678
3192 3829 3212 3865 ,
3238 3804 3432 3864 neque

611 3888 884 3964 prodesse
907 3890 1184 3949 videntur
1219 3893 1336 3950 nisi
1363 3892 1522 3968 quod
1552 3908 1793 3951 sensum
1817 3892 2180 3969 perturbent.

693 3994 775 4074 (b)
822 3993 1065 4057 Solatiis
1090 3998 1256 4059 deest
1281 4015 1380 4075 ap.
1402 3998 1596 4060 Pcrtz.

694 4099 768 4180 (c)
806 4105 924 4178 Ap.
956 4104 1133 4163 Pertz
1153 4104 1525 4181 permittant,
1557 4107 1753 4164 minus
1779 4111 1960 4166 recte.

691 4204 782 4285 (d)
822 4207 935 4268 Hic
957 4209 1260 4270 adduntur
1284 4212 1347 4269 iu
1372 4209 1532 4269 Petr.
1564 4210 1640 4269 de
1663 4212 1802 4273 Vin.
1829 4209 2128 4286 epistolis:
2157 4227 2191 4266 α
2219 4208 2353 4272 Nisi
2376 4205 2533 4288 quod
2550 4204 2839 4267 voluntati
2870 4206 3148 4268 dominice
3174 4208 3437 4290 depositi

614 4309 681 4369 in
703 4312 848 4371 votis
886 4329 954 4372 ca
978 4311 1259 4391 perficere
1293 4315 1544 4396 yet-imus
1573 4330 1689 4393 per
1714 4332 1823 4394 quc
1854 4313 2073 4376 Christi
2104 4332 2315 4395 sponsa
2357 4312 2661 4375 eradicatis
2686 4313 2961 4390 zizaniis,
2988 4313 3300 4378 salubriter
3321 4337 3433 4401 qu-

617 4413 913 4477 bematur.
943 4417 1053 4477 Sic
1078 4418 1234 4499 quod
1256 4417 1428 4496 dum,
1458 4427 1566 4481 etc.
1602 4422 1825 4482 Locum
1852 4428 2052 4482 tamen
2078 4422 2499 4500 interpolatum
2524 4437 2851 4495 censemus,
2877 4422 3020 4482 dum
3051 4439 3149 4501 ap.
3179 4425 3350 4486 Pertz
3376 4432 3435 4487 et

614 4524 679 4582 ln
704 4523 1005 4585 codicibus
1037 4526 1466 4587 Parisiensibus
1491 4532 1551 4587 et
1575 4527 1886 4588 Harleiano
1911 4543 2147 4605 quoque
2173 4528 2348 4590 desit.

701 4628 778 4707 (e)
818 4632 983 4690 Alias
1009 4630 1431 4709 conculcatum,
1461 4631 1893 4709 concordatum,
1924 4635 2096 4694 male.

702 4731 784 4811 (f)
829 4735 992 4796 Haec
1019 4753 1055 4796 a
1081 4736 1238 4817 quod
1257 4735 1434 4815 nihil,
1465 4745 1608 4815 etc„
1636 4756 1735 4817 sp.
1763 4739 1931 4800 Pertz
1960 4740 2198 4801 desunt.

780 4840 882 4902 IV.
927 4855 1040 4901 Pu·
1063 4860 1105 4900 s.
3008 4855 3117 4906 107
