4500 5956
967 579 1086 641 998
1889 575 2144 634 INDEX
2193 574 2888 636 DocquNTonuu.

996 780 1226 858 1254-

977 919 1053 969 26
1085 910 1247 969 maii.
1316 904 1673 979 Wimpinae.
1741 931 1823 946 —
1858 900 1948 961 De
1971 901 2339 977 plenitudine
2362 904 2592 963 consilii
2617 904 2733 973 sui,
2756 904 3085 978 praeposito
3112 908 3173 963 et
3196 906 3517 964 conventui
3533 904 3608 964 de
3628 904 3800 967 Adel-

1820 997 1968 1076 herg
1994 1014 2269 1059 mansum
2296 1015 2486 1058 unum
2511 998 2671 1075 apud
2698 997 3046 1071 Heilbronn,
3071 998 3148 1059 de
3168 1014 3290 1075 quo
3317 1003 3625 1060 annuatim
3641 1017 3798 1062 mar·

1821 1109 1954 1154 cam
1981 1111 2164 1155 unam
2186 1095 2302 1155 sibi
2328 1095 2571 1156 reddere
2594 1093 2887 1167 solebant,
2910 1093 3158 1156 confert.
3683 1106 3799 1158 654

977 1204 1052 1256 26
1086 1196 1248 1255 111611.
1295 1189 1704 1275 [Wimpinae.]
1745 1221 1824 1233 —
1862 1192 2085 1252 Notum
2121 1191 2265 1251 facit
2298 1191 2460 1268 quod
2502 1193 2564 1250 in
2596 1190 2822 1267 judicio
2861 1206 3059 1251 coram
3086 1208 3149 1251 se
3175 1192 3366 1252 Hallis
3400 1191 3601 1252 habito
3628 1210 3803 1270 super

1822 1289 2224 1348 controversia
2249 1303 2404 1363 quae
2437 1289 2592 1347 inter
2623 1286 2700 1347 G.
2731 1289 3007 1347 comitem
3033 1288 3108 1348 de
3134 1289 3539 1349 Loewenstein
3564 1295 3627 1349 et
3658 1306 3803 1350 eon-

1823 1388 2070 1443 ventum
2117 1384 2193 1443 de
2246 1383 2587 1460 Madelberg
2640 1383 2979 1443 vertebatur
3023 1384 3099 1444 de
3152 1385 3462 1445 advocatia
3502 1387 3698 1447 curiae
3738 1388 3803 1445 in

1826 1478 2256 1539 Churemberch
2276 1523 2294 1551 ,
2338 1483 2629 1540 sancitum
2654 1478 2770 1539 i'uit
2804 1486 2874 1540 ut
2896 1483 3097 1540 comiti
3121 1496 3298 1558 super
3324 1481 3588 1542 indebita
3620 1484 3802 1559 impe-

1830 1576 2038 1636 titione
2063 1577 2364 1636 silentium
2390 1578 2810 1654 imponeretur.
3691 1586 3803 1638 655

981 1684 1057 1736 29
1091 1676 1250 1736 maii.
1418 1673 1597 1749 Apud
1752 1701 1834 1714 -
1871 1671 2197 1747 Burgravio
2233 1672 2309 1731 de
2335 1671 2659 1749 Friedberg
2684 1679 2746 1731 et
2770 1671 3035 1732 scultetis
3058 1674 3123 1731 in
3149 1671 3542 1745 Franckfurt,
3571 1674 3809 1734 Wezlar

1313 1769 1690 1847 wirzeburg.
1833 1773 1897 1827 et
1930 1768 2306 1829 Gelnhausen
2346 1776 2553 1828 notum
2589 1768 2733 1829 facit
2761 1785 2827 1829 se
2854 1768 3004 1828 velle
3028 1775 3097 1829 ut
3128 1768 3206 1828 ab
3231 1769 3476 1829 eeclesia
3508 1769 3585 1829 de
3618 1769 3809 1831 Ams-

1836 1862 1994 1941 burg
2036 1864 2112 1923 de
2157 1864 2330 1923 bonis
2370 1866 2500 1939 ejus
2536 1866 2603 1922 in
2646 1880 3024 1940 quocumque
3054 1880 3163 1924 suo
3193 1865 3408 1941 oppido
3447 1866 3809 1936 constitutis,

1837 1959 2001 2019 nulla
2027 1963 2288 2036 precaria
2311 1960 2407 2020 vel
2432 1962 2663 2020 exactio
2688 1962 3034 2037 requiratur.
3695 1971 3811 2022 656

1002 2069 1040 2120 4
1065 2058 1239 2137 junii.
1415 2057 1600 2134 Apud
1760 2087 1840 2100 —
1878 2054 2187 2116 Advocato
2222 2061 2284 2115 et
2319 2055 2712 2133 burgensibus
2750 2055 2827 2115 de
2859 2057 3091 2133 Turego
3124 2055 3369 2116 mandat
3402 2061 3470 2116 ut
3515 2063 3810 2118 monaste-

1316 2156 1699 2233 Nuremberg.
1837 2153 1993 2211 rium
2020 2150 2094 2210 de
2120 2152 2336 2227 Cappel
2363 2168 2470 2227 pro
2509 2150 2687 2212 domo
2719 2150 2985 2228 ejusdem
3023 2151 3186 2228 apud
3218 2151 3521 2229 Turegum
3546 2152 3813 2213 libertate

1836 2246 1955 2306 frui
1982 2249 2327 2323 permittant
2348 2262 2543 2324 nequa
2577 2249 2642 2306 in
2682 2252 2879 2307 steura
2902 2262 3086 2324 quam
3123 2248 3332 2307 civitas
3365 2250 3491 2324 regi
3525 2254 3815 2324 praestare

1837 2341 2034 2414 debet,
2064 2343 2221 2402 idem
2250 2343 2511 2403 eonferre
2537 2348 2773 2420 cogant.
3697 2353 3813 2404 658

1018 2453 1052 2502 4
1071 2443 1243 2521 junii.
1422 2443 1601 2521 Apud
1758 2469 1839 2483 -
1878 2438 1976 2499 Ad
2006 2441 2446 2515 requisitionem
2486 2439 2718 2499 abbatis
2743 2439 2819 2499 de
2847 2438 3093 2516 Cappel,
3128 2437 3458 2500 abbatissae
3482 2439 3559 2499 de
3584 2441 3816 2518 Turego

1316 2538 1703 2617 Nuremberg.
1838 2535 2083 2595 mandat
2108 2541 2177 2595 ut
2212 2535 2405 2595 eidem
2440 2535 2643 2595 abbati
2672 2535 3074 2596 molendinum
3110 2536 3269 2614 apud
3306 2535 3642 2614 Boutispuel
3680 2552 3816 2598 cum

1838 2631 2190 2708 quibusdam
2216 2633 2390 2692 terris
2425 2631 2830 2708 adjacentibus
2856 2631 2969 2692 sub
3008 2632 3269 2710 quodam
3306 2638 3467 2692 certo
3519 2638 3580 2693 et
3617 2649 3817 2693 annuo

1839 2744 2021 2788 censu
2047 2730 2108 2787 in
2133 2734 2479 2804 perpetuum
2507 2728 2836 2805 relinquere
2859 2727 3092 2789 debeat.
3700 2737 3815 2789 659

997 2839 1069 2893 15
1090 2829 1263 2909 Junii-
1430 2825 1609 2903 Apud
1759 2855 1840 2867 -
1879 2822 2304 2883 Monasterium
2348 2824 2425 2883 de
2470 2824 2638 2885 Valle
2685 2823 2935 2884 Sanctae
2977 2823 3180 2885 Crucis
3223 2825 3457 2884 noviter
3504 2823 3817 2886 fundatum

1321 2922 1703 3002 Nurimberg.
1840 2918 1953 2980 sub
1997 2935 2108 2980 sua
2141 2920 2380 2996 speciali
2419 2922 2780 2998 protectione
2817 2922 3058 2998 recipit,
3106 2936 3227 2983 una
3267 2937 3405 2982 cum
3444 2922 3668 2982 nuntiis
3712 2938 3818 2998 pro

1839 3015 2289 3076 necessitatibus
2331 3017 2603 3094 ejusdem
2639 3018 2719 3077 ad
2754 3017 3114 3096 colligendas
3157 3018 3528 3096 elemosynas
3578 3020 3815 3077 mitten·

1837 3111 1952 3173 dis-
3702 3121 3817 3172 659

999 3226 1073 3277 28
1092 3215 1264 3294 junii.
1430 3210 1607 3287 Apud
1761 3241 1842 3251 —
1881 3207 2200 3267 Bertholdo
2235 3208 2651 3285 Argentinensi
2684 3210 2961 3286 episeopo
2994 3215 3054 3270 et
3077 3209 3353 3270 ecclesiae
3377 3211 3507 3286 ejus
3532 3208 3820 3287 quidquid

1332 3307 1705 3385 Nurimberg.
1835 3307 1987 3382 juris
2021 3306 2085 3363 in
2125 3310 2318 3364 castro
2347 3305 2424 3365 de
2456 3306 2628 3366 Than
2664 3320 2824 3365 novo
2859 3305 2953 3365 vel
2986 3306 3233 3382 antiquo
3264 3308 3391 3382 ipse
3427 3321 3538 3365 rex
3578 3305 3816 3376 habuit,

1843 3401 2098 3476 confert,
2137 3405 2544 3480 promittitque
2577 3407 2662 3465 eis
2696 3421 2762 3465 se
2800 3410 3007 3465 contra
3041 3407 3467 3482 impetitionem
3513 3405 3821 3465 Ferreten-

1844 3501 1997 3560 sium
2024 3502 2201 3560 etiam
2229 3499 2536 3576 injudicio
2564 3501 2691 3561 fore
2716 3501 3122 3563 favorabilem.
3705 3508 3818 3560 660

1003 3609 1078 3661 3ο
1098 3598 1271 3677 junii.
1361 3619 1368 3622 *
1439 3596 1616 3673 Apud
1768 3627 1848 3640 —
1888 3595 2147 3657 sculteto
2176 3596 2254 3657 de
2289 3597 2624 3657 Nortbusen
2657 3597 2906 3658 mandat
2929 3604 2999 3658 ut
3023 3614 3171 3675 quos
3196 3598 3475 3674 repererit
3507 3596 3730 3674 aliquid
3749 3596 3822 3655 de

1353 3693 1701 3772 Altenburg.
1847 3692 2020 3753 bonis
2063 3694 2437 3754 ecclesiarum
2475 3694 2724 3755 Sanctae
2770 3695 2974 3756 Crucis
3010 3700 3071 3754 et
3104 3692 3309 3754 beatae
3348 3692 3612 3771 Virginis
3656 3698 3823 3752 extra

1849 3806 2051 3850 muros
2075 3792 2331 3852 civitatis
2367 3792 2592 3869 injuste
2617 3792 2967 3866 detinentes,
2994 3807 3066 3852 ea
3089 3791 3365 3851 universa
3388 3791 3697 3850 restituere
3724 3805 3818 3849 eo-

1850 3895 1973 3967 gat,
1998 3895 2113 3950 etc.
3706 3897 3813 3950 661

1047 3985 1244 4061 [junio
1327 4025 1740 4046 .......
1771 4017 1851 4031 -
1891 3986 2113 4046 Notum
2138 3984 2284 4046 facit
2306 3986 2468 4062 quod
2491 4003 2631 4047 cum
2654 3992 2824 4063 pater
2848 4002 2994 4046 suus
3018 3987 3338 4063 imperator
3354 3986 3656 4047 civitam
3678 3987 3827 4047 Nor-

1025 4082 1118 4141 vel
1141 4079 1284 4157 Jul.]
1849 4081 2064 4141 thusen
2091 4083 2340 4157 imperio
2365 4082 2605 4142 duxerit
2630 4083 3021 4155 retinendam,
3050 4085 3337 4158 promisso
3360 4083 3638 4143 ecclesiae
3663 4083 3823 4144 Nor-

1851 4177 2117 4240 thusensi
2142 4181 2498 4254 competenti
2523 4184 2807 4253 restauro,
2828 4182 2953 4256 ipse
2975 4182 3038 4238 in
3061 4185 3289 4256 partem
3316 4181 3567 4240 restauri
3585 4179 3827 4240 donavit

1853 4272 1992 4334 buic
2013 4274 2291 4334 ecclesiae
2311 4278 2412 4352 jus
2439 4281 2782 4351 patronatus
2808 4276 3149 4352 parrochiae
3170 4274 3374 4336 Sancti
3397 4276 3598 4337 Blasii.
3711 4284 3822 4336 662

1039 4377 1075 4426 2
1101 4368 1256 4447 julii.
1442 4368 1621 4446 Apud
1776 4401 1857 4414 —
1895 4370 2322 4448 Tbegenhardo
2358 4372 2678 4448 imperialis
2715 4371 2885 4433 aulae
2931 4373 3327 4449 protonotario
3360 4378 3421 4432 et
3460 4371 3825 4433 vicedomino

1363 4463 1706 4543 Altenburg.
1856 4467 2348 4543 magdeburgensi
2415 4467 2682 4546 indulget
2747 4467 3088 4529 facultatem
3151 4468 3404 4546 eligendi
3470 4468 3826 4529 advocatum

1855 4578 2033 4637 quem
2078 4563 2332 4621 voluerit
2361 4561 2651 4623 bonorum
2692 4566 2757 4624 in
2800 4565 3083 4625 Guzstein
3120 4580 3370 4642 quorum
3397 4565 3523 4641 ipse
3565 4565 3828 4641 provisor

1856 4658 2078 4734 existit,
2106 4664 2165 4718 et
2188 4657 2454 4719 bannum
2481 4662 2707 4737 regium
2732 4660 2951 4721 ibide-
2975 4661 3308 4723 exercendi.
3714 4667 3825 4721 663
