<?xml version="1.0" encoding="UTF-8"?>
<!DOCTYPE html PUBLIC "-//W3C//DTD XHTML 1.0 Transitional//EN"
    "http://www.w3.org/TR/xhtml1/DTD/xhtml1-transitional.dtd">
<html xmlns="http://www.w3.org/1999/xhtml" xml:lang="en" lang="en">
 <head>
  <title>
</title>
<meta http-equiv="Content-Type" content="text/html;charset=utf-8" />
  <meta name='ocr-system' content='tesseract 3.04.00' />
  <meta name='ocr-capabilities' content='ocr_page ocr_carea ocr_par ocr_line ocrx_word'/>
</head>
<body>
  <div class='ocr_page' id='page_1' title='image "./historiadiploma00empegoog_0200.png"; bbox 0 0 4500 5956; ppageno 0'>
   <div class='ocr_carea' id='block_1_1' title="bbox 1013 585 3819 668">
    <p class='ocr_par' dir='ltr' id='par_1_1' title="bbox 1013 585 3819 668">
     <span class='ocr_line' id='line_1_1' title="bbox 1013 585 3819 668; baseline 0.002 -20"><span class='ocrx_word' id='word_1_1' title='bbox 1013 589 1132 649; x_wconf 77' lang='lat'>&#39;142</span> <span class='ocrx_word' id='word_1_2' title='bbox 2015 585 2441 647; x_wconf 59' lang='lat' dir='ltr'>vammum</span> <span class='ocrx_word' id='word_1_3' title='bbox 2488 587 2835 649; x_wconf 65' lang='lat' dir='ltr'>summm</span> <span class='ocrx_word' id='word_1_4' title='bbox 3447 591 3605 668; x_wconf 69' lang='lat' dir='ltr'>[Anu.</span> <span class='ocrx_word' id='word_1_5' title='bbox 3642 590 3819 655; x_wconf 60' lang='lat' dir='ltr'><strong>lfflS.</strong></span> 
     </span>
    </p>
   </div>
   <div class='ocr_carea' id='block_1_2' title="bbox 1012 721 3838 4659">
    <p class='ocr_par' dir='ltr' id='par_1_2' title="bbox 1014 721 3825 1067">
     <span class='ocr_line' id='line_1_2' title="bbox 1016 721 3823 818; baseline 0 -21"><span class='ocrx_word' id='word_1_6' title='bbox 1016 727 1075 797; x_wconf 89' lang='lat' dir='ltr'>si</span> <span class='ocrx_word' id='word_1_7' title='bbox 1122 745 1243 818; x_wconf 91' lang='lat' dir='ltr'>per</span> <span class='ocrx_word' id='word_1_8' title='bbox 1291 732 1574 794; x_wconf 89' lang='lat' dir='ltr'>mortem</span> <span class='ocrx_word' id='word_1_9' title='bbox 1612 721 1904 813; x_wconf 88' lang='lat' dir='ltr'>alicujus</span> <span class='ocrx_word' id='word_1_10' title='bbox 1942 731 2179 815; x_wconf 81' lang='lat' dir='ltr'><strong>treuge</strong></span> <span class='ocrx_word' id='word_1_11' title='bbox 2216 723 2473 795; x_wconf 83' lang='lat' dir='ltr'>suerint</span> <span class='ocrx_word' id='word_1_12' title='bbox 2503 724 2757 798; x_wconf 87' lang='lat' dir='ltr'>violate</span> <span class='ocrx_word' id='word_1_13' title='bbox 2790 732 2862 797; x_wconf 86' lang='lat' dir='ltr'>et</span> <span class='ocrx_word' id='word_1_14' title='bbox 2903 723 3455 818; x_wconf 85' lang='lat' dir='ltr'>consanguineus</span> <span class='ocrx_word' id='word_1_15' title='bbox 3488 724 3823 798; x_wconf 75' lang='lat' dir='ltr'>interfecti</span> 
     </span>
     <span class='ocr_line' id='line_1_3' title="bbox 1014 845 3825 946; baseline 0 -24"><span class='ocrx_word' id='word_1_16' title='bbox 1014 849 1265 943; x_wconf 89' lang='lat' dir='ltr'>aliquis</span> <span class='ocrx_word' id='word_1_17' title='bbox 1297 846 1684 942; x_wconf 86' lang='lat' dir='ltr'>probaverit</span> <span class='ocrx_word' id='word_1_18' title='bbox 1716 845 2102 919; x_wconf 90' lang='lat' dir='ltr'>secundum</span> <span class='ocrx_word' id='word_1_19' title='bbox 2132 848 2423 920; x_wconf 82' lang='lat' dir='ltr'>formam</span> <span class='ocrx_word' id='word_1_20' title='bbox 2445 848 2875 942; x_wconf 88' lang='lat' dir='ltr'>jamdictam,</span> <span class='ocrx_word' id='word_1_21' title='bbox 2915 848 3208 923; x_wconf 85' lang='lat' dir='ltr'>violator</span> <span class='ocrx_word' id='word_1_22' title='bbox 3256 850 3618 923; x_wconf 82' lang='lat' dir='ltr'>convictus</span> <span class='ocrx_word' id='word_1_23' title='bbox 3660 872 3825 946; x_wconf 88' lang='lat' dir='ltr'>per-</span> 
     </span>
     <span class='ocr_line' id='line_1_4' title="bbox 1016 969 2582 1067; baseline -0.003 -23"><span class='ocrx_word' id='word_1_24' title='bbox 1016 981 1225 1067; x_wconf 91' lang='lat' dir='ltr'>petuo</span> <span class='ocrx_word' id='word_1_25' title='bbox 1251 971 1343 1042; x_wconf 88' lang='lat' dir='ltr'>sit</span> <span class='ocrx_word' id='word_1_26' title='bbox 1363 970 1631 1042; x_wconf 83' lang='lat' dir='ltr'>erenlos</span> <span class='ocrx_word' id='word_1_27' title='bbox 1651 979 1722 1042; x_wconf 91' lang='lat' dir='ltr'>et</span> <span class='ocrx_word' id='word_1_28' title='bbox 1748 969 2024 1043; x_wconf 61' lang='lat' dir='ltr'>rethlos„</span> <span class='ocrx_word' id='word_1_29' title='bbox 2579 976 2582 979; x_wconf 75' lang='grc'>’</span> 
     </span>
    </p>

    <p class='ocr_par' dir='ltr' id='par_1_3' title="bbox 1012 1093 3831 2300">
     <span class='ocr_line' id='line_1_5' title="bbox 1114 1093 3825 1189; baseline 0.001 -23"><span class='ocrx_word' id='word_1_30' title='bbox 1114 1094 1183 1166; x_wconf 76' lang='lat' dir='ltr'>t.</span> <span class='ocrx_word' id='word_1_31' title='bbox 1222 1098 1319 1164; x_wconf 81' lang='lat' dir='ltr'>De</span> <span class='ocrx_word' id='word_1_32' title='bbox 1341 1093 1642 1186; x_wconf 81' lang='lat' dir='ltr'>judiciis.</span> <span class='ocrx_word' id='word_1_33' title='bbox 1694 1094 1972 1187; x_wconf 80' lang='lat' dir='ltr'>Oportet</span> <span class='ocrx_word' id='word_1_34' title='bbox 2016 1094 2241 1167; x_wconf 91' lang='lat' dir='ltr'>officio</span> <span class='ocrx_word' id='word_1_35' title='bbox 2288 1094 2548 1187; x_wconf 87' lang='lat' dir='ltr'>judicis</span> <span class='ocrx_word' id='word_1_36' title='bbox 2601 1094 2844 1167; x_wconf 89' lang='lat' dir='ltr'>merita</span> <span class='ocrx_word' id='word_1_37' title='bbox 2883 1094 3284 1189; x_wconf 83' lang='lat' dir='ltr'>suffragari,</span> <span class='ocrx_word' id='word_1_38' title='bbox 3322 1095 3488 1188; x_wconf 89' lang='lat' dir='ltr'>quia</span> <span class='ocrx_word' id='word_1_39' title='bbox 3518 1094 3825 1168; x_wconf 90' lang='lat' dir='ltr'>moribus</span> 
     </span>
     <span class='ocr_line' id='line_1_6' title="bbox 1017 1217 3826 1311; baseline -0.001 -19"><span class='ocrx_word' id='word_1_40' title='bbox 1017 1217 1221 1292; x_wconf 89' lang='lat' dir='ltr'>debet</span> <span class='ocrx_word' id='word_1_41' title='bbox 1256 1217 1594 1291; x_wconf 79' lang='lat' dir='ltr'>excellere</span> <span class='ocrx_word' id='word_1_42' title='bbox 1629 1217 1750 1311; x_wconf 89' lang='lat' dir='ltr'>qui</span> <span class='ocrx_word' id='word_1_43' title='bbox 1788 1228 2020 1289; x_wconf 88' lang='lat' dir='ltr'>reatus</span> <span class='ocrx_word' id='word_1_44' title='bbox 2056 1217 2338 1291; x_wconf 81' lang='lat' dir='ltr'><strong>discutit</strong></span> <span class='ocrx_word' id='word_1_45' title='bbox 2361 1219 2677 1291; x_wconf 90' lang='lat' dir='ltr'>aliorum.</span> <span class='ocrx_word' id='word_1_46' title='bbox 2719 1218 3108 1290; x_wconf 90' lang='lat' dir='ltr'>Sanctimus</span> <span class='ocrx_word' id='word_1_47' title='bbox 3134 1218 3348 1310; x_wconf 88' lang='lat' dir='ltr'>igitur</span> <span class='ocrx_word' id='word_1_48' title='bbox 3375 1218 3511 1289; x_wconf 91' lang='lat' dir='ltr'>sub</span> <span class='ocrx_word' id='word_1_49' title='bbox 3542 1219 3826 1290; x_wconf 88' lang='lat' dir='ltr'>obtentu</span> 
     </span>
     <span class='ocr_line' id='line_1_7' title="bbox 1015 1340 3827 1437; baseline 0 -23"><span class='ocrx_word' id='word_1_50' title='bbox 1015 1344 1231 1436; x_wconf 85' lang='lat' dir='ltr'>gratie</span> <span class='ocrx_word' id='word_1_51' title='bbox 1258 1351 1487 1413; x_wconf 87' lang='lat' dir='ltr'>nostre</span> <span class='ocrx_word' id='word_1_52' title='bbox 1512 1340 1792 1412; x_wconf 87' lang='lat' dir='ltr'>firmiter</span> <span class='ocrx_word' id='word_1_53' title='bbox 1829 1342 2270 1433; x_wconf 77' lang='lat' dir='ltr'>injungentes</span> <span class='ocrx_word' id='word_1_54' title='bbox 2300 1351 2380 1413; x_wconf 92' lang='lat' dir='ltr'>ut</span> <span class='ocrx_word' id='word_1_55' title='bbox 2412 1342 2755 1436; x_wconf 85' lang='lat' dir='ltr'>principes</span> <span class='ocrx_word' id='word_1_56' title='bbox 2788 1343 3003 1415; x_wconf 85' lang='lat' dir='ltr'>nostri</span> <span class='ocrx_word' id='word_1_57' title='bbox 3030 1354 3101 1415; x_wconf 88' lang='lat' dir='ltr'>et</span> <span class='ocrx_word' id='word_1_58' title='bbox 3132 1363 3373 1415; x_wconf 90' lang='lat' dir='ltr'>omnes</span> <span class='ocrx_word' id='word_1_59' title='bbox 3408 1341 3526 1414; x_wconf 88' lang='lat' dir='ltr'>alii</span> <span class='ocrx_word' id='word_1_60' title='bbox 3548 1342 3673 1437; x_wconf 90' lang='lat' dir='ltr'>qui</span> <span class='ocrx_word' id='word_1_61' title='bbox 3698 1345 3827 1436; x_wconf 88' lang='lat' dir='ltr'>ju-</span> 
     </span>
     <span class='ocr_line' id='line_1_8' title="bbox 1016 1465 3827 1556; baseline -0.002 -14"><span class='ocrx_word' id='word_1_62' title='bbox 1016 1469 1197 1542; x_wconf 85' lang='lat' dir='ltr'>dicia</span> <span class='ocrx_word' id='word_1_63' title='bbox 1233 1475 1462 1539; x_wconf 89' lang='lat' dir='ltr'>tenent</span> <span class='ocrx_word' id='word_1_64' title='bbox 1510 1487 1553 1538; x_wconf 91' lang='lat' dir='ltr'>a</span> <span class='ocrx_word' id='word_1_65' title='bbox 1603 1465 1803 1536; x_wconf 92' lang='lat' dir='ltr'>nobis</span> <span class='ocrx_word' id='word_1_66' title='bbox 1857 1465 2286 1556; x_wconf 82' lang='lat' dir='ltr'>immediate,</span> <span class='ocrx_word' id='word_1_67' title='bbox 2338 1487 2583 1539; x_wconf 87' lang='lat' dir='ltr'>causas</span> <span class='ocrx_word' id='word_1_68' title='bbox 2618 1487 2849 1539; x_wconf 88' lang='lat' dir='ltr'>coram</span> <span class='ocrx_word' id='word_1_69' title='bbox 2898 1467 3003 1539; x_wconf 89' lang='lat' dir='ltr'>eis</span> <span class='ocrx_word' id='word_1_70' title='bbox 3048 1466 3404 1539; x_wconf 77' lang='lat' dir='ltr'>arbitratae</span> <span class='ocrx_word' id='word_1_71' title='bbox 3445 1465 3827 1539; x_wconf 89' lang='lat' dir='ltr'>secundum</span> 
     </span>
     <span class='ocr_line' id='line_1_9' title="bbox 1013 1588 3828 1686; baseline -0 -22"><span class='ocrx_word' id='word_1_72' title='bbox 1013 1604 1343 1664; x_wconf 89' lang='lat' dir='ltr'>terrarum</span> <span class='ocrx_word' id='word_1_73' title='bbox 1377 1589 1849 1662; x_wconf 81' lang='lat' dir='ltr'>rationabilem</span> <span class='ocrx_word' id='word_1_74' title='bbox 1882 1588 2452 1662; x_wconf 86' lang='lat' dir='ltr'>consuetudinem</span> <span class='ocrx_word' id='word_1_75' title='bbox 2467 1590 2656 1681; x_wconf 88' lang='lat' dir='ltr'>justo</span> <span class='ocrx_word' id='word_1_76' title='bbox 2680 1590 2948 1682; x_wconf 88' lang='lat' dir='ltr'>judicio</span> <span class='ocrx_word' id='word_1_77' title='bbox 2969 1590 3333 1662; x_wconf 87' lang='lat' dir='ltr'>terminent</span> <span class='ocrx_word' id='word_1_78' title='bbox 3348 1600 3417 1663; x_wconf 88' lang='lat' dir='ltr'>et</span> <span class='ocrx_word' id='word_1_79' title='bbox 3446 1589 3633 1663; x_wconf 92' lang='lat' dir='ltr'>idem</span> <span class='ocrx_word' id='word_1_80' title='bbox 3660 1611 3828 1686; x_wconf 87' lang='lat' dir='ltr'>pre-</span> 
     </span>
     <span class='ocr_line' id='line_1_10' title="bbox 1016 1712 3822 1809; baseline -0.001 -22"><span class='ocrx_word' id='word_1_81' title='bbox 1016 1715 1270 1809; x_wconf 87' lang='lat' dir='ltr'>cipiant</span> <span class='ocrx_word' id='word_1_82' title='bbox 1298 1712 1448 1785; x_wconf 85' lang='lat' dir='ltr'>aliis</span> <span class='ocrx_word' id='word_1_83' title='bbox 1468 1712 1823 1803; x_wconf 83' lang='lat' dir='ltr'>judicibus</span> <span class='ocrx_word' id='word_1_84' title='bbox 1847 1713 1967 1809; x_wconf 90' lang='lat' dir='ltr'>qui</span> <span class='ocrx_word' id='word_1_85' title='bbox 1991 1713 2124 1784; x_wconf 91' lang='lat' dir='ltr'>sub</span> <span class='ocrx_word' id='word_1_86' title='bbox 2153 1712 2414 1785; x_wconf 87' lang='lat' dir='ltr'>eisdem</span> <span class='ocrx_word' id='word_1_87' title='bbox 2447 1722 2610 1785; x_wconf 89' lang='lat' dir='ltr'>sunt</span> <span class='ocrx_word' id='word_1_88' title='bbox 2638 1723 2707 1785; x_wconf 92' lang='lat' dir='ltr'>et</span> <span class='ocrx_word' id='word_1_89' title='bbox 2734 1713 3287 1805; x_wconf 86' lang='lat' dir='ltr'>jurisdictionem</span> <span class='ocrx_word' id='word_1_90' title='bbox 3313 1712 3406 1786; x_wconf 90' lang='lat' dir='ltr'>ab</span> <span class='ocrx_word' id='word_1_91' title='bbox 3430 1713 3533 1786; x_wconf 88' lang='lat' dir='ltr'>eis</span> <span class='ocrx_word' id='word_1_92' title='bbox 3565 1722 3822 1786; x_wconf 87' lang='lat' dir='ltr'>tenent.</span> 
     </span>
     <span class='ocr_line' id='line_1_11' title="bbox 1019 1837 3831 1933; baseline -0 -24"><span class='ocrx_word' id='word_1_93' title='bbox 1019 1837 1222 1924; x_wconf 91' lang='lat' dir='ltr'>Quod</span> <span class='ocrx_word' id='word_1_94' title='bbox 1251 1838 1372 1931; x_wconf 84' lang='lat' dir='ltr'>qui</span> <span class='ocrx_word' id='word_1_95' title='bbox 1405 1858 1542 1908; x_wconf 93' lang='lat' dir='ltr'>non</span> <span class='ocrx_word' id='word_1_96' title='bbox 1576 1837 1808 1909; x_wconf 81' lang='lat' dir='ltr'>fecerit</span> <span class='ocrx_word' id='word_1_97' title='bbox 1841 1838 2147 1911; x_wconf 88' lang='lat' dir='ltr'>districte</span> <span class='ocrx_word' id='word_1_98' title='bbox 2188 1860 2348 1910; x_wconf 91' lang='lat' dir='ltr'>eum</span> <span class='ocrx_word' id='word_1_99' title='bbox 2386 1848 2591 1932; x_wconf 86' lang='lat' dir='ltr'>prout</span> <span class='ocrx_word' id='word_1_100' title='bbox 2616 1840 2885 1929; x_wconf 89' lang='lat' dir='ltr'>justum</span> <span class='ocrx_word' id='word_1_101' title='bbox 2922 1838 3127 1910; x_wconf 81' lang='lat' dir='ltr'>suerit</span> <span class='ocrx_word' id='word_1_102' title='bbox 3162 1839 3528 1933; x_wconf 81' lang='lat' dir='ltr'>puniemus</span> <span class='ocrx_word' id='word_1_103' title='bbox 3551 1890 3571 1926; x_wconf 89' lang='lat'>,</span> <span class='ocrx_word' id='word_1_104' title='bbox 3609 1838 3705 1909; x_wconf 92' lang='lat' dir='ltr'>nil</span> <span class='ocrx_word' id='word_1_105' title='bbox 3740 1837 3831 1911; x_wconf 91' lang='lat' dir='ltr'>de</span> 
     </span>
     <span class='ocr_line' id='line_1_12' title="bbox 1012 1960 3831 2055; baseline 0 -21"><span class='ocrx_word' id='word_1_106' title='bbox 1012 1966 1169 2055; x_wconf 88' lang='lat' dir='ltr'>jure</span> <span class='ocrx_word' id='word_1_107' title='bbox 1196 1971 1422 2033; x_wconf 85' lang='lat' dir='ltr'>nostro</span> <span class='ocrx_word' id='word_1_108' title='bbox 1455 1962 1564 2031; x_wconf 88' lang='lat' dir='ltr'>vel</span> <span class='ocrx_word' id='word_1_109' title='bbox 1593 1982 1771 2055; x_wconf 89' lang='lat' dir='ltr'>pena</span> <span class='ocrx_word' id='word_1_110' title='bbox 1807 1962 2006 2033; x_wconf 90' lang='lat' dir='ltr'>nobis</span> <span class='ocrx_word' id='word_1_111' title='bbox 2037 1962 2368 2034; x_wconf 87' lang='lat' dir='ltr'>attinente</span> <span class='ocrx_word' id='word_1_112' title='bbox 2399 1962 2789 2051; x_wconf 85' lang='lat' dir='ltr'>remissuri,</span> <span class='ocrx_word' id='word_1_113' title='bbox 2843 1961 3018 2033; x_wconf 90' lang='lat' dir='ltr'>nulli</span> <span class='ocrx_word' id='word_1_114' title='bbox 3052 1962 3361 2035; x_wconf 85' lang='lat' dir='ltr'>volentes</span> <span class='ocrx_word' id='word_1_115' title='bbox 3399 1960 3471 2033; x_wconf 90' lang='lat' dir='ltr'>in</span> <span class='ocrx_word' id='word_1_116' title='bbox 3511 1961 3645 2034; x_wconf 92' lang='lat' dir='ltr'>hoc</span> <span class='ocrx_word' id='word_1_117' title='bbox 3673 1982 3831 2055; x_wconf 80' lang='lat' dir='ltr'>par-</span> 
     </span>
     <span class='ocr_line' id='line_1_13' title="bbox 1020 2084 3831 2180; baseline -0.001 -23"><span class='ocrx_word' id='word_1_118' title='bbox 1020 2107 1175 2158; x_wconf 91' lang='lat' dir='ltr'>oere</span> <span class='ocrx_word' id='word_1_119' title='bbox 1210 2084 1321 2157; x_wconf 88' lang='lat' dir='ltr'>vel</span> <span class='ocrx_word' id='word_1_120' title='bbox 1360 2084 1651 2156; x_wconf 80' lang='lat' dir='ltr'>deferre.</span> <span class='ocrx_word' id='word_1_121' title='bbox 1687 2084 1878 2157; x_wconf 88' lang='lat' dir='ltr'>Idem</span> <span class='ocrx_word' id='word_1_122' title='bbox 1912 2084 2332 2180; x_wconf 86' lang='lat' dir='ltr'>precipimus</span> <span class='ocrx_word' id='word_1_123' title='bbox 2365 2085 2574 2158; x_wconf 88' lang='lat' dir='ltr'>stiam</span> <span class='ocrx_word' id='word_1_124' title='bbox 2605 2107 2651 2157; x_wconf 89' lang='lat' dir='ltr'>a</span> <span class='ocrx_word' id='word_1_125' title='bbox 2688 2084 3067 2177; x_wconf 77' lang='lat' dir='ltr'>maioribus</span> <span class='ocrx_word' id='word_1_126' title='bbox 3092 2085 3452 2177; x_wconf 87' lang='lat' dir='ltr'>judicibus</span> <span class='ocrx_word' id='word_1_127' title='bbox 3486 2084 3673 2156; x_wconf 90' lang='lat' dir='ltr'>circa</span> <span class='ocrx_word' id='word_1_128' title='bbox 3707 2085 3831 2155; x_wconf 91' lang='lat' dir='ltr'>in—</span> 
     </span>
     <span class='ocr_line' id='line_1_14' title="bbox 1020 2207 2308 2300; baseline -0.001 -20"><span class='ocrx_word' id='word_1_129' title='bbox 1020 2209 1300 2282; x_wconf 80' lang='lat' dir='ltr'>feriores</span> <span class='ocrx_word' id='word_1_130' title='bbox 1311 2211 1339 2300; x_wconf 88' lang='lat' dir='ltr'>j</span> <span class='ocrx_word' id='word_1_131' title='bbox 1348 2207 1585 2280; x_wconf 87' lang='lat' dir='ltr'>udices</span> <span class='ocrx_word' id='word_1_132' title='bbox 1609 2207 1896 2281; x_wconf 87' lang='lat' dir='ltr'>firmiter</span> <span class='ocrx_word' id='word_1_133' title='bbox 1929 2208 2308 2280; x_wconf 88' lang='lat' dir='ltr'>observari.</span> 
     </span>
    </p>

    <p class='ocr_par' dir='ltr' id='par_1_4' title="bbox 1013 2330 3838 4659">
     <span class='ocr_line' id='line_1_15' title="bbox 1122 2330 3833 2423; baseline -0 -21"><span class='ocrx_word' id='word_1_134' title='bbox 1122 2333 1190 2402; x_wconf 80' lang='lat'>5.</span> <span class='ocrx_word' id='word_1_135' title='bbox 1255 2332 1336 2402; x_wconf 84' lang='lat' dir='ltr'>Ut</span> <span class='ocrx_word' id='word_1_136' title='bbox 1386 2353 1573 2401; x_wconf 82' lang='lat' dir='ltr'>nemo</span> <span class='ocrx_word' id='word_1_137' title='bbox 1613 2353 1682 2401; x_wconf 80' lang='lat' dir='ltr'>se</span> <span class='ocrx_word' id='word_1_138' title='bbox 1722 2331 2000 2402; x_wconf 80' lang='lat' dir='ltr'>vindicet</span> <span class='ocrx_word' id='word_1_139' title='bbox 2047 2331 2184 2402; x_wconf 81' lang='lat' dir='ltr'>sine</span> <span class='ocrx_word' id='word_1_140' title='bbox 2215 2332 2470 2423; x_wconf 76' lang='lat' dir='ltr'>judicis</span> <span class='ocrx_word' id='word_1_141' title='bbox 2510 2333 2927 2405; x_wconf 75' lang='lat' dir='ltr'>auctoritate.</span> <span class='ocrx_word' id='word_1_142' title='bbox 2963 2330 3076 2404; x_wconf 83' lang='lat' dir='ltr'>Ad</span> <span class='ocrx_word' id='word_1_143' title='bbox 3122 2330 3256 2404; x_wconf 89' lang='lat' dir='ltr'>boc</span> <span class='ocrx_word' id='word_1_144' title='bbox 3298 2331 3734 2423; x_wconf 81' lang='lat' dir='ltr'>magistratus</span> <span class='ocrx_word' id='word_1_145' title='bbox 3763 2340 3833 2402; x_wconf 90' lang='lat' dir='ltr'>et</span> 
     </span>
     <span class='ocr_line' id='line_1_16' title="bbox 1013 2454 3834 2550; baseline 0 -25"><span class='ocrx_word' id='word_1_146' title='bbox 1013 2457 1169 2546; x_wconf 87' lang='lat' dir='ltr'>jura</span> <span class='ocrx_word' id='word_1_147' title='bbox 1230 2464 1389 2527; x_wconf 92' lang='lat' dir='ltr'>sunt</span> <span class='ocrx_word' id='word_1_148' title='bbox 1443 2455 1709 2550; x_wconf 89' lang='lat' dir='ltr'>prodita</span> <span class='ocrx_word' id='word_1_149' title='bbox 1764 2477 1853 2526; x_wconf 89' lang='lat' dir='ltr'>ne</span> <span class='ocrx_word' id='word_1_150' title='bbox 1904 2455 2062 2549; x_wconf 90' lang='lat' dir='ltr'>quis</span> <span class='ocrx_word' id='word_1_151' title='bbox 2113 2455 2222 2527; x_wconf 90' lang='lat' dir='ltr'>sui</span> <span class='ocrx_word' id='word_1_152' title='bbox 2280 2454 2535 2528; x_wconf 84' lang='lat' dir='ltr'>doloris</span> <span class='ocrx_word' id='word_1_153' title='bbox 2575 2456 2842 2528; x_wconf 83' lang='lat' dir='ltr'>vindex</span> <span class='ocrx_word' id='word_1_154' title='bbox 2871 2459 3005 2545; x_wconf 85' lang='lat' dir='ltr'>sit3</span> <span class='ocrx_word' id='word_1_155' title='bbox 3049 2455 3215 2548; x_wconf 90' lang='lat' dir='ltr'>quia</span> <span class='ocrx_word' id='word_1_156' title='bbox 3261 2454 3382 2527; x_wconf 93' lang='lat' dir='ltr'>ubi</span> <span class='ocrx_word' id='word_1_157' title='bbox 3411 2455 3590 2546; x_wconf 89' lang='lat' dir='ltr'>juris</span> <span class='ocrx_word' id='word_1_158' title='bbox 3615 2464 3834 2528; x_wconf 84' lang='lat' dir='ltr'>cessat</span> 
     </span>
     <span class='ocr_line' id='line_1_17' title="bbox 1017 2578 3833 2674; baseline 0 -22"><span class='ocrx_word' id='word_1_159' title='bbox 1017 2581 1421 2670; x_wconf 77' lang='lat' dir='ltr'>auctoritaS,</span> <span class='ocrx_word' id='word_1_160' title='bbox 1479 2578 1756 2651; x_wconf 82' lang='lat' dir='ltr'>excedit</span> <span class='ocrx_word' id='word_1_161' title='bbox 1791 2579 2064 2652; x_wconf 88' lang='lat' dir='ltr'>licentia</span> <span class='ocrx_word' id='word_1_162' title='bbox 2109 2579 2447 2653; x_wconf 86' lang='lat' dir='ltr'>seviendi.</span> <span class='ocrx_word' id='word_1_163' title='bbox 2499 2579 2876 2653; x_wconf 89' lang='lat' dir='ltr'>Statuimus</span> <span class='ocrx_word' id='word_1_164' title='bbox 2926 2579 3137 2674; x_wconf 87' lang='lat' dir='ltr'>igitur</span> <span class='ocrx_word' id='word_1_165' title='bbox 3170 2590 3249 2650; x_wconf 91' lang='lat' dir='ltr'>ut</span> <span class='ocrx_word' id='word_1_166' title='bbox 3281 2580 3510 2651; x_wconf 89' lang='lat' dir='ltr'>nullus</span> <span class='ocrx_word' id='word_1_167' title='bbox 3543 2579 3616 2650; x_wconf 91' lang='lat' dir='ltr'>in</span> <span class='ocrx_word' id='word_1_168' title='bbox 3646 2600 3833 2673; x_wconf 88' lang='lat' dir='ltr'>qua-</span> 
     </span>
     <span class='ocr_line' id='line_1_18' title="bbox 1018 2701 3827 2798; baseline -0.001 -24"><span class='ocrx_word' id='word_1_169' title='bbox 1018 2724 1318 2796; x_wconf 90' lang='lat' dir='ltr'>cumque</span> <span class='ocrx_word' id='word_1_170' title='bbox 1354 2724 1430 2776; x_wconf 92' lang='lat' dir='ltr'>re</span> <span class='ocrx_word' id='word_1_171' title='bbox 1463 2702 1844 2798; x_wconf 92' lang='lat' dir='ltr'>dampnum</span> <span class='ocrx_word' id='word_1_172' title='bbox 1876 2703 1942 2776; x_wconf 90' lang='lat' dir='ltr'>ei</span> <span class='ocrx_word' id='word_1_173' title='bbox 1974 2706 2083 2775; x_wconf 89' lang='lat' dir='ltr'>vel</span> <span class='ocrx_word' id='word_1_174' title='bbox 2118 2725 2494 2797; x_wconf 80' lang='lat' dir='ltr'>gravamen</span> <span class='ocrx_word' id='word_1_175' title='bbox 2526 2703 2729 2775; x_wconf 79' lang='lat' dir='ltr'>fuerit</span> <span class='ocrx_word' id='word_1_176' title='bbox 2765 2703 3065 2792; x_wconf 89' lang='lat' dir='ltr'>illatum,</span> <span class='ocrx_word' id='word_1_177' title='bbox 3109 2703 3444 2797; x_wconf 90' lang='lat' dir='ltr'>seipsum</span> <span class='ocrx_word' id='word_1_178' title='bbox 3479 2701 3827 2792; x_wconf 84' lang='lat' dir='ltr'>vendicet,</span> 
     </span>
     <span class='ocr_line' id='line_1_19' title="bbox 1022 2826 3834 2922; baseline -0.001 -24"><span class='ocrx_word' id='word_1_179' title='bbox 1022 2828 1155 2900; x_wconf 88' lang='lat' dir='ltr'>nisi</span> <span class='ocrx_word' id='word_1_180' title='bbox 1206 2828 1400 2922; x_wconf 89' lang='lat' dir='ltr'>prius</span> <span class='ocrx_word' id='word_1_181' title='bbox 1443 2828 1794 2920; x_wconf 89' lang='lat' dir='ltr'>querelam</span> <span class='ocrx_word' id='word_1_182' title='bbox 1843 2849 2040 2900; x_wconf 89' lang='lat' dir='ltr'>suam</span> <span class='ocrx_word' id='word_1_183' title='bbox 2087 2848 2318 2900; x_wconf 86' lang='lat' dir='ltr'>coram</span> <span class='ocrx_word' id='word_1_184' title='bbox 2355 2849 2483 2900; x_wconf 90' lang='lat' dir='ltr'>suo</span> <span class='ocrx_word' id='word_1_185' title='bbox 2519 2826 2764 2919; x_wconf 87' lang='lat' dir='ltr'>judice</span> <span class='ocrx_word' id='word_1_186' title='bbox 2809 2828 3227 2922; x_wconf 88' lang='lat' dir='ltr'>propositam</span> <span class='ocrx_word' id='word_1_187' title='bbox 3279 2826 3666 2900; x_wconf 87' lang='lat' dir='ltr'>secundum</span> <span class='ocrx_word' id='word_1_188' title='bbox 3716 2827 3834 2918; x_wconf 88' lang='lat' dir='ltr'>jus</span> 
     </span>
     <span class='ocr_line' id='line_1_20' title="bbox 1021 2949 3832 3046; baseline -0 -22"><span class='ocrx_word' id='word_1_189' title='bbox 1021 2972 1242 3046; x_wconf 88' lang='lat' dir='ltr'>usque</span> <span class='ocrx_word' id='word_1_190' title='bbox 1267 2951 1359 3025; x_wconf 92' lang='lat' dir='ltr'>ad</span> <span class='ocrx_word' id='word_1_191' title='bbox 1389 2949 1826 3025; x_wconf 88' lang='lat' dir='ltr'>diffinitivam</span> <span class='ocrx_word' id='word_1_192' title='bbox 1853 2951 2274 3024; x_wconf 86' lang='lat' dir='ltr'>sentenciam</span> <span class='ocrx_word' id='word_1_193' title='bbox 2293 2960 2771 3046; x_wconf 87' lang='lat' dir='ltr'>prosequatur,</span> <span class='ocrx_word' id='word_1_194' title='bbox 2793 2950 2925 3024; x_wconf 85' lang='lat' dir='ltr'>nisi</span> <span class='ocrx_word' id='word_1_195' title='bbox 2952 2951 3024 3023; x_wconf 92' lang='lat' dir='ltr'>in</span> <span class='ocrx_word' id='word_1_196' title='bbox 3047 2951 3423 3025; x_wconf 85' lang='lat' dir='ltr'>continenti</span> <span class='ocrx_word' id='word_1_197' title='bbox 3441 2950 3534 3025; x_wconf 90' lang='lat' dir='ltr'>ad</span> <span class='ocrx_word' id='word_1_198' title='bbox 3553 2951 3832 3024; x_wconf 88' lang='lat' dir='ltr'>tutelam</span> 
     </span>
     <span class='ocr_line' id='line_1_21' title="bbox 1020 3074 3825 3172; baseline -0.001 -23"><span class='ocrx_word' id='word_1_199' title='bbox 1020 3077 1322 3170; x_wconf 85' lang='lat' dir='ltr'>corporis</span> <span class='ocrx_word' id='word_1_200' title='bbox 1353 3076 1461 3147; x_wconf 89' lang='lat' dir='ltr'>sui</span> <span class='ocrx_word' id='word_1_201' title='bbox 1491 3079 1605 3148; x_wconf 93' lang='lat' dir='ltr'>vel</span> <span class='ocrx_word' id='word_1_202' title='bbox 1640 3078 1972 3149; x_wconf 91' lang='lat' dir='ltr'>bonorum</span> <span class='ocrx_word' id='word_1_203' title='bbox 2009 3097 2293 3148; x_wconf 90' lang='lat' dir='ltr'>suorum</span> <span class='ocrx_word' id='word_1_204' title='bbox 2324 3077 2470 3148; x_wconf 88' lang='lat' dir='ltr'>vim</span> <span class='ocrx_word' id='word_1_205' title='bbox 2493 3077 2565 3148; x_wconf 89' lang='lat' dir='ltr'>vi</span> <span class='ocrx_word' id='word_1_206' title='bbox 2587 3077 2908 3172; x_wconf 87' lang='lat' dir='ltr'>repellat.-</span> <span class='ocrx_word' id='word_1_207' title='bbox 2933 3074 3127 3172; x_wconf 91' lang='lat' dir='ltr'>quod</span> <span class='ocrx_word' id='word_1_208' title='bbox 3152 3075 3407 3149; x_wconf 88' lang='lat' dir='ltr'>dicitur</span> <span class='ocrx_word' id='word_1_209' title='bbox 3441 3076 3825 3150; x_wconf 82' lang='lat' dir='ltr'>nothwere.</span> 
     </span>
     <span class='ocr_line' id='line_1_22' title="bbox 1018 3197 3834 3294; baseline -0.001 -23"><span class='ocrx_word' id='word_1_210' title='bbox 1018 3200 1091 3271; x_wconf 90' lang='lat' dir='ltr'>Si</span> <span class='ocrx_word' id='word_1_211' title='bbox 1115 3200 1277 3293; x_wconf 88' lang='lat' dir='ltr'>quis</span> <span class='ocrx_word' id='word_1_212' title='bbox 1297 3198 1492 3269; x_wconf 89' lang='lat' dir='ltr'>aliter</span> <span class='ocrx_word' id='word_1_213' title='bbox 1520 3199 1926 3292; x_wconf 89' lang='lat' dir='ltr'>processerit</span> <span class='ocrx_word' id='word_1_214' title='bbox 1946 3197 2038 3271; x_wconf 90' lang='lat' dir='ltr'>ad</span> <span class='ocrx_word' id='word_1_215' title='bbox 2062 3198 2470 3290; x_wconf 88' lang='lat' dir='ltr'>vindictam,</span> <span class='ocrx_word' id='word_1_216' title='bbox 2494 3197 2875 3294; x_wconf 90' lang='lat' dir='ltr'>dampnum</span> <span class='ocrx_word' id='word_1_217' title='bbox 2908 3200 3170 3271; x_wconf 88' lang='lat' dir='ltr'>illatum</span> <span class='ocrx_word' id='word_1_218' title='bbox 3198 3198 3596 3272; x_wconf 88' lang='lat' dir='ltr'>adversario</span> <span class='ocrx_word' id='word_1_219' title='bbox 3612 3201 3834 3271; x_wconf 89' lang='lat' dir='ltr'>solvat</span> 
     </span>
     <span class='ocr_line' id='line_1_23' title="bbox 1023 3321 3833 3418; baseline -0 -25"><span class='ocrx_word' id='word_1_220' title='bbox 1023 3324 1092 3393; x_wconf 93' lang='lat' dir='ltr'>in</span> <span class='ocrx_word' id='word_1_221' title='bbox 1143 3322 1464 3416; x_wconf 92' lang='lat' dir='ltr'>duplum,</span> <span class='ocrx_word' id='word_1_222' title='bbox 1508 3322 1695 3393; x_wconf 89' lang='lat' dir='ltr'>nulla</span> <span class='ocrx_word' id='word_1_223' title='bbox 1730 3321 1998 3393; x_wconf 91' lang='lat' dir='ltr'>actione</span> <span class='ocrx_word' id='word_1_224' title='bbox 2052 3322 2183 3393; x_wconf 89' lang='lat' dir='ltr'>sibi</span> <span class='ocrx_word' id='word_1_225' title='bbox 2234 3322 2325 3395; x_wconf 89' lang='lat' dir='ltr'>de</span> <span class='ocrx_word' id='word_1_226' title='bbox 2374 3322 2698 3418; x_wconf 84' lang='lat' dir='ltr'>dampnis</span> <span class='ocrx_word' id='word_1_227' title='bbox 2753 3323 2863 3395; x_wconf 90' lang='lat' dir='ltr'>vel</span> <span class='ocrx_word' id='word_1_228' title='bbox 2908 3323 3427 3416; x_wconf 86' lang='lat' dir='ltr'>gravaminibus</span> <span class='ocrx_word' id='word_1_229' title='bbox 3460 3322 3666 3396; x_wconf 90' lang='lat' dir='ltr'>illatis</span> <span class='ocrx_word' id='word_1_230' title='bbox 3702 3322 3833 3394; x_wconf 86' lang='lat' dir='ltr'>sibi</span> 
     </span>
     <span class='ocr_line' id='line_1_24' title="bbox 1022 3446 3832 3541; baseline -0.001 -20"><span class='ocrx_word' id='word_1_231' title='bbox 1022 3447 1112 3521; x_wconf 80' lang='lat' dir='ltr'>de</span> <span class='ocrx_word' id='word_1_232' title='bbox 1134 3457 1384 3519; x_wconf 54' lang='lat' dir='ltr'>*cetero</span> <span class='ocrx_word' id='word_1_233' title='bbox 1432 3454 1883 3540; x_wconf 87' lang='lat' dir='ltr'>competente.</span> <span class='ocrx_word' id='word_1_234' title='bbox 1923 3446 1997 3516; x_wconf 90' lang='lat' dir='ltr'>Si</span> <span class='ocrx_word' id='word_1_235' title='bbox 2043 3447 2200 3539; x_wconf 90' lang='lat' dir='ltr'>quis</span> <span class='ocrx_word' id='word_1_236' title='bbox 2233 3467 2400 3519; x_wconf 85' lang='lat' dir='ltr'>vero</span> <span class='ocrx_word' id='word_1_237' title='bbox 2437 3468 2666 3520; x_wconf 90' lang='lat' dir='ltr'>coram</span> <span class='ocrx_word' id='word_1_238' title='bbox 2692 3447 2934 3538; x_wconf 87' lang='lat' dir='ltr'>jndice</span> <span class='ocrx_word' id='word_1_239' title='bbox 2966 3448 3146 3521; x_wconf 85' lang='lat' dir='ltr'>sicut</span> <span class='ocrx_word' id='word_1_240' title='bbox 3178 3446 3566 3541; x_wconf 91' lang='lat' dir='ltr'>predictum</span> <span class='ocrx_word' id='word_1_241' title='bbox 3610 3455 3713 3519; x_wconf 87' lang='lat' dir='ltr'>est</span> <span class='ocrx_word' id='word_1_242' title='bbox 3763 3446 3832 3517; x_wconf 93' lang='lat' dir='ltr'>in</span> 
     </span>
     <span class='ocr_line' id='line_1_25' title="bbox 1020 3569 3837 3665; baseline -0.001 -21"><span class='ocrx_word' id='word_1_243' title='bbox 1020 3592 1231 3644; x_wconf 79' lang='lat' dir='ltr'>causa</span> <span class='ocrx_word' id='word_1_244' title='bbox 1258 3570 1690 3664; x_wconf 84' lang='lat' dir='ltr'>processerit,</span> <span class='ocrx_word' id='word_1_245' title='bbox 1712 3569 1772 3641; x_wconf 90' lang='lat' dir='ltr'>si</span> <span class='ocrx_word' id='word_1_246' title='bbox 1788 3571 1908 3662; x_wconf 85' lang='lat' dir='ltr'>jus</span> <span class='ocrx_word' id='word_1_247' title='bbox 1926 3591 2063 3641; x_wconf 92' lang='lat' dir='ltr'>non</span> <span class='ocrx_word' id='word_1_248' title='bbox 2084 3570 2290 3643; x_wconf 81' lang='lat' dir='ltr'>suerit</span> <span class='ocrx_word' id='word_1_249' title='bbox 2306 3580 2716 3643; x_wconf 84' lang='lat' dir='ltr'>consecutus</span> <span class='ocrx_word' id='word_1_250' title='bbox 2743 3581 2813 3643; x_wconf 92' lang='lat' dir='ltr'>et</span> <span class='ocrx_word' id='word_1_251' title='bbox 2835 3572 3237 3645; x_wconf 86' lang='lat' dir='ltr'>necessitate</span> <span class='ocrx_word' id='word_1_252' title='bbox 3253 3585 3545 3663; x_wconf 84' lang='lat' dir='ltr'>cogente</span> <span class='ocrx_word' id='word_1_253' title='bbox 3569 3579 3837 3665; x_wconf 87' lang='lat' dir='ltr'>oportet</span> 
     </span>
     <span class='ocr_line' id='line_1_26' title="bbox 1019 3694 3835 3791; baseline -0.001 -22"><span class='ocrx_word' id='word_1_254' title='bbox 1019 3719 1177 3769; x_wconf 91' lang='lat' dir='ltr'>eum</span> <span class='ocrx_word' id='word_1_255' title='bbox 1211 3695 1529 3768; x_wconf 88' lang='lat' dir='ltr'>diffidare</span> <span class='ocrx_word' id='word_1_256' title='bbox 1560 3695 1917 3767; x_wconf 91' lang='lat' dir='ltr'>inimicum</span> <span class='ocrx_word' id='word_1_257' title='bbox 1952 3717 2184 3784; x_wconf 87' lang='lat' dir='ltr'>suum,</span> <span class='ocrx_word' id='word_1_258' title='bbox 2227 3694 2420 3789; x_wconf 90' lang='lat' dir='ltr'>quod</span> <span class='ocrx_word' id='word_1_259' title='bbox 2445 3696 2660 3789; x_wconf 89' lang='lat' dir='ltr'>vulgo</span> <span class='ocrx_word' id='word_1_260' title='bbox 2686 3695 2943 3768; x_wconf 89' lang='lat' dir='ltr'>dicitur</span> <span class='ocrx_word' id='word_1_261' title='bbox 2969 3696 3385 3791; x_wconf 83' lang='lat' dir='ltr'>widersage,</span> <span class='ocrx_word' id='word_1_262' title='bbox 3419 3697 3551 3768; x_wconf 91' lang='lat' dir='ltr'>boc</span> <span class='ocrx_word' id='word_1_263' title='bbox 3587 3696 3835 3769; x_wconf 92' lang='lat' dir='ltr'>diurno</span> 
     </span>
     <span class='ocr_line' id='line_1_27' title="bbox 1018 3819 3836 3916; baseline -0.001 -23"><span class='ocrx_word' id='word_1_264' title='bbox 1018 3829 1321 3913; x_wconf 86' lang='lat' dir='ltr'>tempore</span> <span class='ocrx_word' id='word_1_265' title='bbox 1349 3819 1586 3909; x_wconf 76' lang='lat' dir='ltr'>saciat3</span> <span class='ocrx_word' id='word_1_266' title='bbox 1620 3827 1689 3890; x_wconf 89' lang='lat' dir='ltr'>et</span> <span class='ocrx_word' id='word_1_267' title='bbox 1709 3839 1804 3889; x_wconf 87' lang='lat' dir='ltr'>ex</span> <span class='ocrx_word' id='word_1_268' title='bbox 1833 3826 1997 3890; x_wconf 92' lang='lat' dir='ltr'>tunc</span> <span class='ocrx_word' id='word_1_269' title='bbox 2032 3839 2254 3913; x_wconf 89' lang='lat' dir='ltr'>usque</span> <span class='ocrx_word' id='word_1_270' title='bbox 2283 3819 2353 3890; x_wconf 92' lang='lat' dir='ltr'>in</span> <span class='ocrx_word' id='word_1_271' title='bbox 2387 3828 2713 3914; x_wconf 89' lang='lat' dir='ltr'>quartum</span> <span class='ocrx_word' id='word_1_272' title='bbox 2736 3819 2952 3913; x_wconf 86' lang='lat' dir='ltr'>diem,</span> <span class='ocrx_word' id='word_1_273' title='bbox 2974 3820 3054 3894; x_wconf 86' lang='lat' dir='ltr'>id</span> <span class='ocrx_word' id='word_1_274' title='bbox 3072 3831 3180 3893; x_wconf 85' lang='lat' dir='ltr'>est</span> <span class='ocrx_word' id='word_1_275' title='bbox 3199 3832 3354 3916; x_wconf 88' lang='lat' dir='ltr'>post</span> <span class='ocrx_word' id='word_1_276' title='bbox 3379 3831 3514 3892; x_wconf 87' lang='lat' dir='ltr'>tres</span> <span class='ocrx_word' id='word_1_277' title='bbox 3535 3821 3836 3913; x_wconf 88' lang='lat' dir='ltr'>integros</span> 
     </span>
     <span class='ocr_line' id='line_1_28' title="bbox 1017 3941 3837 4039; baseline -0.001 -23"><span class='ocrx_word' id='word_1_278' title='bbox 1017 3943 1191 4034; x_wconf 82' lang='lat' dir='ltr'>dies,</span> <span class='ocrx_word' id='word_1_279' title='bbox 1231 3943 1553 4016; x_wconf 89' lang='lat' dir='ltr'>diffidans</span> <span class='ocrx_word' id='word_1_280' title='bbox 1580 3949 1649 4014; x_wconf 91' lang='lat' dir='ltr'>et</span> <span class='ocrx_word' id='word_1_281' title='bbox 1699 3941 2052 4014; x_wconf 86' lang='lat' dir='ltr'>diffidatus</span> <span class='ocrx_word' id='word_1_282' title='bbox 2096 3943 2435 4035; x_wconf 88' lang='lat' dir='ltr'>integram</span> <span class='ocrx_word' id='word_1_283' title='bbox 2469 3965 2707 4038; x_wconf 87' lang='lat' dir='ltr'>pacem</span> <span class='ocrx_word' id='word_1_284' title='bbox 2743 3943 3124 4016; x_wconf 86' lang='lat' dir='ltr'>servabunt</span> <span class='ocrx_word' id='word_1_285' title='bbox 3153 3944 3288 4016; x_wconf 87' lang='lat' dir='ltr'>sibi</span> <span class='ocrx_word' id='word_1_286' title='bbox 3325 3944 3396 4015; x_wconf 94' lang='lat' dir='ltr'>in</span> <span class='ocrx_word' id='word_1_287' title='bbox 3427 3942 3737 4039; x_wconf 88' lang='lat' dir='ltr'>personis</span> <span class='ocrx_word' id='word_1_288' title='bbox 3768 3952 3837 4015; x_wconf 91' lang='lat' dir='ltr'>et</span> 
     </span>
     <span class='ocr_line' id='line_1_29' title="bbox 1016 4066 3836 4161; baseline 0.001 -25"><span class='ocrx_word' id='word_1_289' title='bbox 1016 4068 1247 4139; x_wconf 87' lang='lat' dir='ltr'>rebus.</span> <span class='ocrx_word' id='word_1_290' title='bbox 1271 4068 1337 4139; x_wconf 88' lang='lat' dir='ltr'>Is</span> <span class='ocrx_word' id='word_1_291' title='bbox 1359 4077 1590 4140; x_wconf 88' lang='lat' dir='ltr'>autem</span> <span class='ocrx_word' id='word_1_292' title='bbox 1616 4068 1689 4138; x_wconf 88' lang='lat' dir='ltr'>in</span> <span class='ocrx_word' id='word_1_293' title='bbox 1712 4088 1852 4161; x_wconf 91' lang='lat' dir='ltr'>quo</span> <span class='ocrx_word' id='word_1_294' title='bbox 1878 4066 2210 4138; x_wconf 88' lang='lat' dir='ltr'>violatum</span> <span class='ocrx_word' id='word_1_295' title='bbox 2240 4067 2448 4138; x_wconf 81' lang='lat' dir='ltr'>suerit</span> <span class='ocrx_word' id='word_1_296' title='bbox 2469 4066 2601 4139; x_wconf 89' lang='lat' dir='ltr'>hoc</span> <span class='ocrx_word' id='word_1_297' title='bbox 2630 4075 2987 4158; x_wconf 86' lang='lat' dir='ltr'>statutum,</span> <span class='ocrx_word' id='word_1_298' title='bbox 3008 4088 3236 4140; x_wconf 86' lang='lat' dir='ltr'>coram</span> <span class='ocrx_word' id='word_1_299' title='bbox 3259 4067 3501 4160; x_wconf 90' lang='lat' dir='ltr'>judice</span> <span class='ocrx_word' id='word_1_300' title='bbox 3527 4088 3836 4161; x_wconf 86' lang='lat' dir='ltr'>conque-</span> 
     </span>
     <span class='ocr_line' id='line_1_30' title="bbox 1017 4188 3836 4287; baseline 0.002 -30"><span class='ocrx_word' id='word_1_301' title='bbox 1017 4199 1204 4260; x_wconf 91' lang='lat' dir='ltr'>ratur</span> <span class='ocrx_word' id='word_1_302' title='bbox 1228 4189 1352 4281; x_wconf 90' lang='lat' dir='ltr'>qui</span> <span class='ocrx_word' id='word_1_303' title='bbox 1393 4212 1516 4283; x_wconf 91' lang='lat' dir='ltr'>per</span> <span class='ocrx_word' id='word_1_304' title='bbox 1550 4210 1628 4262; x_wconf 87' lang='lat' dir='ltr'>se</span> <span class='ocrx_word' id='word_1_305' title='bbox 1660 4190 1772 4261; x_wconf 88' lang='lat' dir='ltr'>vel</span> <span class='ocrx_word' id='word_1_306' title='bbox 1808 4212 1931 4284; x_wconf 90' lang='lat' dir='ltr'>per</span> <span class='ocrx_word' id='word_1_307' title='bbox 1967 4190 2299 4260; x_wconf 91' lang='lat' dir='ltr'>nuncium</span> <span class='ocrx_word' id='word_1_308' title='bbox 2334 4188 2574 4261; x_wconf 88' lang='lat' dir='ltr'>citabit</span> <span class='ocrx_word' id='word_1_309' title='bbox 2605 4190 3031 4282; x_wconf 84' lang='lat' dir='ltr'>violatorem,</span> <span class='ocrx_word' id='word_1_310' title='bbox 3073 4200 3144 4264; x_wconf 83' lang='lat' dir='ltr'>et</span> <span class='ocrx_word' id='word_1_311' title='bbox 3175 4192 3312 4263; x_wconf 89' lang='lat' dir='ltr'>nisi</span> <span class='ocrx_word' id='word_1_312' title='bbox 3345 4192 3635 4265; x_wconf 89' lang='lat' dir='ltr'>violator</span> <span class='ocrx_word' id='word_1_313' title='bbox 3666 4213 3836 4287; x_wconf 90' lang='lat' dir='ltr'>pro-</span> 
     </span>
     <span class='ocr_line' id='line_1_31' title="bbox 1020 4312 3838 4411; baseline 0.001 -27"><span class='ocrx_word' id='word_1_314' title='bbox 1020 4312 1271 4384; x_wconf 92' lang='lat' dir='ltr'>ductus</span> <span class='ocrx_word' id='word_1_315' title='bbox 1328 4334 1534 4407; x_wconf 88' lang='lat' dir='ltr'>super</span> <span class='ocrx_word' id='word_1_316' title='bbox 1587 4314 1718 4385; x_wconf 90' lang='lat' dir='ltr'>hoc</span> <span class='ocrx_word' id='word_1_317' title='bbox 1762 4314 1873 4384; x_wconf 89' lang='lat' dir='ltr'>vel</span> <span class='ocrx_word' id='word_1_318' title='bbox 1916 4325 2198 4407; x_wconf 87' lang='lat' dir='ltr'>septena</span> <span class='ocrx_word' id='word_1_319' title='bbox 2261 4334 2471 4385; x_wconf 85' lang='lat' dir='ltr'>manu</span> <span class='ocrx_word' id='word_1_320' title='bbox 2522 4314 2962 4409; x_wconf 81' lang='lat' dir='ltr'>synodalium</span> <span class='ocrx_word' id='word_1_321' title='bbox 3026 4315 3385 4392; x_wconf 87' lang='lat' dir='ltr'>hominum</span> <span class='ocrx_word' id='word_1_322' title='bbox 3445 4316 3838 4411; x_wconf 84' lang='lat' dir='ltr'>purgaverit</span> 
     </span>
     <span class='ocr_line' id='line_1_32' title="bbox 1016 4435 3838 4535; baseline 0.001 -27"><span class='ocrx_word' id='word_1_323' title='bbox 1016 4435 1476 4509; x_wconf 88' lang='lat' dir='ltr'>innocentiam</span> <span class='ocrx_word' id='word_1_324' title='bbox 1509 4456 1741 4525; x_wconf 89' lang='lat' dir='ltr'>suam,</span> <span class='ocrx_word' id='word_1_325' title='bbox 1783 4436 1973 4529; x_wconf 89' lang='lat' dir='ltr'>quod</span> <span class='ocrx_word' id='word_1_326' title='bbox 2014 4458 2155 4508; x_wconf 94' lang='lat' dir='ltr'>non</span> <span class='ocrx_word' id='word_1_327' title='bbox 2186 4436 2600 4508; x_wconf 84' lang='lat' dir='ltr'>commiserit</span> <span class='ocrx_word' id='word_1_328' title='bbox 2634 4448 2871 4511; x_wconf 85' lang='lat' dir='ltr'>contra</span> <span class='ocrx_word' id='word_1_329' title='bbox 2901 4440 3033 4510; x_wconf 85' lang='lat' dir='ltr'>hoo</span> <span class='ocrx_word' id='word_1_330' title='bbox 3071 4449 3441 4529; x_wconf 81' lang='lat' dir='ltr'>statutum,</span> <span class='ocrx_word' id='word_1_331' title='bbox 3503 4449 3838 4535; x_wconf 76' lang='lat' dir='ltr'>perpetuo</span> 
     </span>
     <span class='ocr_line' id='line_1_33' title="bbox 1018 4556 3260 4659; baseline 0.001 -29"><span class='ocrx_word' id='word_1_332' title='bbox 1018 4580 1194 4655; x_wconf 89' lang='lat' dir='ltr'>pene</span> <span class='ocrx_word' id='word_1_333' title='bbox 1228 4556 1580 4648; x_wconf 86' lang='lat' dir='ltr'>subjaceat</span> <span class='ocrx_word' id='word_1_334' title='bbox 1610 4559 1801 4651; x_wconf 88' lang='lat' dir='ltr'>quod</span> <span class='ocrx_word' id='word_1_335' title='bbox 1836 4558 2089 4630; x_wconf 88' lang='lat' dir='ltr'>dicitur</span> <span class='ocrx_word' id='word_1_336' title='bbox 2118 4560 2387 4632; x_wconf 85' lang='lat' dir='ltr'>erenlos</span> <span class='ocrx_word' id='word_1_337' title='bbox 2420 4559 2571 4633; x_wconf 93' lang='lat' dir='ltr'>und</span> <span class='ocrx_word' id='word_1_338' title='bbox 2607 4561 2865 4635; x_wconf 86' lang='lat' dir='ltr'>rehtlos</span> <span class='ocrx_word' id='word_1_339' title='bbox 2899 4561 3022 4659; x_wconf 86' lang='lat' dir='ltr'>(a).</span> <span class='ocrx_word' id='word_1_340' title='bbox 3103 4597 3106 4600; x_wconf 35' lang='lat'>¹</span> <span class='ocrx_word' id='word_1_341' title='bbox 3177 4613 3184 4619; x_wconf 74' lang='lat'><strong>·</strong></span> <span class='ocrx_word' id='word_1_342' title='bbox 3257 4607 3260 4610; x_wconf 95' lang='lat'>-</span> 
     </span>
    </p>
   </div>
   <div class='ocr_carea' id='block_1_3' title="bbox 1096 4704 2535 4789">
    <p class='ocr_par' dir='ltr' id='par_1_5' title="bbox 1096 4704 2535 4789">
     <span class='ocr_line' id='line_1_34' title="bbox 1096 4704 2535 4789; baseline 0.001 -20"><span class='ocrx_word' id='word_1_343' title='bbox 1096 4705 1187 4789; x_wconf 77' lang='lat' dir='ltr'>(a)</span> <span class='ocrx_word' id='word_1_344' title='bbox 1228 4708 1326 4770; x_wconf 84' lang='lat' dir='ltr'>Sic</span> <span class='ocrx_word' id='word_1_345' title='bbox 1352 4709 1702 4785; x_wconf 82' lang='lat' dir='ltr'>germanice.</span> <span class='ocrx_word' id='word_1_346' title='bbox 1728 4707 1892 4768; x_wconf 80' lang='lat' dir='ltr'>Alias</span> <span class='ocrx_word' id='word_1_347' title='bbox 1923 4704 2181 4769; x_wconf 61' lang='lat' dir='ltr'>hundos</span> <span class='ocrx_word' id='word_1_348' title='bbox 2216 4714 2274 4770; x_wconf 82' lang='lat' dir='ltr'>et</span> <span class='ocrx_word' id='word_1_349' title='bbox 2298 4704 2535 4771; x_wconf 70' lang='lat' dir='ltr'>ramos.</span> 
     </span>
    </p>
   </div>
  </div>
 </body>
</html>
