4500 5956
599 670 794 729 lnnrcr.
832 666 920 746 9.]
1502 664 1891 764 ms'roma
1941 663 2525 726 DIPLOMATICA.
3292 659 3413 720 883

2104 987 2856 1001 --wu-”QO-c—
2878 985 2919 997 .-

707 1264 1174 1372 Fridericus,
1222 1267 1742 1350 Romanorum
1791 1267 2229 1376 imperator,
2272 1264 2540 1347 foedus
2602 1288 2993 1346 armorum
3044 1263 3186 1344 init
3236 1290 3411 1346 cum
3490 1267 3736 1373 ,ὦ

602 1396 941 1507 quinque
977 1399 1389 1481 nominatis
1425 1399 1721 1508 imperii
1753 1398 2221 1507 principibus
2249 1398 2612 1478 adversus
2647 1396 3110 1478 Fridericum
3138 1397 3409 1478 ducem

601 1530 949 1613 Austriae
984 1542 1058 1614 et
1096 1532 1416 1642 Styriae,
1460 1540 1723 1641 gravia
1757 1532 1986 1613 nimis
2022 1541 2097 1614 et
2129 1531 2392 1612 illicita
2443 1539 2707 1612 contra
2743 1555 2854 1636 se,
2891 1528 3411 1637 honoremque

597 1688 825 1744 suum
860 1675 933 1746 et
969 1665 1261 1774 imperii
1300 1664 1764 1748 molientem.

762 1879 950 1956 (Edit.
977 1895 1078 1956 ap.
1109 1880 1443 1953 Romu,
1471 1877 1791 1941 Jahrbilch.
1822 1877 1926 1938 der
1956 1878 2278 1952 Liar-atur,
2308 1893 2466 1939 anno
2497 1886 2675 1951 1827,
2705 1877 2812 1940 XL
2844 1878 3045 1952 Band,
3073 1892 3137 1954 p.
3170 1886 3308 1938 187.
3329 1908 3413 1923 -—

835 1987 1090 2048 Monam.
1118 1988 1300 2062 Boia,
1327 1993 1476 2049 tom.
1507 1987 1703 2065 XXX,
1728 2002 1794 2064 p.
1831 1994 2132 2060 245-246,
2164 2002 2334 2046 num.
2371 1985 2628 2048 DCCXL
2663 2003 2739 2048 ex
2779 1985 3048 2064 originali
3081 1989 3146 2047 in
3175 1985 3416 2047 archivo

838 2098 1093 2173 episcop.
1125 2095 1335 2156 Patav.
1358 2094 1683 2168 ——Pmu-z,
1714 2092 1979 2154 Menum.
2011 2092 2204 2155 Germ.
2228 2089 2458 2164 histor„
2487 2098 2634 2153 tom.
2664 2093 2771 2165 lv,
2802 2109 2862 2169 p.
2894 2090 3059 2169 321.)

698 2277 1176 2378 Fr[idericus],
1213 2281 1337 2354 Dei
1378 2282 1596 2374 gratia
1640 2281 2098 2353 Romanorum
2149 2280 2519 2373 imperator
2563 2298 2833 2372 semper
2885 2287 3255 2371 augustus»,
3293 2280 3420 2351 Je-

597 2403 895 2476 rusalem
944 2414 1013 2477 et
1062 2404 1291 2476 Sicilie
1345 2426 1496 2477 rex.
1553 2404 1681 2476 Per
1739 2425 2021 2499 presens
2073 2403 2403 2496 scriptum
2457 2412 2693 2474 notum
2746 2401 3035 2474 facimus
3078 2402 3420 2474 universis

594 2524 786 2619 quod
833 2548 959 2599 nos
1018 2526 1284 2599 dilectis
1338 2527 1768 2622 principibus
1827 2527 2075 2598 nostris
2123 2525 2564 2620 subscriptis,
2623 2525 2945 2598 videlicet
2995 2525 3109 2596 W.
3176 2526 3420 2597 illustri

596 2650 744 2742 regi
785 2650 1061 2723 Boemie
1097 2650 1348 2724 dilecto
1402 2651 1589 2722 affini
1642 2658 1905 2741 nostro,
1947 2650 2026 2721 E.
2069 2648 2605 2741 Babinbergensi
2630 2702 2649 2738 ,
2705 2649 2788 2720 R.
2830 2648 3217 2720 Pataviensi
3268 2649 3416 2743 epi·

596 2773 849 2867 scopiS,
888 2774 969 2846 Ο.
1016 2773 1179 2845 duci
1207 2774 1551 2859 Bawarie,
1594 2774 1825 2846 comiti
1863 2773 2165 2868 palatino
2194 2773 2388 2862 Reni,
2424 2781 2492 2844 et
2528 2772 2611 2844 Ο.
2652 2772 3027 2844 marchioni
3059 2772 3420 2845 Branden-

594 2896 925 2988 burgensi
998 2894 1281 2971 firmiter
1349 2897 1832 2993 promisimuS,
1897 2896 2088 2991 quod
2153 2918 2313 2968 cum
2368 2894 2714 2968 Friderico
2773 2893 2952 2967 duce
3011 2894 3287 2968 Austrie
3350 2905 3420 2968 et

595 3020 820 3114 Styrie
879 3030 1116 3093 contra
1185 3044 1349 3114 nos,
1413 3022 1742 3095 honorem
1799 3033 1869 3094 et
1932 3022 2336 3116 dignitatem
2383 3031 2682 3095 nostram
2737 3031 2807 3094 et
2860 3021 3126 3116 imperii
3177 3022 3417 3116 gravia

597 3144 803 3216 nimis
836 3155 904 3217 et
961 3147 1193 3219 illicita
1241 3147 1589 3238 moliente,
1630 3148 1854 3219 nullas
1891 3156 2207 3237 treugas,
2252 3168 2492 3241 pacem
2539 3148 2652 3220 vel
2704 3147 3141 3219 concordiam
3195 3148 3420 3221 facie-

600 3289 754 3339 mus
800 3278 1041 3341 contra
1089 3270 1398 3365 ipsorum
1448 3270 1869 3344 voluntatem
1916 3279 1983 3341 et
2042 3290 2489 3361 consensum,
2530 3281 2600 3342 et
2649 3270 2841 3364 quod
2882 3271 2982 3343 eis
3031 3282 3267 3345 contra
3301 3274 3419 3369 ip-

596 3413 753 3462 sum
789 3403 858 3463 et
890 3414 1130 3465 omnes
1166 3414 1330 3466 suos
1366 3396 1665 3466 fautores
1703 3393 2070 3466 efficaciter
2115 3394 2540 3483 assistemus,
2573 3402 2644 3466 el.
2691 3394 2749 3465 si
2784 3394 2958 3489 quid
2997 3397 3419 3488 gravaminis

595 3510 801 3586 dictis
837 3517 1082 3588 nostris
1128 3516 1557 3611 principibus
1593 3539 1635 3589 a
1663 3538 2105 3611 quacumque
2138 3538 2429 3611 persona
2463 3519 2575 3590 vel
2615 3539 3055 3613 quocumque
3086 3542 3247 3592 casu
3284 3543 3416 3594 ac-

596 3639 840 3711 ciderit
885 3661 1006 3735 pro
1041 3642 1174 3714 hoc
1221 3643 1426 3724 facto,
1491 3663 1618 3715 nos
1668 3664 1787 3715 eos
1822 3641 2261 3734 juvabimuS,
2312 3643 2491 3714 sicut
2543 3653 2844 3717 nostram
2894 3645 3222 3717 condecet
3267 3668 3416 3721 ma-

588 3763 929 3853 jestatem.
971 3763 1084 3836 Ad
1122 3768 1321 3855 cujus
1367 3766 1466 3838 rei
1521 3767 1945 3857 memoriam,
1999 3787 2282 3861 presens
2336 3768 2669 3860 scriptum
2716 3766 2863 3839 fieri
2893 3777 2963 3840 et
3010 3769 3232 3863 sigillo
3268 3792 3415 3843 ma-

588 3885 853 3975 jestatis
886 3898 1115 3959 nostre
1143 3888 1477 3977 jussimus
1513 3890 1947 3962 communiri.

694 4009 941 4083 Datum
978 4010 1165 4103 apud
1201 4009 1609 4106 Augustam,
1650 4014 1897 4086 XXVII
1929 4013 2133 4106 junii,
2175 4014 2380 4087 VIIII·
2413 4012 2830 4086 indictionis.

1029 4321 1940 4334 m-Q—-m
1950 4325 2655 4335 ,ιι-...ψ
2682 4326 2984 4335 m—-a

701 4597 1108 4707 HenricuS,
1150 4626 1284 4682 rex
1323 4602 1643 4712 Angliae
1664 4667 1687 4712 ,
1727 4603 1784 4685 F
1787 4604 2235 4712 ridericum,
2277 4605 2793 4689 Romanorum
2848 4607 3410 4719 imperatorem,

599 4744 857 4814 monet
893 4758 973 4815 se
1008 4758 1249 4840 papae
1294 4747 1368 4817 et
1423 4736 1940 4819 cardinalibus
2000 4763 2228 4846 super
2281 4739 2584 4849 negotio
2638 4740 3243 4826 Lombardorum
3278 4768 3418 4852 pro

3539 1353 3762 1429 annun)

3585 4641 3709 4695 Apud

3503 4694 3756 4737 Brittollam
3772 4725 3784 4748 ,

3543 4749 3598 4790 30
3615 4750 3754 4801 Junli.
