4500 5956
1027 482 1148 543 678
1916 534 1921 539 .
2067 481 2412 541 insumet
2462 482 2796 543 samum
3474 487 3635 564 [Anu.
3672 489 3841 552 1234.

1034 613 1179 695 sibi
1224 623 1300 695 et
1349 611 1668 721 imperio
1721 610 2092 720 exhibita,
2146 611 2586 695 molendina
2638 614 3057 723 quaedam,
3098 613 3206 698 ibi
3259 615 3635 727 descripta
3677 633 3753 704 et
3801 648 3848 705 a

1037 744 1388 829 Conrado
1426 744 1834 855 burgravio
1870 745 1966 827 de
1997 744 2446 856 Nurenberg
2479 747 2562 827 in
2598 770 2875 829 manus
2923 772 3102 829 suas
3138 746 3486 858 delegata
3509 811 3533 854 ,
3579 752 3839 836 donat.

1197 961 1385 1042 (Edit.
1419 980 1509 1040 ap.
1541 961 1802 1022 Menum.
1833 961 2021 1036 Boio„
2050 967 2195 1023 tom.
2224 962 2432 1035 XXX,
2459 979 2600 1039 pars
2626 963 2701 1036 1⁸,
2737 980 2799 1040 p.
2835 972 2984 1036 216,
3013 965 3080 1025 n‘
3108 974 3250 1042 ⁸128,
3279 983 3357 1027 ex
3381 969 3656 1046 originali
3681 973 3848 1048 cnjus

1277 1070 1535 1148 sigillum
1561 1071 1757 1146 perlit.
1777 1101 1859 1114 —
1884 1069 1962 1130 Et
1988 1085 2085 1145 ap.
2118 1069 2504 1147 sumnum,
2535 1068 2797 1132 Monam.
2826 1067 3066 1142 Zoller„
3094 1078 3142 1134 t.
3174 1073 3240 1147 1,
3267 1089 3330 1165 p.
3365 1071 3494 1153 38.)

1134 1262 1216 1331 Η.
1245 1311 1263 1348 ,
1319 1258 1443 1330 Dei
1479 1258 1698 1352 gratia
1730 1258 2190 1330 Romanorum
2222 1278 2349 1329 rex
2385 1264 2453 1330 et
2485 1278 2757 1352 semper
2787 1266 3165 1352 augustus,
3205 1259 3551 1333 universis
3584 1260 3849 1356 imperii

1037 1382 1359 1456 fidelibus
1385 1391 1524 1453 tam
1558 1380 1989 1476 presentibus
2019 1402 2229 1473 quam
2269 1381 2516 1453 futuris
2547 1390 2932 1476 presentem
2975 1382 3267 1455 litteram
3315 1382 3725 1478 inspecturis
3778 1384 3849 1455 in

1042 1516 1478 1603 perpetuum.
1512 1504 1682 1575 Cum
1709 1503 1947 1577 divine
1975 1503 2446 1577 misericordie
2472 1507 2672 1597 cujus
2699 1505 3106 1599 magnitudo
3125 1506 3550 1578 intellectum
3576 1506 3853 1580 excedit

1040 1632 1459 1719 humanum,
1528 1628 1948 1700 incrementa
1976 1627 2047 1698 in
2084 1628 2286 1700 nobis
2315 1629 2640 1701 continua
2688 1630 3099 1720 sentiamus,
3139 1629 3383 1702 merito
3418 1631 3519 1702 illi
3552 1630 3745 1724 quod
3779 1632 3850 1703 in

1044 1755 1245 1826 nobis
1276 1761 1380 1827 est
1408 1751 1660 1825 devote
1680 1751 2171 1846 impendimus,
2205 1763 2285 1823 nt
2316 1754 2466 1826 loca
2502 1753 2741 1827 divino
2767 1755 2984 1826 cultui
3012 1763 3082 1826 et
3109 1776 3491 1849 pauperum
3516 1765 3853 1829 sustenta-

1038 1879 1344 1951 tionibus
1372 1876 1760 1971 mancipata
1797 1874 2266 1948 munificentie
2300 1885 2528 1949 nostre
2545 1876 2902 1949 beneficiis
2925 1898 3326 1971 augeamus,
3347 1878 3628 1950 Noverit
3647 1878 3853 1973 igitur

1042 2013 1180 2077 tam
1211 2024 1491 2098 presens
1506 2011 1653 2073 etas
1680 2022 1887 2094 quam
1923 2021 2327 2073 successura
2345 2000 2703 2094 posteritas
2728 2000 2922 2095 quod
2950 2022 3077 2074 nos
3099 1998 3527 2073 attendentes
3553 2003 3854 2096 preclara

1041 2128 1372 2221 obsequia
1407 2147 1546 2220 que
1582 2126 1813 2199 dilecti
1846 2124 2085 2198 fideles
2132 2126 2346 2198 nostri
2391 2128 2636 2198 fratres
2687 2125 2937 2199 domus
2983 2126 3558 2200 Theotunicorum
3610 2130 3855 2201 Sancte

1036 2253 1253 2325 Marie
1289 2251 1357 2322 in
1389 2251 1762 2325 Jerusalem
1800 2249 1998 2321 nobis
2028 2259 2095 2322 et
2130 2249 2418 2343 imperio
2446 2249 2783 2323 exhibent
2807 2250 3260 2343 incessanter,
3287 2251 3380 2323 ob
3405 2252 3854 2325 reverentiam

1040 2378 1441 2449 intemerate
1475 2374 1781 2468 Virginis
1805 2374 2038 2447 Matris
2064 2374 2372 2465 Domini,
2433 2374 2744 2447 cessione
2769 2396 2978 2468 quam
3026 2373 3316 2449 dilectus
3362 2373 3586 2449 fidelis
3628 2386 3857 2447 noster

1038 2500 1393 2574 Conradus
1421 2497 1884 2593 burcgravius
1931 2498 2021 2573 de
2067 2498 2512 2592 Nuerenberg
2560 2498 2722 2571 fecit
2757 2498 3129 2571 liberaliter
3175 2498 3248 2570 in
3291 2520 3538 2572 manus
3591 2508 3857 2572 nostras

1040 2634 1312 2720 recepta
1338 2623 1426 2697 de
1443 2623 1842 2698 molendino
1866 2622 2058 2716 apud
2074 2623 2515 2697 Nuerenberc
2532 2624 2664 2697 sito
2689 2624 2866 2697 inter
2890 2623 3134 2698 salices
3159 2635 3229 2696 et
3252 2644 3599 2718 campum,
3623 2633 3859 2696 exten-

1043 2750 1217 2824 dens
1253 2771 1329 2824 se
1364 2772 1408 2821 a
1448 2749 1726 2822 civitate
1782 2748 2189 2842 Nurenberg
2232 2769 2459 2843 usque
2509 2746 2603 2820 ad
2653 2748 2937 2823 domum
2987 2748 3414 2844 leprosorum
3449 2749 3522 2820 in
3557 2749 3857 2822 inferiori

1044 2883 1242 2969 parte
1270 2882 1506 2961 strate,
1550 2873 1639 2947 de
1671 2883 1818 2945 orto
1852 2873 1981 2944 sito
2023 2871 2214 2968 apud
2256 2872 2521 2946 dictum
2558 2870 3069 2963 molendinum,
3119 2871 3207 2945 de
3237 2871 3634 2945 molendino
3669 2872 3859 2967 apud

1045 2998 1395 3070 Vischbah
1432 3009 1500 3070 et
1555 2997 1645 3070 de
1680 2999 2079 3070 molendino
2122 2997 2309 3070 dicto
2345 2996 2723 3091 vulgariter
2773 2995 3485 3089 Liubmannismuole,
3548 2998 3859 3092 predicta

1045 3121 1445 3194 molendina
1478 3130 1548 3193 et
1574 3130 1799 3193 ortum
1836 3130 2265 3216 prenotatum
2304 3121 2628 3216 hospitali
2658 3122 2905 3194 Sancte
2937 3122 3148 3196 Marie
3185 3121 3446 3212 domus·
3473 3122 3860 3210 Theotuni-

1045 3266 1283 3317 corum
1316 3243 1507 3339 apud
1545 3244 1976 3336 Nuerinberg
2032 3243 2104 3314 in
2135 3243 2518 3318 remedium
2562 3246 2791 3317 anime
2823 3256 3056 3318 nostre
3085 3254 3154 3319 et
3189 3267 3661 3319 successorum
3699 3266 3859 3319 nos-

1048 3381 1303 3440 trorum
1333 3390 1574 3462 regum
1597 3375 1669 3439 et
1691 3367 2176 3462 imperatorum
2216 3366 2538 3440 dedimus
2572 3378 2643 3442 et
2673 3370 3163 3461 concessimus,
3183 3391 3344 3442 cum
3372 3370 3695 3449 omuibus
3716 3370 3863 3443 suis

1044 3493 1474 3589 pertinentiis
1490 3491 1933 3587 possidenda.
1978 3493 2363 3568 statuentes
2388 3505 2458 3566 et
2470 3496 2873 3568 auctoritate
2900 3495 3088 3588 regia
3110 3493 3390 3568 firmiter
3414 3495 3862 3590 precipientes

1044 3618 1341 3691 utnulla
1378 3638 1707 3710 umquam
1743 3637 2036 3712 persona
2079 3617 2363 3689 humilis
2414 3619 2525 3690 vel
2565 3619 2736 3711 alta,
2793 3620 3253 3692 ecclesiastica
3304 3620 3418 3692 vel
3461 3619 3854 3710 mundana,

1040 3744 1223 3816 hanc
1246 3753 1474 3813 nostre
1511 3741 1902 3814 donationis
1929 3753 1999 3813 et
2031 3741 2491 3814 concessionis
2519 3742 2844 3837 paginam
2881 3751 3231 3837 presumat
3258 3742 3632 3834 infringere
3654 3743 3766 3816 vel
3795 3743 3860 3815 ei

1040 3890 1215 3939 ausu
1259 3867 1617 3940 temerario
1650 3867 2011 3940 contraire.
2056 3865 2259 3952 Quod
2290 3868 2412 3962 qui
2458 3868 2694 3942 fecerit
2730 3866 3273 3961 indignationem
3319 3867 3445 3939 Dei
3491 3876 3861 3960 nostreque

1040 3987 1467 4084 celsitudinis
1499 3988 1974 4079 gravissimam
2007 3986 2337 4060 offensam
2379 4008 2456 4059 se
2500 3987 2773 4059 noverit
2799 3986 3261 4057 incursurum.
3307 3987 3396 4057 Ut
3435 3997 3667 4058 autem
3699 4006 3860 4081 pre-

1041 4131 1197 4179 sens
1226 4109 1507 4180 donatio
1538 4120 1609 4179 et
1647 4113 1997 4183 concessio
2032 4113 2209 4183 facta
2237 4120 2378 4181 tam
2404 4132 2525 4204 per
2548 4131 2676 4181 nos
2702 4132 2912 4204 quam
2938 4132 3062 4205 per
3087 4110 3580 4202 burcgravium
3618 4130 3863 4204 supra-

1040 4233 1300 4302 dictum
1332 4232 1556 4303 eidem
1592 4232 1913 4326 hospitali
1951 4243 2020 4305 et
2078 4235 2400 4305 fratribus
2437 4233 2626 4328 apud
2664 4234 3093 4325 Nuerinberg
3144 4234 3565 4306 inviolabilis
3626 4234 3860 4306 obser·

1040 4367 1272 4442 vetur,
1316 4364 1699 4448 presentem
1740 4356 2064 4449 paginam
2089 4358 2314 4450 sigillo
2343 4370 2572 4430 nostre
2607 4359 3039 4430 celsitudinis
3063 4359 3350 4430 fecimus
3380 4358 3711 4431 roborari.

1135 4480 1365 4550 Testes
1416 4478 1618 4570 hujus
1663 4479 1760 4549 rei
1813 4489 1975 4549 sunt
2016 4506 2032 4548 ε
2072 4478 2503 4574 Sypheridus
2546 4480 2960 4552 venerabilis
3008 4482 3454 4576 Maguntinus
3513 4479 3865 4575 archiepi-

1040 4625 1316 4699 scopus,
1357 4604 1787 4696 Eggebertus
1810 4603 2425 4696 BabenbergensiS,
2462 4604 2820 4677 Heinricus
2849 4605 3244 4678 Eistetensis
3270 4606 3610 4701 episcopi,
3651 4604 3862 4677 Hein-
