4500 5956
978 576 1098 638 558
2011 581 2356 642 HENRICI
2405 580 2742 643 SEPTlm
3410 587 3578 666 [Anu.
3616 589 3787 652 1231.

975 734 1206 784 sorum
1243 735 1525 786 suorum
1554 714 1627 785 in
1653 714 1802 810 ipso
1832 716 2231 811 episcopatu
2267 715 2701 789 medietatem
2728 716 3013 812 recipiat
3038 717 3189 792 sine
3211 720 3560 795 maliciosa
3595 722 3796 795 dimi·

975 837 1294 909 nacione.
1337 838 1715 911 Statuimus
1737 838 1942 913 etiam
1964 849 2033 912 et
2055 840 2189 912 sub
2219 839 2784 914 interminacione
2803 840 3024 935 gratie
3043 852 3272 915 nostre
3289 843 3683 918 inhibemus
3705 868 3795 921 ne

974 962 1133 1054 quis
1157 961 1609 1035 officiatorum
1630 973 2013 1037 nostrorum
2039 973 2488 1036 memoratam
2522 963 2879 1037 eccloeiam
2902 966 3020 1038 vel
3042 965 3442 1062 episcopum
3468 971 3642 1061 ejus,
3681 970 3791 1043 di-

974 1084 1230 1157 lectum
1268 1085 1648 1183 principem
1676 1096 2009 1176 nostrum,
2047 1089 2120 1160 in
2142 1087 2481 1183 premissa
2517 1086 2998 1182 recoguicione
3017 1089 3365 1184 ‚impedire
3390 1092 3644 1165 audeat
3669 1114 3793 1165 seu

973 1210 1369 1294 molestare;
1424 1210 1615 1305 quod
1652 1233 1811 1285 cum
1843 1212 1935 1285 de
1967 1213 2128 1306 jure
2157 1210 2248 1283 sit
2276 1211 2497 1307 ipsius
2539 1211 2828 1286 ecclesie
2867 1213 3229 1286 nobiscum
3272 1215 3616 1309 precarias
3642 1216 3795 1290 sive

974 1334 1293 1407 collectas
1322 1335 1928 1431 proporcionaliter
1946 1357 1989 1408 a
2018 1334 2369 1430 premissis
2402 1335 2675 1407 civibus
2705 1336 3044 1432 recipere,
3098 1336 3320 1432 ipsam
3356 1338 3794 1412 medietatem

974 1457 1107 1552 ipsi
1160 1458 1447 1531 ecclesie
1489 1468 1558 1531 et
1602 1459 1945 1554 episcopis
1991 1457 2254 1530 ibidem
2289 1458 2677 1530 constitutis
2724 1456 3233 1533 confirmamus.
3279 1461 3368 1533 Ut
3394 1471 3626 1534 autem
3662 1461 3794 1534 hec

972 1583 1344 1674 recognitio
1380 1594 1450 1655 et
1478 1582 1903 1656 confirmatio
1933 1590 2308 1655 memorate
2334 1583 2621 1654 ecclesie
2648 1590 2716 1654 et
2749 1583 3089 1679 episcopis
3120 1593 3265 1658 rata
3294 1596 3692 1680 permaneat
3724 1596 3793 1658 et

969 1704 1408 1796 inconvulsa,
1469 1713 1853 1799 presentem
1903 1705 2199 1778 litteram
2236 1704 2459 1797 sigilli
2513 1705 2725 1778 nostri
2780 1706 3164 1779 munimine
3208 1706 3542 1779 duximus
3597 1729 3788 1780 oom-

969 1828 1249 1899 muniri.

1068 1952 1300 2023 Testes
1326 1963 1491 2024 sunt
1519 1952 1617 2023 hii
1652 1980 1669 2024 ε
1704 1951 2108 2025 Cuonradus
2133 1951 2549 2025 venerabilis
2586 1952 3131 2026 constanciensis
3151 1955 3542 2051 episcopus,
3602 2007 3621 2025 .
3685 2006 3703 2026 .
3767 2008 3784 2026 .

970 2075 1385 2149 venerabilis
1426 2076 1772 2168 Augeusis
1815 2076 2066 2167 abbas,
2119 2076 2200 2148 R.
2239 2076 2583 2170 palatinus
2612 2098 2844 2151 comes
2878 2078 2969 2150 de
3003 2078 3411 2170 Tuwingin‚
3457 2077 3532 2149 C.
3587 2077 3791 2149 burc-

969 2200 1254 2294 gravius
1284 2200 1376 2273 de
1403 2201 1863 2288 Nuorinberc,
1911 2199 2301 2274 Willelmus
2345 2220 2574 2273 comes
2618 2200 2709 2273 de
2739 2201 3151 2295 Tuwingin‚
3207 2221 3436 2273 comes
3469 2201 3791 2272 Albertus

969 2321 1061 2393 de
1085 2321 1525 2409 Rottinburc,
1579 2344 1808 2396 comes
1842 2323 2110 2395 Ulricus
2151 2323 2243 2396 de
2283 2322 2743 2413 Helffinstain,
2791 2323 2871 2394 E.
2921 2322 3189 2418 dapifer
3241 2325 3332 2397 de
3372 2324 3784 2419 Walppurc,

968 2445 1040 2518 C.
1105 2445 1431 2540 pincerna
1493 2446 1582 2519 de
1639 2446 2172 2538 Wintterstetin,
2236 2445 2598 2520 Heinricus
2630 2447 3047 2519 camerarius
3093 2446 3184 2518 de
3209 2447 3671 2539 Raviusburc,
3725 2456 3793 2519 et

966 2569 1082 2640 alii
1111 2572 1580 2666 quamplures.

1067 2694 1315 2767 Actum
1341 2694 1536 2792 apud
1576 2695 1879 2785 Ulmam,
1934 2715 2118 2769 anuo
2151 2692 2499 2771 dominice
2528 2693 3029 2768 incarnacionis
3067 2694 3429 2766 millesimo
3456 2693 3787 2769 ducente·

971 2818 1147 2891 simo
1181 2818 1525 2891 tricesimo
1555 2820 1811 2915 primo,
1853 2818 1989 2890 X⁸¹⁰
2021 2817 2353 2891 kalendas
2385 2816 2804 2909 decembris,
2850 2817 3228 2892 indictione
3258 2817 3381 2892 V‘⁸.

2929 3124 3363 3136 ———-——————-—-

589 3426 867 3532 Ηιξξξξω,
1075 3400 1483 3516 Heni-iem,
1524 3409 2047 3493 Romanorum
2082 3436 2254 3513 rex,
2300 3409 2616 3493 sculteto
2664 3421 2740 3493 et
2789 3408 3079 3492 civibus
3131 3408 3227 3490 de
3271 3405 3510 3490 Hallis
3546 3431 3790 3487 man—

549 3535 603 3578 ²¹
645 3534 912 3579 amma..
966 3547 1101 3628 dat
1135 3554 1220 3626 ut
1254 3542 1548 3625 nullam
1589 3541 1686 3625 ab
1722 3542 2035 3625 ecclesia
2069 3542 2164 3625 de
2201 3542 2614 3625 Schonthal
2649 3540 3071 3651 precariam
3105 3541 3414 3650 exigant
3447 3539 3543 3620 de
3577 3538 3788 3620 omni

970 3678 1127 3762 sale
1163 3702 1318 3788 quo
1354 3685 1770 3759 conventus
1805 3675 2122 3783 indiget.

1129 3904 1342 3985 (Edid.
1393 3905 1532 3966 JAc.
1559 3902 1741 3963 Fam.
1773 3901 2115 3998 (isontium,
2155 3896 2486 3982 Uffenloeim.
2531 3896 3051 3975 waben-scum,
3096 3903 3145 3961 t.
3170 3898 3238 3976 Ι,
3282 3914 3346 3976 p.
3381 3905 3555 3980 1205.
3601 3896 3789 3959 Notae

1202 4012 1650 4090 chronologicae
1691 4026 1855 4070 nunc
1893 4011 2108 4069 rectius
2150 4007 2506 4068 exhibentur
2529 4023 2604 4067 ex
2631 4008 2985 4068 correctione
3012 4019 3194 4082 quam
3219 4003 3458 4064 admisit
3500 4003 3790 4065 Boehme-

1206 4134 1329 4196 rus,
1354 4116 1577 4198 Reqest.
1607 4114 1841 4195 imper„
1871 4133 1931 4192 p.
1967 4124 2106 4191 240,
2137 4123 2204 4173 n⁰
2234 4117 2402 4189 252.)

1065 4315 1429 4389 Heinricus
1473 4313 1593 4385 Dei
1645 4313 1864 4405 gratia
1898 4312 2358 4384 Romanorum
2388 4331 2515 4383 rex
2549 4331 2822 4406 semper
2853 4317 3226 4404 augustus,
3286 4307 3609 4383 fidelibus
3641 4307 3788 4381 suis

965 4441 1252 4512 sculteto
1266 4448 1334 4512 et
1357 4437 1699 4512 universis
1728 4437 2002 4510 civibus
2025 4435 2115 4508 de
2128 4434 2339 4506 Hallis
2363 4434 2652 4527 gratiam
2680 4455 2876 4506 suam
2896 4441 2967 4506 et
2984 4453 3189 4506 omne
3213 4433 3499 4505 bonum.
3530 4432 3788 4503 Dilecte

968 4563 1167 4636 nobis
1180 4563 1465 4635 ecclesie
1498 4562 1571 4635 in
1588 4560 1956 4633 Schonthal
1987 4560 2189 4633 talem
2217 4559 2505 4632 fecimus
2532 4559 2820 4655 gratiam
2849 4566 2919 4631 et
2947 4556 3271 4632 dedimus
3293 4556 3676 4629 libertatem
3709 4564 3787 4628 ut

966 4689 1056 4763 de
1073 4689 1262 4763 omni
1278 4691 1423 4762 sale
1446 4709 1589 4785 quo
1615 4687 1930 4783 indigent
1948 4685 2039 4762 ad
2059 4707 2228 4760 usus
2245 4685 2563 4780 proprios
2581 4707 2717 4758 nou
2737 4684 3009 4758 solvant
3027 4682 3408 4779 precariam
3439 4701 3567 4754 seu
3594 4688 3783 4752 steu-
