4500 5956
518 581 714 645 Inter.
752 580 842 656 7.]
1422 571 1814 635 HISTORIA
1860 571 2447 636 mPLOMATlca.
3217 565 3338 628 655

962 877 1035 887 ——0
1994 874 2526 893 --ι-οορ-οσ-νο--τ-ο-ᾼ-ο
2543 872 2793 881 ..ι-ΗΜ..
2813 874 2914 884 ..m-

610 1116 1033 1260 henricum
1074 1122 1647 1267 Romanorum
1608 1140 1825 1291 rex,
1820 1134 2115 1271 notum
2162 1151 2343 1271 facit
2385 1130 2660 1267 quod‘
2639 1177 2720 1231 m
2733 1130 3041 1267 judicio
3077 1178 3335 1234 coram
3414 1174 3629 1271 twmvin
3540 1178 3715 1270 mm]

517 1311 600 1368 se
620 1285 955 1413 ῌιιΙιιᾷ
954 1284 1218 1395 habito
1262 1310 1510 1413 super
1562 1284 2072 1367 controversla
2128 1310 2332 1393 quae
2401 1283 2598 1391 inter
2663 1283 2753 1365 G.
2824 1285 3176 1393 comitem
3239 1287 3335 1367 de

516 1364 1031 1521 Loewenstein
1077 1427 1189 1500 et
1205 1418 1660 1501 cenventum
1707 1376 1804 1499 de
1848 1382 2298 1525 Madelberg
2327 1384 2760 1499 vertebatur
2794 1418 2889 1498 de
2942 1419 3334 1515 advocatia

514 1577 769 1641 cunae
820 1551 929 1635 in
969 1512 1581 1656 Cliuremberch‚
1606 1549 2031 1637 sancitum
2052 1548 2210 1641 fuit
2261 1558 2348 1632 ut
2408 1530 2660 1637 comiti
2718 1576 2966 1657 super
3004 1550 3340 1633 indebita

514 1685 981 1849 impetitione
1017 1684 1402 1766 silentium
1436 1684 1980 1851 imponeretur.

679 1858 930 1990 (Inedit.
959 1927 1037 1973 cx
1064 1862 1376 1989 originali,
1405 1917 1473 1973 ιιι
1499 1866 1669 1988 putat
1693 1910 1965 1983 Kansler,
1996 1913 2102 1987 qui
2126 1910 2299 1971 nobis
2324 1910 2484 1972 idem
2509 1913 2964 1973 instrumentum
2997 1917 3341 1975 communi·

753 2017 1288 2078 cavit.1ntercidit
1329 2018 1623 2095 sigillum,
1654 2021 1990 2077 remanente
2023 2015 2269 2076 cordula
2294 2018 2560 2077 caerulea
2592 2034 2669 2077 ex
2697 2034 2817 2095 qua
2851 2019 3150 2095 pependit.
3181 2019 3342 2080 Res-

761 2124 1021 2201 criptum
1047 2130 1250 2184 tamen
1274 2124 1472 2199 potius
1504 2139 1687 2200 quam
1724 2125 2047 2200 genuinum
2086 2139 2213 2182 esse
2240 2138 2544 2182 censemus
2564 2165 2582 2197 ,
2630 2124 2776 2184 dum
2819 2128 3021 2201 magni
3055 2129 3340 2186 momenti

756 2230 1028 2304 mendae,
1050 2232 1394 2308 praesertim
1419 2232 1485 2290 in
1501 2231 1743 2290 nomine
1762 2230 1939 2306 primi
1960 2231 2128 2289 testis
2149 2233 2208 2289 et
2232 2231 2535 2290 notatione
2552 2232 2717 2305 anni,
2739 2230 3332 2309 animadvertantur.)

609 2440 981 2513 Hainricus
1006 2495 1025 2531 ‚
1076 2442 1207 2545 Dei¹
1259 2443 1478 2543 gratia
1534 2444 1995 2516 Romanorum
2057 2464 2186 2514 rex
2248 2463 2523 2537 semper
2576 2453 2913 2535 augustus
2940 2501 2955 2530 ,
3014 2447 3338 2519 omnibus

523 2562 763 2634 Christi
798 2561 1121 2637 fidelibus
1140 2617 1160 2655 ‚
1200 2565 1333 2637 hoc
1363 2565 1691 2661 scriptum
1725 2565 2152 2637 intuentibus
2172 2618 2192 2656 ‚
2259 2564 2466 2637 fidem
2514 2564 2842 2637 adhibere
2905 2567 3329 2662 subscriptis.

522 2686 624 2760 Ad
672 2696 1079 2760 cunctorum
1118 2689 1447 2760 volumus
1484 2689 1848 2784 pervenire
1896 2689 2219 2761 noticiam
2262 2688 2458 2783 quod
2497 2710 2658 2760 cum
2690 2689 2774 2760 lis
2816 2690 2994 2761 inter
3033 2690 3332 2764 nobilem

520 2810 774 2899 virum,
815 2808 897 2882 G.
936 2812 1252 2883 comitem
1283 2812 1376 2884 de
1408 2812 1848 2885 Lewenstain
1886 2833 1981 2884 ex
2012 2834 2192 2904 una,
2245 2821 2316 2884 et
2344 2812 2766 2906 prepositum
2808 2820 2876 2884 et
2919 2823 3335 2886 conventum

525 2934 608 3008 de
660 2933 1132 3023 Madelberch,
1182 2935 1448 3009 ordinis
1498 2935 2145 3010 Premonstratensis
2165 2989 2187 3028 ‚
2245 2943 2625 3008 verteretur
2675 2955 2768 3007 ex
2825 2944 3021 3030 parte
3075 2939 3328 3028 altera,

518 3079 720 3154 super
750 3058 1117 3132 advocatia
1148 3060 1341 3142 curie
1377 3060 1451 3130 in
1506 3059 2039 3154 Churemberch‚
2077 3080 2290 3154 quam
2323 3058 2457 3130 sibi
2499 3059 2683 3130 idem
2728 3080 2957 3132 comes
2998 3062 3335 3134 violenter

517 3191 580 3254 et
609 3194 846 3255 contra
870 3163 1229 3275 justiciamv
1252 3183 1602 3256 nitebatur
1632 3183 2006 3257 vendicare
2033 3192 2099 3255 et
2130 3204 2259 3255 suo
2290 3182 2597 3255 dominio
2629 3183 3031 3277 subjugare,
3069 3196 3335 3259 contra·

518 3304 792 3377 dicente
822 3308 1083 3401 prefato
1117 3308 1464 3404 preposito
1518 3316 1590 3379 et
1646 3317 1990 3379 conventu
2033 3306 2225 3401 quod
2276 3308 2485 3379 nichil
2527 3307 2814 3380 haberet
2846 3310 3021 3400 Juris
3071 3310 3142 3380 in
3184 3311 3333 3404 ipsa

521 3430 733 3518 curia,
770 3450 901 3502 nec
934 3430 1009 3501 in
1033 3430 1382 3525 aliquibus
1414 3431 1617 3503 bonis
1647 3430 1741 3503 ad
1774 3431 2082 3526 ipsorum
2114 3432 2603 3503 monasterium
2633 3432 3137 3527 pertinencium
3164 3432 3327 3531 (sic),

524 3554 788 3626 ratione
851 3553 1212 3627 advocatie
1283 3557 1397 3627 vel
1462 3558 1971 3650 cujuscumque
2051 3555 2373 3645 dominii;
2439 3555 2748 3650 partibus
2822 3556 3033 3650 igitur
3110 3579 3336 3630 coram

518 3678 710 3750 nobis
769 3679 1301 3773 conparentibus
1353 3679 1426 3749 in
1451 3679 1751 3770 judicio,
1794 3681 1865 3750 in
1914 3673 2191 3750 civitate
2231 3677 2446 3750 Hallis
2483 3679 2718 3751 habito
2741 3733 2760 3768 ‚
2814 3701 2905 3751 ex
2945 3689 3137 3775 parte
3185 3703 3336 3774 pre-

516 3801 629 3872 fati
660 3803 992 3897 prepositi
1034 3810 1530 3874 et·conventus
1564 3802 1683 3873 ³sui
1732 3801 2094 3873 evidenter
2137 3802 2269 3872 fuit
2307 3810 2658 3874 ostensum
2680 3855 2698 3890 ,
2736 3809 2803 3874 et
2839 3823 2966 3895 per
2997 3803 3338 3874 autentica

518 3911 893 3999 litterarum
927 3909 1378 3997 instrumenta
1418 3925 1750 4018 legittime
1782 3925 2277 4020 conprobatum
2307 3924 2535 4018 quod,
2572 3933 2649 3994 ut
2678 3924 3141 4018 premisimuS,
3179 3946 3339 4017 pre-

519 4048 695 4120 fatus
727 4070 958 4122 comes
1011 4049 1273 4120 nullam
1305 4047 1590 4120 omnino
1638 4047 1712 4117 in
1744 4046 2117 4142 predictam
2157 4047 2416 4118 curiam
2451 4045 2732 4117 haberet
2758 4045 3333 4144 jurisdictionem.

521 4169 712 4244 Unde
748 4193 792 4243 a
826 4170 1094 4243 cunetis
1139 4169 1616 4266 coramnobis
1661 4168 1923 4242 ibidem
1968 4168 2534 4258 consistentibuS,
2573 4188 2695 4264 per
2726 4168 3143 4241 ordinariam
3185 4192 3342 4260 sen-

518 4295 805 4366 tenciam
867 4294 999 4365 fuit
1068 4295 1442 4385 sancitum,
1518 4301 1599 4364 ut
1649 4294 1954 4388 sepefato
2008 4292 2238 4364 comiti
2303 4313 2510 4388 super
2564 4291 2870 4364 indebita
2922 4293 3344 4388 impetitione

519 4417 846 4522 prelibata
897 4417 1089 4490 curie
1141 4416 1492 4489 silentium
1542 4416 2092 4512 imponeremus,
2131 4425 2199 4487 et
2244 4415 2589 4510 predictos
2636 4416 2824 4488 viros
2872 4416 3224 4510 religiosos
3269 4419 3343 4488 in

522 4562 643 4646 sua
672 4542 989 4614 libertate
1022 4507 1577 4615 defenderemus.
1618 4540 1831 4626 Quod
1875 4538 1965 4612 de
2009 4539 2441 4636 plenitudine
2488 4540 2754 4613 consilii
2801 4551 3185 4614 nostrorum
3231 4564 3342 4613 as-

526 4685 898 4757 sessorum,
937 4665 1254 4759 protinus
1294 4645 1630 4738 duximus
1671 4664 2229 4759 adimplendum,
2269 4664 2676 4736 mandantes
2713 4664 3000 4748 sculteto
3049 4665 3346 4750 civitatis
