4500 5956
511 583 704 643 lumen
738 577 824 661 7.]
1410 575 1806 637 HISTORIA
1856 576 2443 638 DIPLoMATmA.
3216 581 3332 642 671

602 712 972 789 Heinricus
990 765 1021 802 „
1062 712 1188 785 Dei
1221 711 1445 805 gratia
1478 713 1942 791 Romanorum
1970 735 2100 786 rex
2124 721 2195 785 et
2236 733 2508 806 semper
2552 722 2890 806 augustus
2911 771 2927 798 ,
2988 715 3333 788 universis

506 838 774 933 imperii
824 833 1154 908 fidelibus
1187 834 1368 908 hanc
1402 835 1692 911 litteram
1728 837 2138 932 inspecturis
2170 838 2244 909 in
2280 845 2712 933 perpetuum.
2751 838 2922 910 Cum
2954 838 3138 911 circa
3168 860 3330 933 pro-

508 964 763 1038 fectum
789 959 1062 1056 imperii
1091 968 1324 1033 nostra
1351 959 1690 1035 celsitudo
1720 960 2072 1055 invigilat,
2108 968 2313 1035 cauta
2347 959 2838 1034 deliberatione
2858 960 2990 1033 sibi
3016 961 3334 1054 providet

508 1109 668 1161 cum
702 1107 791 1160 ea
817 1108 959 1181 que
986 1084 1370 1160 decreverit
1395 1084 1512 1156 vel
1546 1084 1785 1159 fecerit
1823 1084 2229 1179 scriptorum
2263 1085 2592 1157 memorie
2628 1085 3163 1158 recommendat.
3206 1087 3336 1158 Per

507 1232 788 1307 presens
809 1210 1045 1305 itaque
1074 1208 1410 1304 scriptum
1439 1217 1678 1283 notum
1706 1229 1858 1283 esse
1880 1209 2203 1305 cupimus
2232 1221 2370 1282 tam
2394 1209 2828 1303 presentibus
2850 1231 3064 1302 quam
3083 1210 3332 1283 futuris

508 1334 700 1430 quod
728 1356 858 1408 nos
891 1333 1171 1407 utilitati
1198 1341 1268 1406 et
1294 1333 1592 1407 libertati
1624 1332 1925 1408 civitatis
1967 1343 2201 1407 nostre
2227 1334 2552 1428 Egrensis
2594 1334 2902 1407 volentes
2933 1334 3291 1409 intendere
3304 1387 3326 1419 ‚

507 1457 885 1533 sectionem
912 1481 1054 1553 que
1091 1459 1163 1530 in
1192 1458 1346 1553 ipsa
1372 1466 1521 1532 erat
1549 1456 1641 1531 de
1664 1459 1823 1531 vico
1855 1457 2164 1552 quodam
2183 1457 2610 1552 Schiphgaze
2645 1457 2856 1549 dicto,
2885 1459 3007 1552 qui
3036 1460 3329 1533 Henrico

509 1582 599 1656 de
650 1584 1043 1656 Libenstein
1101 1580 1290 1655 fideli
1340 1590 1575 1655 nostro
1609 1582 2032 1679 pertinebat,
2075 1602 2200 1676 pro
2253 1580 2608 1654 honestate
2643 1581 2911 1675 imperii
2967 1594 3325 1657 censentes

508 1706 712 1781 nobis
745 1715 817 1781 et
844 1706 1132 1803 imperio
1153 1705 1620 1797 inhonestam,
1652 1706 1746 1781 de
1777 1706 2133 1779 voluntate
2163 1705 2330 1779 dicti
2360 1704 2634 1778 Henrici
2661 1705 2753 1778 de
2772 1706 3169 1780 Libenstein
3205 1729 3331 1803 pro

508 1830 663 1904 vico
691 1838 1049 1927 prenotato
1077 1831 1256 1902 facto
1291 1829 1696 1904 concambio
1716 1882 1736 1918 ,
1781 1829 2009 1902 eidem
2041 1829 2318 1903 novalia
2361 1828 2436 1901 in
2466 1828 2790 1902 Gruvene
2823 1828 2915 1903 ad
2957 1851 3083 1903 nos
3119 1833 3333 1926 perti·

510 1954 736 2028 nentia
760 1956 970 2048 juxta
1005 1963 1311 2026 montem
1353 1954 1477 2048 qui
1526 1954 2005 2047 Thilchelberg
2054 1955 2476 2049 appellatur,
2533 1952 2979 2027 concedimus
3028 1963 3099 2027 et
3141 1977 3331 2030 com-

509 2088 879 2152 mutamus.
908 2077 997 2150 Ut
1014 2087 1247 2150 autem
1261 2099 1545 2173 presens
1561 2077 2006 2151 commutatio
2021 2077 2174 2151 sive
2196 2077 2679 2150 concambium
2707 2079 2906 2150 nobis
2920 2088 2988 2152 et
3010 2079 3321 2174 imperio,

507 2203 799 2277 Hem-ico
829 2203 923 2277 de
948 2203 1383 2276 Liebenstein
1410 2212 1480 2276 et
1503 2204 1653 2277 suis
1679 2203 2055 2277 heredibus
2081 2213 2485 2299 permaneat
2506 2204 3018 2296 inconvulsum,
3039 2227 3331 2301 presen-

507 2336 645 2402 tem
669 2328 970 2400 litteram
996 2326 1224 2421 sigillo
1245 2336 1479 2399 nostre
1510 2326 1940 2400 celsitudinis
1965 2328 2255 2401 fecimus
2283 2327 2615 2400 roborari.

599 2451 836 2524 Testes
882 2458 1047 2523 sunt
1102 2451 1201 2523 hii
1253 2476 1272 2521 ι
1328 2451 1761 2545 Eggebertus
1796 2452 2212 2526 venerabilis
2263 2452 2856 2545 Babenbergensis
2913 2451 3280 2549 episcopus
3304 2507 3324 2543 ,

511 2595 735 2649 comes
767 2577 1008 2670 Egeno
1047 2575 1138 2649 de
1170 2575 1467 2652 Vriburc
1496 2575 1938 2672 (Freyburg)‚
1985 2630 2002 2647 .
2050 2631 2067 2647 .
2118 2629 2136 2647 .
2174 2576 2605 2671 lantgravius
2652 2578 2744 2651 de
2793 2577 3330 2671 Leuggenberch

513 2698 1112 2795 (Leuchtenberg)‚
1151 2699 1488 2772 Henricus
1516 2699 1608 2773 de
1626 2700 1856 2793 Nirea,
1894 2703 2052 2774 Otto
2076 2701 2168 2774 de
2190 2701 2575 2788 Eberstein,
2610 2700 2971 2773 Cunradus
3003 2700 3332 2796 pincerna

514 2821 596 2895 de
627 2823 1177 2911 Winterstetten‚
1208 2821 1653 2897 Eberhardus
1687 2821 1779 2897 de
1814 2824 2385 2917 Hertingesberg,
2417 2832 2488 2896 et
2521 2824 2639 2895 alii
2672 2826 3145 2919 quamplures.

600 2948 854 3018 Datum
903 2944 1096 3041 apud
1137 2946 1425 3040 Egram,
1466 2966 1649 3020 anno
1684 2945 2032 3021 dominice
2071 2947 2558 3022 incarnationis
2603 2948 2700 3022 Μ.
2730 2947 2852 3022 CC.
2888 2950 3228 3039 XXXIIlI,
3267 2952 3330 3024 V

514 3069 664 3143 idus
679 3071 879 3163 julii,
921 3069 1303 3144 indictione
1326 3071 1646 3167 septima.

937 3368 1143 3381 m·-

610 3633 1017 3745 HenricuS,
1064 3640 1587 3728 Romanorum
1641 3673 1774 3731 rex
1789 3708 1815 3754 ,
1864 3651 2123 3734 comiti
2175 3653 2520 3764 Egenoni
2573 3658 2672 3739 de
2724 3656 3050 3768 Friburg
3103 3669 3178 3742 et
3237 3663 3334 3744 de

516 3764 743 3851 Urach
778 3798 922 3881 pro
957 3778 1199 3884 gratis
1234 3777 1402 3888 ejus
1438 3781 1761 3865 servitiis
1796 3786 2091 3869 confert
2124 3788 2206 3868 in
2243 3788 2556 3872 feodum
2591 3790 2914 3874 flumina
2949 3795 3330 3902 quaedam

515 3896 784 3986 ibidem
837 3932 1194 4016 expressa
1254 3938 1435 3995 cum
1489 3913 1674 3998 rivis
1725 3925 1805 4000 et
1853 3921 2240 4002 montanis
2286 3921 2849 4031 adjacentibuS,
2899 3924 3181 4033 jubens
3245 3937 3334 4010 ut

517 4035 880 4148 quidquid
925 4043 1093 4126 auri
1134 4045 1217 4127 in
1264 4046 1716 4133 fluminibus
1761 4059 1838 4134 et
1882 4055 2177 4164 argenti
2220 4055 2303 4137 in
2358 4058 2745 4140 montanis
2789 4059 3194 4168 invenerit,
3245 4061 3328 4143 in

466 4285 471 4290 θ
516 4166 663 4276 ejus
700 4173 1109 4259 utilitatem
1144 4180 1393 4263 cedat.

662 4387 872 4462 (Edid.
904 4390 1314 4474 Senonum,
1340 4396 1499 4458 Hist.
1529 4397 2000 4481 Zur-inqo-Bad„
2029 4402 2163 4465 cod.
2199 4404 2507 4482 diplomat.
2527 4449 2549 4481 ,
2578 4410 2627 4468 t.
2671 4406 2780 4487 lv,
2811 4425 2873 4486 p.
2911 4417 3049 4490 190,
3097 4427 3174 4472 ex
3218 4428 3328 4473 ar-

739 4494 920 4557 chivo
948 4496 1534 4584 Bada-Durlacensi.)

608 4673 970 4757 Heinricus
993 4735 1013 4772 ‚
1062 4685 1187 4756 Dei
1215 4689 1436 4780 gratia
1487 4690 1951 4765 Romanorum
1984 4716 2112 4766 rex
2157 4704 2226 4768 et
2260 4717 2534 4793 semper
2569 4710 2942 4796 augustus,
2994 4703 3333 4777 universis
