4500 5956
592 591 793 650 lxma.
824 590 913 667 9.]
1492 589 1884 650 HISTORIA
1932 591 2515 656 DIPLouATmA.
2549 623 2560 632 ·
3294 597 3415 658 879

592 730 1005 817 sequuntur,
1042 747 1260 818 quum
1292 745 1432 797 non
1462 725 1663 797 nobis
1687 727 1938 819 solum,
1970 728 2097 801 sed
2118 731 2347 804 Deoet
2373 729 2704 803 catholice
2730 728 2896 802 fidei
2923 738 2991 801 et
3015 729 3147 825 ipsi
3176 741 3419 803 nature

590 869 910 939 guerram
946 858 1264 938 movent,
1298 870 1425 921 nos
1461 859 1691 922 tamen
1713 850 1882 922 utile
1903 871 2054 924 esse
2073 853 2423 926 credimus
2454 874 2615 924 cum
2642 851 3027 944 adjectione
3053 854 3414 946 cujusdam

592 968 1066 1043 admirationis
1096 972 1351 1045 eximie
1386 972 1624 1044 litteris
1661 971 2070 1066 Apostolicis
2097 974 2514 1069 respondere
2531 972 2677 1070 (⁴);
2713 973 2806 1047 ad
2826 976 3014 1069 quod
3048 975 3149 1072 (a)
3176 1001 3413 1073 preces

590 1118 768 1191 pape
805 1119 942 1169 non
979 1095 1412 1168 solummodo
1450 1118 1578 1169 nos
1606 1096 1989 1188 inducunt,
2026 1100 2150 1172 sed
2186 1101 2424 1172 fortius
2459 1121 2668 1171 causa
2692 1119 2972 1192 precum
2994 1154 3012 1188 ,
3050 1101 3217 1173 dum
3256 1124 3414 1198 pro·
3485 1185 3495 1195 ⁶

591 1242 866 1294 cessum
899 1229 1212 1294 nostrum
1247 1221 1317 1291 in
1350 1221 1649 1312 Italiam,
1684 1243 1893 1314 quem
1923 1221 2163 1296 odiose
2188 1224 2493 1316 quodam
2526 1245 2774 1317 guerre
2809 1222 3146 1296 vocabulo
3179 1224 3411 1298 deno-

591 1355 736 1420 tare
763 1346 947 1417 velle
981 1345 1296 1434 videtur,
1357 1345 1715 1417 occasione
1765 1346 2024 1438 negotii
2081 1348 2286 1419 Terre
2330 1349 2577 1419 Sancte
2634 1346 2962 1439 suspendi
3001 1349 3271 1441 rogavit
3317 1349 3411 1423 ad
3459 1325 3468 1332 ¹

590 1491 898 1562 presens.
935 1468 1075 1541 Sed
1120 1478 1199 1539 ut
1232 1467 1516 1540 firmiter
1563 1467 2043 1558 confiteamur,
2101 1470 2256 1542 licet
2306 1470 2596 1542 evidens
2635 1466 2778 1567 [sit]
2815 1470 3019 1541 nostri
3054 1493 3415 1565 processus

591 1593 879 1666 intentio
914 1614 1124 1686 quem
1161 1592 1251 1664 ad
1284 1592 1494 1663 nichil
1531 1591 1724 1664 aliud
1761 1592 2149 1665 direximus
2188 1594 2321 1665 nisi
2363 1604 2439 1665 ut
2476 1592 2800 1665 Crucifixi
2840 1595 3189 1685 negotium
3216 1617 3413 1667 assu-

591 1737 894 1806 mamus,
936 1715 1127 1808 quod
1159 1717 1515 1808 provocari
1549 1715 1877 1788 directius
1900 1738 2037 1789 non
2068 1718 2328 1790 valeret
2356 1739 2565 1810 quam
2591 1717 2832 1810 vigore
2857 1717 3120 1808 justitie
3157 1721 3413 1813 pacatis

592 1840 905 1934 undique
936 1841 1214 1935 populis
1244 1848 1313 1912 et
1341 1840 1610 1936 imperii
1646 1842 1853 1912 nostri
1905 1842 2175 1914 viribus
2213 1842 2405 1934 quod
2448 1849 2552 1914 est
2599 1842 2667 1911 in
2707 1850 2846 1911 tam
2886 1842 3097 1912 nobili
3136 1844 3414 1937 regione

591 1963 910 2037 dissitum
942 1964 1094 2060 (sic)
1143 1976 1211 2037 et
1244 1965 1335 2037 de
1384 1966 1583 2056 cujus
1622 1988 1833 2037 manu
1879 1976 2063 2038 terra
2109 1966 2542 2061 potissimum
2579 1967 2989 2059 prestolatur
3022 1967 3364 2039 auxilium
3389 2022 3411 2061 ,

591 2089 663 2158 in
692 2089 1038 2184 integrum
1074 2089 1437 2180 restitutiS,
1477 2111 1615 2162 non
1652 2112 1902 2183 guerre
1931 2090 2208 2163 nomine
2239 2089 2481 2161 debuit
2516 2099 2654 2159 tam
2688 2089 2962 2160 salubre
2991 2092 3414 2185 propositum

593 2211 931 2304 denotari,
966 2211 1092 2286 sed
1110 2214 1290 2306 juris
1310 2214 1634 2286 executio
1667 2214 1923 2309 potiuS,
1966 2235 2009 2285 a
2038 2234 2178 2306 qua
2203 2213 2428 2285 omnis
2452 2213 2648 2284 abest
2673 2213 2950 2304 injuria,
2992 2215 3405 2309 nuncupari.

589 2337 955 2431 Nunquam
996 2338 1181 2409 enim
1238 2338 1684 2411 intentionem
1741 2359 1921 2434 pape
1965 2338 2169 2410 talem
2225 2359 2377 2409 esse
2422 2337 2771 2410 credimus
2824 2338 3015 2431 quod
3058 2340 3418 2413 occasione

592 2462 1027 2533 transmarini
1062 2462 1317 2555 negotii
1343 2460 1630 2534 deberet
1653 2461 1930 2554 justicie
1956 2459 2232 2554 gladius
2262 2461 2591 2533 hebetari.
2625 2462 2797 2531 Nam
2836 2471 2905 2531 et
2940 2471 3092 2555 post
3121 2463 3419 2535 edictam

592 2584 1148 2658 constitutionem
1196 2586 1550 2676 eamdem,
1609 2586 2112 2658 contumaciam
2162 2586 2624 2657 Romanorum
2663 2585 2823 2675 jura
2854 2584 3155 2656 Ecclesie
3205 2608 3413 2657 usur-

591 2709 927 2802 pantium,
945 2708 1341 2803 requirente
1357 2709 1687 2799 Ecclesia,
1709 2730 1849 2781 non
1869 2708 2259 2782 dimisimus
2276 2707 2711 2801 impunitam.
2728 2707 2843 2778 Sic
2870 2707 3160 2800 quilibet
3181 2716 3417 2780 contra

591 2853 716 2904 nos
751 2842 822 2905 et
859 2833 1225 2928 imperium
1271 2842 1502 2927 posset
1544 2832 1948 2906 calcaneum
1996 2831 2471 2903 indevocionis
2505 2831 2799 2924 erigere,
2842 2831 2944 2901 sic
2981 2842 3207 2924 posset
3243 2833 3417 2924 qui—

486 2986 495 3003 ,
590 2957 757 3030 libet
792 2957 1071 3052 rapinas
1099 2966 1170 3029 et
1196 2958 1375 3030 furta
1403 2978 1486 3031 ac
1515 2956 1826 3050 quelibet
1852 2956 2112 3028 scelera
2142 2963 2566 3050 perpetrare,
2615 2953 2741 3027 sed
2769 2975 3165 3026 mucronem
3205 2977 3415 3048 quem

592 3082 682 3154 de
716 3104 926 3154 mann
961 3083 1087 3156 Dei
1109 3083 1199 3156 ad
1227 3083 1561 3155 bonorum
1588 3082 1868 3155 laudem
1893 3089 1961 3154 et
1996 3079 2376 3154 vindictam
2414 3078 2929 3150 malefactorum
2974 3080 3408 3173 accepimuS,

591 3207 964 3298 evaginare
1013 3216 1370 3301 propterea
1439 3227 1579 3278 non
1630 3227 2014 3301 possemus.
2083 3207 2225 3277 Nec
2278 3204 2503 3297 magis
2562 3200 2652 3299 (b)
2706 3203 3066 3274 Lombardi
3123 3205 3414 3298 predicti

591 3353 811 3424 quum
849 3331 1135 3426 imperio
1181 3338 1414 3404 nostro
1462 3331 1753 3424 subjecti
1808 3331 2009 3403 nobis
2062 3329 2354 3404 dominii
2411 3330 2714 3401 referunt
2755 3329 3224 3420 questionem,
3281 3330 3414 3400 nisi

591 3454 782 3549 quod
811 3457 971 3548 jura
1008 3456 1277 3549 imperii
1315 3454 1528 3528 nostri
1562 3455 2057 3527 contumaciter
2087 3454 2485 3543 retinenteS,
2530 3452 2771 3523 faciem
2809 3459 3109 3523 nostram
3133 3503 3153 3539 ,
3203 3473 3413 3544 quam

594 3578 953 3673 pacificam
1010 3579 1181 3673 ipsis
1227 3578 1615 3665 voluimus,
1678 3587 2319 3671 quantumcumque
2370 3598 2528 3647 cum
2584 3575 2853 3670 imperii
2908 3576 3117 3646 nostri
3160 3574 3418 3646 bonore

592 3723 962 3796 possumus
990 3703 1312 3792 tolerare,
1356 3722 1487 3773 nec
1520 3701 1768 3773 volunt
1804 3701 2037 3773 devoti
2070 3701 2442 3795 respicere,
2484 3720 2612 3770 nec
2673 3706 2961 3793 possunt
3008 3718 3128 3789 pro
3181 3698 3421 3769 timore

586 3826 851 3916 justitie
882 3833 1193 3920 spectare
1214 3825 1467 3899 securi.
1505 3825 1647 3897 Hec
1682 3825 1893 3915 igitur
1921 3825 2154 3896 omnia
2190 3824 2389 3895 vobis
2414 3833 2555 3893 tam
2586 3822 2788 3914 plane
2823 3842 3032 3912 quam
3069 3821 3269 3914 plene
3295 3842 3423 3891 sa—

594 3950 901 4042 tiataque
930 3950 1259 4021 relatione
1284 3948 1837 4042 transcripsimus
1863 3958 1941 4019 ut
1969 3948 2061 4020 ad
2100 3946 2455 4018 scientiam
2497 3955 2567 4017 et
2606 3944 3091 4015 conscientiam
3123 3952 3424 4015 vestram

594 4093 685 4144 ex
725 4081 868 4143 toto
920 4071 1131 4145 corde
1177 4072 1583 4167 perveniant
1633 4093 1795 4142 cum
1844 4079 2076 4143 nostra
2108 4070 2409 4163 justitia,
2468 4079 2537 4141 et
2584 4066 2774 4162 apud
2812 4062 2992 4162 [vos]
3025 4068 3250 4145 locum
3284 4087 3422 4139 non

677 4246 764 4327 (a)
808 4249 881 4309 In
908 4249 1108 4309 codice
1129 4263 1323 4328 quum.

679 4351 761 4432 (b)
805 4354 897 4414 Ibi
924 4370 1163 4432 quoque
1187 4357 1249 4413 in
1281 4352 1490 4414 codice
1513 4351 1807 4429 quaedam
1834 4350 2071 4411 desunt.

609 4515 844 4526 -z-o-——o
1752 4514 1957 4522 ———

669 4615 744 4688 (4)
779 4617 895 4673 Boc
931 4630 1251 4688 responsum
1286 4629 1551 4686 nusquam
1600 4611 1843 4670 invenire
1867 4611 2166 4686 potuimus,
2200 4610 2307 4667 nisi
2340 4609 2411 4666 sit
2444 4608 2548 4667 boc
2583 4608 2942 4682 fragmentum
2967 4604 3138 4665 Italia
3170 4604 3437 4663 hereditas

597 4730 720 4771 mea
750 4720 848 4785 est,
876 4718 983 4771 etc.
1017 4712 1173 4782 Quod
1203 4712 1343 4770 infra
1374 4711 1690 4770 exhibemus
1715 4728 1770 4786 p.
1799 4713 1893 4767 88⁴
1913 4753 1926 4767 .
