4500 5956
1668 613 2294 679 AanAMENTA.
3269 614 3390 676 953

572 777 694 851 per
732 756 1050 828 nuntium
1100 751 1328 826 eidem
1363 749 1646 823 domino
1690 759 1925 824 nostro
1968 751 2142 845 patri
2181 750 2617 824 studebimus
2656 750 3177 846 suggerentium
3215 749 3381 821 inti-

573 901 765 954 mare
803 898 1134 974 personas
1154 929 1175 968 ,
1212 885 1282 949 et
1327 875 1720 947 nullatenus
1761 875 1976 947 verba
2012 875 2129 948 illa
2161 875 2277 946 vel
2332 876 2510 946 facta
2546 876 2890 970 patiemur
2942 887 3179 946 contra
3221 894 3383 946 eum

570 1003 824 1077 habere
849 1022 1270 1099 processum.
1310 996 1422 1071 Ad
1456 1001 1783 1090 majorem
1827 1019 2109 1093 quoque
2145 998 2485 1071 cautelam
2509 1053 2529 1088 ,
2567 1007 2646 1070 ut
2672 1007 2895 1094 preter
2930 997 3382 1092 J‘urisjurandi

570 1148 823 1221 penam
844 1182 861 1212 ‚
903 1146 1044 1219 que
1079 1121 1562 1218 triumphantis
1596 1122 1898 1195 Ecclesie
1925 1121 2189 1214 judicio
2234 1122 2597 1217 irrogatur,
2636 1123 2693 1194 si
2725 1131 2960 1195 contra
2992 1122 3387 1195 veniremus

571 1269 863 1322 censure
931 1248 1410 1340 subjaceamus
1469 1245 1773 1319 Ecclesie
1842 1246 2197 1317 militantis
2216 1298 2238 1336 ,
2289 1267 2497 1340 super
2553 1246 2686 1317 hoc
2734 1266 2861 1317 nos
2927 1244 3252 1318 mandato
3317 1252 3388 1317 et

562 1369 987 1462 jurisditioni
1050 1378 1284 1441 sancte
1335 1371 1639 1442 Romane
1687 1369 1992 1442 Ecclesie
2043 1367 2134 1441 de
2180 1390 2509 1462 expressa
2558 1378 2629 1440 et
2675 1369 2973 1462 gratuita
3031 1369 3387 1441 voluntate

572 1503 803 1567 nostra
837 1492 1245 1565 subicimuS.
1288 1493 1387 1565 Ita
1425 1489 1784 1579 videlicet,
1826 1501 1905 1563 ut
1941 1492 2141 1564 nobis
2176 1492 2858 1565 contravenientibus
2897 1494 2968 1565 in
3001 1492 3233 1586 aliquo
3270 1494 3385 1565 vel

573 1621 645 1690 in
693 1628 910 1691 totum
934 1671 954 1706 ,
1008 1617 1214 1690 liceat
1260 1617 1463 1690 vobis
1514 1627 1585 1689 et
1626 1616 2141 1690 successoribus
2188 1617 2438 1689 vestris
2494 1616 2587 1689 ad
2645 1616 3160 1711 requisitionem
3217 1615 3388 1688 dicti

577 1743 789 1838 patris
849 1742 1100 1832 nostri,
1163 1741 1355 1814 nulla
1418 1739 1890 1814 admonitione
1943 1739 2276 1834 premissa
2336 1740 2450 1813 vel
2504 1739 2788 1835 strepitu
2834 1739 3081 1832 judicii
3135 1740 3387 1812 obser-

573 1876 763 1958 vato,
800 1865 1069 1939 ratione
1098 1865 1385 1960 perjurii
1422 1864 2052 1938 excommunicatos
2086 1885 2212 1936 nos
2242 1863 2673 1951 denuntiare,
2713 1876 2781 1937 et
2816 1865 2917 1936 sio
2951 1885 3076 1959 pro
3104 1885 3387 1936 excom-

579 1990 960 2063 municatos
985 1989 1268 2081 habere,
1310 2010 1675 2083 quousque
1701 1986 1989 2082 proinde
2016 1989 2160 2061 Deo
2187 1996 2257 2060 et
2293 1986 2602 2083 predicto
2637 1988 2920 2062 domino
2952 1988 3129 2083 patri
3159 1995 3389 2059 nostro

573 2112 1076 2186 satisfaciamus
1112 2112 1206 2186 ad
1247 2113 1530 2208 plenum
1549 2166 1568 2202 ,
1610 2133 1693 2185 ac
1727 2111 1786 2184 si
1831 2119 2069 2185 contra
2100 2131 2228 2184 nos
2267 2111 2614 2185 sollemnis
2658 2110 3394 2185 excommunicationis

577 2236 915 2310 sententia
950 2236 1086 2309 lata
1135 2238 1332 2309 soret.
1377 2235 1491 2309 Ad
1550 2237 1750 2328 cujus
1802 2235 1902 2308 rei
1957 2234 2356 2308 memoriam
2380 2289 2400 2324 ,
2443 2256 2724 2330 presens
2770 2234 3100 2330 scriptum
3137 2234 3285 2306 fieri
3326 2244 3396 2307 et

578 2359 767 2433 bulla
803 2380 1015 2432 aurea
1053 2360 1323 2455 typario
1351 2368 1582 2433 nostre
1612 2358 1987 2451 majestatis
2014 2358 2349 2453 impressa
2377 2358 2715 2451 jussimus
2737 2357 3168 2431 communiri.

675 2485 923 2555 Datum
970 2479 1160 2578 apud
1204 2482 1629 2577 Augustam,
1677 2503 1860 2555 anno
1904 2481 2253 2555 dominice
2299 2481 2788 2555 incarnationis
2826 2481 3388 2573 M.CC.XXX.II,

577 2617 821 2701 quarto
850 2605 1014 2680 idus
1047 2606 1310 2703 aprilis,
1352 2606 1732 2681 indictione
1763 2607 2004 2702 quinta
2030 2605 2091 2701 (4
2108 2605 2163 2702 ).

686 3198 1056 3281 Henricus
1071 3261 1095 3308 ,
1136 3198 1658 3283 Romanorum
1712 3225 1845 3281 rex
1858 3261 1882 3307 ,
1923 3197 2324 3281 confirmat
2364 3197 2852 3281 donationem
2889 3223 2936 3280 a
2968 3195 3398 3308 praeposito
3465 3214 3816 3322 122...ssssssssme

581 3331 921 3441 Aquensi
965 3332 1348 3415 canonicis
1402 3331 1891 3441 Aquensibus
1945 3331 2275 3438 factam3
2325 3331 2607 3414 scilicet
2657 3342 2743 3414 ut
2794 3356 2934 3439 pro
2996 3328 3403 3438 hospitali-
3511 3321 3766 3377 ¹⁶⁸⁰⁸¹²⁸²¹·

582 3463 756 3545 tatis
800 3463 1303 3548 incommodis
1338 3464 1681 3574 quinque
1731 3464 1828 3547 de
1879 3476 2184 3547 centum
2231 3464 2511 3547 marcis
2555 3466 2653 3548 de
2695 3462 3209 3548 oblationibus
3267 3488 3402 3545 eo—

580 3594 851 3679 clesiae
894 3595 1338 3704 percipiant.
1382 3589 1385 3594 ’

744 3790 870 3870 (cf.
915 3808 1093 3868 supra
1110 3836 1131 3866 ,
1170 3809 1234 3869 p.
1277 3800 1420 3853 577.
1458 3791 1845 3871 Prlvilegium
1876 3792 2164 3853 ineditum
2197 3809 2357 3853 nune
2382 3796 2680 3872 integrum
2707 3793 2919 3853 damus
2961 3808 3039 3853 ex
3081 3790 3400 3868 exemplari

819 3902 992 3976 cujus
1018 3897 1190 3958 nobis
1222 3897 1538 3958 liberaliter
1561 3899 1793 3976 coptam
1816 3897 1958 3960 fecit
1987 3897 2368 3960 Boehmerus.
2398 3898 2588 3959 Adest
2618 3898 2901 3977 originale
2935 3914 3070 3958 eum
3103 3898 3296 3975 sigillo
3335 3898 3400 3957 ln

821 4004 1064 4064 archivo
1087 4002 1606 4083 Dusseldorfensi.>

674 4175 791 4260 Η.,
835 4175 960 4246 Dei
1003 4175 1221 4268 gratia
1263 4175 1726 4249 Romanorum
1766 4198 1895 4250 rex
1926 4187 1996 4249 et
2030 4199 2300 4274 semper
2337 4186 2711 4283 augustuS,
2749 4177 3092 4251 universis
3128 4176 3399 4272 imperii

583 4296 935 4392 fidelibus,
982 4299 1240 4393 quibus
1285 4320 1575 4396 presens
1616 4301 1946 4397 scriptum
2001 4303 2387 4378 exhibitum
2437 4303 2681 4395 fuerit,
2732 4302 3036 4397 graciam
3081 4324 3281 4375 suam
3331 4310 3403 4375 et

643 4549 729 4623 (4)
766 4550 981 4623 Legitur
1004 4556 1183 4609 autem
1207 4551 1264 4608 in
1292 4550 1431 4610 libro
1454 4551 1693 4610 Platinae
1722 4570 1736 4610 ε
1767 4572 1796 4607 a
1825 4553 1964 4610 Ann.
1994 4554 2141 4613 dom.
2178 4553 2382 4613 incarn.
2409 4553 2862 4626 ΜΟΟΧΧΧῙΙῙ,
2894 4560 3083 4628 quarto
3114 4553 3185 4613 id.
3219 4553 3401 4628 april.·,

586 4646 869 4705 indictione
898 4648 1147 4706 secunda.
1189 4668 1218 4703 ι
1247 4649 1395 4720 Quas
1432 4654 1589 4708 notas
1621 4650 1895 4709 evidenter
1922 4653 2209 4712 mendosas
2239 4653 2569 4711 correximus
2583 4696 2598 4725 ,
2625 4653 2753 4711 dum
2794 4669 2969 4726 neque
3001 4652 3069 4710 ad
3100 4668 3226 4709 ann.
3261 4654 3402 4709 ⁴233

585 4758 758 4817 neque
788 4743 957 4801 multo
983 4745 1164 4804 minus
1188 4746 1258 4804 ad
1283 4749 1425 4807 ⁴229
1445 4747 1533 4806 cui
1557 4748 1793 4807 secunda
1821 4749 2110 4824 respondet
2130 4749 2364 4823 indictio,
2396 4751 2774 4810 documentum
2800 4750 2986 4809 referri
3012 4749 3198 4823 possit.

742 4843 853 4908 IV.
895 4860 1010 4904 Pan
1030 4861 1075 4904 2.
2980 4858 3091 4911 120
