4500 5956
603 600 799 659 lnmcr.
832 599 924 674 7.]
1502 591 1904 653 ms'romA
1942 587 2533 650 DIPLoMA'rch.
3307 586 3432 650 629

1033 871 3003 887 ——--0-——-———-—————--——-———

711 1152 1127 1257 HenricuS,
1167 1150 1688 1234 Romanorum
1724 1174 1854 1229 rex
1874 1208 1896 1252 ,
1937 1146 2369 1256 principum
2412 1147 2741 1228 dictante
2779 1150 3146 1232 sententia
3170 1213 3192 1257 ,
3234 1178 3433 1259 pos-
3527 1179 3763 1276 affl..

615 1287 1024 1369 sessionem
1063 1285 1358 1396 argenti
1404 1283 1843 1366 fodinarum
1879 1294 1953 1364 et
1988 1282 2413 1364 fossionum
2465 1282 2843 1363 montium
2879 1310 3014 1390 per
3048 1284 3432 1395 Brisgau-
3523 1290 3568 1330 1‘
3592 1264 3813 1329 “¹³¹⁸‘'ss

616 1419 844 1526 viam,
888 1443 1117 1526 super
1161 1443 1319 1526 qua
1353 1417 1551 1497 inter
1588 1414 2108 1497 marchionem
2144 1413 2240 1495 de
2273 1413 2533 1495 Baden
2572 1425 2646 1495 et
2681 1415 3034 1497 comitem
3061 1418 3157 1498 de
3195 1417 3438 1500 Urach

615 1552 708 1632 lis
748 1551 1213 1655 vertebatur,
1265 1551 1366 1632 ad
1410 1548 1821 1631 Henricum
1874 1548 2314 1655 episcopum
2367 1557 2441 1629 et
2501 1547 2895 1629 ecclesiam
2949 1549 3443 1634 Basiliensem

621 1685 988 1793 pertinere
1021 1682 1387 1766 decernit.

777 1896 971 1976 (Edit.
1000 1915 1098 1974 ap.
1127 1898 1500 1968 Tnomur,
1532 1894 1794 1955 Manum.
1828 1891 1897 1953 de
1923 1890 2159 1954 ἴέυέεΙιέ
2185 1891 2255 1953 de
2283 1891 2461 1973 Bate,
2491 1900 2533 1954 t.
2572 1895 2624 1968 Ι,
2654 1913 2717 1972 p.
2749 1904 2864 1955 530
2883 1938 2900 1970 ,
2928 1906 2996 1955 η·
3024 1906 3171 1972 356,
3201 1915 3277 1959 ex
3304 1898 3436 1961 cod.

855 2005 1163 2081 diplomat.
1193 2004 1404 2064 eccles.
1433 2002 1643 2075 Basn„
1674 2000 1780 2062 fol.
1808 2008 1885 2060 49
1916 1998 2000 2078 h.)

710 2201 786 2270 In
819 2200 1099 2271 nomine
1128 2207 1362 2270 sancte
1393 2208 1462 2269 et
1497 2195 1862 2268 individue
1895 2193 2270 2269 Trinitatis.
2326 2196 2684 2268 Heinricus
2717 2194 2958 2269 divina
2993 2200 3268 2274 favente
3304 2204 3445 2277 cle-

626 2324 873 2394 mentia
893 2345 1024 2394 rex
1057 2323 1521 2394 Romanorum
1548 2342 1819 2415 semper
1844 2329 2216 2414 augustuS,
2265 2322 2608 2393 universis
2627 2322 2896 2415 imperii
2921 2321 3245 2398 fidelibus
3265 2327 3447 2402 hanc

626 2443 912 2519 litteram
953 2446 1361 2541 inspecturis
1409 2447 1699 2538 gratiam
1743 2467 1941 2516 suam
1983 2453 2052 2516 et
2093 2467 2298 2518 omne
2331 2446 2618 2517 bonum.
2665 2445 2949 2517 Noverit
2983 2457 3117 2519 tam
3172 2473 3447 2544 presens

628 2578 764 2641 etas
802 2592 1013 2663 quam
1045 2590 1446 2642 successura
1473 2569 1839 2663 posteritas
1860 2568 2052 2663 quod
2086 2591 2246 2639 cum
2272 2566 2357 2640 lis
2389 2579 2459 2639 et
2494 2564 2841 2640 contentio
2870 2580 3246 2643 verteretur
3272 2577 3448 2649 inter

630 2695 1086 2765 Hermannum
1122 2693 1587 2765 marchionem
1617 2693 1706 2765 de
1725 2693 1960 2765 Baden
1990 2702 2059 2764 et
2092 2694 2406 2765 comitem
2444 2694 2840 2785 Egenonem
2867 2692 2956 2764 de
2980 2695 3200 2767 Urach
3238 2720 3446 2792 super

631 2817 882 2910 argenti
915 2813 1169 2888 fodinis
1195 2823 1265 2887 et
1295 2815 1709 2887 fossionibus
1737 2816 2076 2888 montium
2116 2838 2238 2909 per
2261 2813 2739 2907 Brisgauviam
2761 2817 3175 2910 constitutis,
3216 2842 3446 2895 coram

633 2940 820 3012 nobis
850 2949 921 3012 et
951 2939 1417 3035 principibus,
1465 2938 1783 3011 videlicet
1819 2941 1889 3012 S.
1928 2939 2310 3011 venerabili
2349 2939 2854 3032 Moguntinensi
2892 2941 3438 3041 archiepiscopo,

635 3064 1012 3137 Ekenberto
1053 3063 1596 3156 Babinbergensi
1630 3063 1986 3157 episcopo,
2030 3064 2100 3133 S.
2150 3063 2625 3156 Ratisponensi
2668 3064 3023 3158 episcopo,
3076 3067 3450 3163 imperialis

636 3189 781 3259 aule
823 3187 1264 3276 cancellario,
1310 3186 1385 3256 C.
1421 3187 1671 3258 abbate
1693 3187 1924 3257 Sancti
1960 3185 2132 3259 Galli
2171 3196 2238 3257 et
2268 3186 2547 3257 Alberto
2584 3185 2762 3258 duce
2789 3191 3113 3277 Saxonie‚
3159 3191 3450 3288 aliisque

638 3311 1157 3405 quampluribus
1190 3310 1631 3403 magnatibus
1660 3310 1976 3405 imperii,
2031 3319 2100 3382 et
2131 3309 2491 3381 hincinde
2519 3311 2752 3382 multis
2776 3310 3452 3409 discep[ta]tionibus

642 3434 1093 3525 dissentirent,
1109 3434 1403 3506 dilectus
1416 3435 1737 3528 princeps
1749 3433 2354 3505 nosterHeinricus
2368 3434 2760 3505 Basiliensis
2775 3436 3054 3531 episcop
3063 3462 3143 3509 us
3161 3463 3453 3531 surgens

643 3559 912 3631 emedio
939 3580 1062 3652 per
1088 3558 1436 3630 sufficiens
1455 3557 1923 3629 testimonium
1952 3556 2470 3651 privilegiorum
2496 3579 2806 3648 suorum,
2839 3560 3110 3631 testium
3129 3563 3445 3656 aliorum,

643 3679 978 3773 predictas
1024 3681 1291 3774 argenti
1344 3679 1615 3753 fodinas
1666 3688 1736 3752 et
1786 3680 2117 3753 fossiones
2150 3681 2509 3752 Basiliensi
2554 3678 2842 3753 ecclesie
2864 3681 2953 3754 de
2978 3686 3452 3760 collationibus

646 3802 1120 3898 imperatorum
1159 3826 1240 3876 ac
1272 3825 1514 3897 regum
1553 3802 1760 3898 pleno
1790 3804 1948 3894 jure
1982 3804 2271 3875 attinere
2307 3802 2604 3876 obtinuit
2645 3817 2714 3877 et
2748 3806 2989 3895 evicit;
3038 3811 3453 3901 usqueadeo

647 3929 819 4019 quod
858 3929 1015 4000 talis
1057 3930 1197 4000 lata
1242 3936 1348 3999 est
1392 3928 1729 4000 sententia
1774 3936 1845 3999 et
1886 3926 1977 3999 ab
2007 3927 2331 3998 omnibus
2373 3928 2783 4021 approbata,
2833 3930 3034 3999 etiam
3073 3933 3452 4007 astantibus

648 4051 1089 4143 adversariis,
1132 4073 1364 4124 coram
1408 4052 1610 4124 nobis
1644 4060 1713 4122 et
1762 4050 2193 4145 principibus
2232 4052 2605 4144 prenotatis
2640 4052 2832 4144 quod
2878 4051 3207 4147 deinceps
3244 4077 3455 4150 super

649 4175 892 4248 eisdem
921 4175 1229 4270 gaudere
1255 4174 1536 4247 deberet
1561 4174 1990 4271 possessione
2020 4172 2303 4268 pacifica
2329 4183 2396 4245 et
2425 4171 2824 4267 tranquilla,
2870 4185 2939 4246 et
2970 4197 3012 4247 a
3040 4177 3229 4248 nullo
3246 4201 3454 4273 super

651 4301 1045 4396 proprietate
1085 4298 1491 4372 earumdem
1538 4297 1804 4393 argenti
1849 4298 2241 4370 fodinarum
2271 4307 2339 4370 et
2371 4298 2747 4370 fossionum
2769 4302 2927 4391 jure
2966 4301 3201 4394 previo
3240 4306 3456 4397 possit

654 4424 749 4493 vel
786 4423 1073 4495 deberet
1116 4423 1206 4493 ab
1256 4423 1491 4515 aliquo
1534 4421 1976 4516 postmodum
2016 4421 2395 4515 impulsari.
2445 4421 2555 4494 Ad
2592 4425 2791 4515 cujus
2832 4425 3164 4495 sententie
3200 4438 3453 4498 certam

659 4545 1058 4619 evidentiam
1118 4555 1188 4618 et
1231 4545 1445 4618 robur
1488 4546 1561 4616 in
1613 4556 1964 4640 posterum
2032 4546 2438 4638 valiturum,
2503 4568 2786 4641 presens
2842 4548 3172 4643 scriptum
3230 4549 3457 4642 sigillo

661 4681 869 4743 nostro
884 4670 1223 4762 jussimus
1244 4669 1676 4742 communiri.
