4500 5956
1616 624 1998 685 ADDENDA
2047 628 2148 687 ET
2194 622 2745 688 CORRIGENDA.
3431 627 3586 689 1045

1089 760 1395 820 civitatum
1428 756 1784 819 Lombardie
1814 757 2086 819 fidelibus
2122 760 2352 835 imperii
2392 760 2642 837 gratiam
2680 772 2850 817 suam
2884 762 2945 817 et
2985 772 3161 818 omne
3197 757 3443 821 bonum.
3474 760 3579 822 Di-

1086 864 1268 926 lectos
1292 862 1496 924 fideles
1520 868 1757 924 nostros
1771 906 1791 937 ,
1812 869 1952 938 ete„
1973 870 2044 925 ut
2058 880 2261 943 sum,
2272 881 2343 942 p.
2364 872 2510 937 695,
2524 879 2702 943 usque
2726 859 2808 922 ad
2828 865 3339 939 transmittendos3
3370 865 3577 927 dantes

1085 971 1169 1031 e1s
1204 971 1613 1030 auctoritatem
1638 974 1698 1029 et
1731 969 2050 1046 plenarIam
2083 973 2434 1044 potestatem
2458 969 2781 1041 tractandi,
2809 968 3141 1043 ordinandi,
3170 972 3572 1047 promittendi,

1083 1076 1497 1154 promissIones
1521 1074 1844 1152 aecipiendi
1860 1118 1880 1148 ‚
1906 1076 1972 1133 in
1997 1075 2256 1135 animam
2278 1079 2544 1135 nostram
2563 1074 2837 1150 jurandi,
2859 1077 3198 1152 juramenta
3224 1092 3261 1135 a
3285 1075 3455 1136 nobis
3480 1092 3575 1137 re-

1084 1181 1339 1259 cipiendi
1365 1187 1424 1240 et
1450 1181 1566 1240 alia
1597 1179 1850 1240 faciendi
1872 1196 1990 1256 que
2011 1179 2185 1240 nobis
2210 1179 2468 1239 viderint
2493 1180 2802 1256 expedire3
2831 1185 3028 1242 ratum
3053 1187 3112 1240 et
3136 1179 3378 1241 firmum
3403 1181 3575 1241 habi-

1081 1289 1202 1348 turi
1230 1286 1514 1363 quiequid
1548 1301 1650 1361 per
1682 1286 1841 1362 ipsos
1866 1301 2044 1361 super
2076 1286 2376 1361 premissis
2400 1284 2582 1345 fuerit
2612 1285 2970 1347 ordinatum.
3000 1285 3085 1347 Ut
3113 1292 3311 1347 autem
3337 1286 3413 1348 ab
3440 1290 3576 1348 uni-

1082 1394 1359 1453 versitate
1383 1397 1581 1453 vestra
1619 1391 1894 1468 predictis
1918 1388 2067 1451 fides
2093 1391 2319 1466 plenior
2343 1390 2712 1469 adhibeatur,
2736 1397 3062 1468 presentem
3099 1393 3358 1453 litteram
3399 1409 3575 1470 super

1082 1498 1199 1559 hoe
1241 1496 1529 1558 conscribi
1570 1496 1821 1557 fecimus
1859 1503 1920 1557 et
1957 1497 2151 1576 sigillo
2190 1504 2392 1558 nostre
2435 1498 2797 1560 celsitudinis
2841 1500 3129 1577 insigniri.
3159 1496 3376 1561 Datum
3417 1500 3576 1576 apud

1080 1605 1395 1683 Ezelingen
1407 1647 1427 1678 ,
1455 1604 1590 1664 idus
1617 1603 1986 1679 novembris,
2016 1605 2336 1665 indictione
2361 1610 2593 1667 octava.

761 1737 834 1799 P.
866 1745 1011 1815 708,
1037 1735 1141 1797 lin.
1177 1744 1235 1804 6,
1267 1732 1597 1796 addendum
1616 1736 1683 1795 in
1707 1736 1969 1817 maryt'ne
2002 1721 2358 1818 ,ῗΡᾶἰζζῗώ

761 1870 833 1932 Ρ.
865 1879 1006 1944 727,
1035 1870 1142 1931 lin.
1175 1878 1237 1945 6,
1266 1886 1349 1929 an
1371 1886 1619 1929 unsrun
1645 1885 2062 1943 snm-mm,
2088 1866 2490 1949 con-iqendum
2510 1884 2593 1927 u>
2614 1884 2859 1929 mmm
2882 1884 3263 1929 :mmmmm

761 2004 835 2068 P.
867 2012 1011 2083 789,
1038 2007 1168 2063 not.
1200 2009 1259 2075 2,
1280 2007 1418 2080 post
1441 2001 1816 2075 arbitramur,
1845 1997 2173 2061 addendum
2193 2020 2213 2058 .·
2237 2001 2412 2076 Quod
2429 2001 2764 2076 expressIus
2788 2006 2958 2060 notat
2976 2000 3257 2062 Aibertns
3272 2000 3571 2065 stadensis

1077 2107 1155 2168 ad
1195 2123 1335 2167 ann.
1372 2115 1549 2178 1235,
1595 2105 1691 2166 his
1726 2105 1922 2166 verbis
1950 2124 1968 2166 ε
2008 2125 2041 2164 α
2074 2106 2397 2183 Imperator
2438 2105 2636 2167 medio
2676 2112 2925 2183 augusto
2963 2109 3190 2167 curiam
3231 2107 3571 2187 Moguntiae

1076 2211 1414 2273 celebravit.
1446 2211 1539 2272 Ibi
1561 2210 1754 2272 fllium
1788 2227 1965 2272 suum
1993 2213 2314 2273 Henrieum
2339 2210 2455 2273 sibl
2493 2214 2828 2291 oppositum
2863 2228 3041 2291 reguo
3064 2214 3322 2291 privavit
3346 2220 3408 2276 et
3432 2232 3570 2277 eum

1076 2319 1141 2379 in
1167 2317 1500 2380 Calabriam
1527 2318 1912 2379 detinendum
1935 2319 2117 2379 misit.
2149 2336 2183 2375 n

756 2450 827 2512 P.
859 2458 998 2526 802,
1029 2447 1114 2511 ad
1135 2450 1342 2509 calcem
1377 2456 1547 2510 notae
1577 2457 1601 2510 1
1631 2446 1963 2510 addendum
1987 2468 2010 2506 .·
2035 2448 2196 2510 Alibi
2237 2466 2476 2530 quoque
2512 2451 2729 2531 legitur
2766 2449 2836 2510 de
2870 2450 3267 2529 Monoetaniis,
3295 2451 3459 2531 quod
3484 2451 3558 2513 D.

1075 2555 1343 2618 Vaissete
1367 2557 1779 2633 interpretatur
1804 2556 2194 2618 Mometaines.

754 2687 825 2748 P.
861 2695 1001 2762 818,
1031 2686 1140 2749 lin.
1178 2695 1250 2747 14
1278 2691 1338 2746 et
1369 2695 1468 2766 15,
1495 2686 1727 2747 civibus
1753 2685 2279 2765 Argentinensibus
2301 2703 2409 2763 pro
2434 2686 2664 2747 devotis
2696 2702 2900 2747 eornm
2929 2689 3185 2748 servitiis
3216 2702 3318 2748 eos
3351 2688 3417 2746 in
3456 2703 3564 2747 sua

1073 2793 1340 2870 speciali,
1372 2797 1513 2867 ete„
1543 2787 1846 2871 leqendum
1877 2794 2038 2853 cives
2076 2792 2533 2871 Argentinenses
2567 2808 2675 2870 pro
2709 2791 2936 2853 devotis
2961 2808 3168 2852 eorum
3206 2793 3458 2853 servitiis
3496 2793 3558 2851 in

1072 2915 1183 2960 sua
1216 2898 1483 2977 speciali,
1513 2903 1630 2959 ete.

752 3032 824 3095 P.
856 3040 997 3107 887,
1028 3033 1137 3093 lin.
1168 3041 1228 3102 6.
1256 3033 1332 3095 Ν.
1362 3031 1723 3092 Secowensis
1747 3033 2076 3109 episcopus,
2108 3027 2409 3112 leyendum
2426 3032 2504 3092 H.
2531 3030 2891 3092 Secowensis
2915 3031 3245 3108 epIseopus.

753 3165 830 3227 P.
861 3174 1002 3237 940,
1033 3165 1143 3226 lin.
1176 3172 1271 3237 19,
1292 3169 1431 3244 post
1453 3180 1577 3223 non
1601 3164 1773 3241 plane
1797 3165 2039 3237 seimus,
2057 3160 2386 3224 addendum
2405 3183 2428 3222 .·
2444 3163 2784 3225 Notandum
2809 3169 3009 3224 tamen
3036 3168 3146 3237 est,
3169 3167 3241 3224 ut
3258 3178 3371 3223 nos
3395 3161 3564 3223 Stae-

1069 3271 1226 3331 linus
1252 3271 1517 3344 monuit,
1546 3268 1661 3330 hoc
1688 3268 1951 3346 diploma
1983 3271 2173 3348 primo
2197 3270 2382 3331 fuisse
2415 3271 2645 3332 editum
2675 3271 2753 3331 ad
2788 3268 2969 3330 fldem
3002 3269 3313 3348 cujusdam
3351 3270 3566 3330 veteris

1071 3378 1439 3455 germanicae
1486 3378 1774 3437 versionis
1815 3378 1881 3436 in
1923 3376 2164 3438 archivo
2204 3376 2712 3456 Konigsbergense
2753 3381 3086 3437 asservatae
3102 3417 3121 3450 ,
3164 3374 3269 3436 ubi
3303 3375 3517 3454 legitur
3547 3395 3563 3436 ε

1074 3501 1108 3541 ι
1138 3484 1230 3543 Im
1257 3484 1382 3544 iare
1408 3483 1514 3543 der
1534 3482 1746 3560 geburt
1770 3482 1876 3543 des
1899 3482 2121 3544 Hei-ren
2145 3480 2556 3558 MCCXXXII,
2584 3486 2669 3545 im
2692 3482 2809 3545 VII
2830 3481 3110 3561 monden,
3135 3487 3277 3555 etc„
3311 3500 3344 3539 n
3375 3497 3562 3558 quum

1067 3605 1373 3667 perperam
1410 3589 1727 3649 translator
1756 3588 1994 3667 septimo
2019 3605 2126 3665 pro
2149 3586 2455 3669 septembri
2477 3588 2705 3668 legerit.
2740 3587 2873 3662 Quo
2905 3603 3098 3649 errore
3134 3588 3396 3648 vicissim
3438 3586 3563 3646 Na-

1065 3695 1308 3773 piersky
1345 3694 1623 3772 deceptus
1638 3739 1657 3772 ,
1684 3694 1843 3755 idem
1868 3694 2293 3756 documentum
2317 3695 2395 3756 ad
2431 3709 2690 3755 mensem
2718 3694 2972 3770 julium,
3011 3697 3216 3770 utpote
3253 3693 3397 3751 anni
3431 3706 3558 3767 sep-

1065 3802 1277 3861 timum
1292 3842 1311 3874 ,
1343 3801 1709 3860 memoravit.

743 3931 817 3995 P.
852 3940 993 4008 941,
1026 3933 1131 3995 lin.
1166 3941 1265 4006 20,
1294 3934 1458 3994 omni
1481 3933 1689 4008 modo,
1719 3927 2023 4014 qumdum
2052 3933 2350 3994 ammodo.

814 4062 996 4143 lbid„
1025 4066 1133 4129 lin.
1165 4073 1266 4142 29,
1297 4067 1658 4141 soluturum,
1690 4062 1990 4146 quendum
2012 4062 2334 4126 soluturus.

1647 4398 2695 4452 —---=-=30006-———
