4500 5956
631 619 822 680 Innuet.
854 616 942 695 9.]
1524 616 1917 681 HISTORIA
1967 617 2553 681 DIPLOMATICA.
3328 622 3449 685 839

732 1137 961 1222 Beata
1029 1137 1421 1221 Elizabeth
1477 1138 1599 1250 (1)
1663 1140 1745 1224 in
1797 1140 2159 1251 Marpurg
2211 1141 2580 1224 translata
2632 1147 2746 1222 est
2807 1139 3155 1224 kalendis
3209 1144 3439 1252 maii,

630 1282 1018 1379 praesente
1052 1272 1506 1382 imperatore
1541 1283 1617 1356 et
1658 1272 1920 1355 multis
1963 1274 2460 1383 principibuS.
2503 1274 2747 1356 Tanta
2791 1273 2896 1356 ibi
2948 1284 3112 1356 erat
3163 1274 3443 1358 multi-

629 1405 812 1487 tudo
861 1404 1267 1487 hominum
1320 1414 1691 1515 quantam
1746 1431 1827 1488 se
1879 1431 2105 1487 nemo
2168 1431 2514 1514 unquam
2569 1406 2914 1487 meminit
2965 1407 3243 1514 pariter
3296 1434 3442 1490 as-

630 1536 946 1644 pexisse.
964 1593 1019 1619 ..
1061 1537 1372 1620 Postera
1405 1538 1529 1620 die
1571 1537 1984 1646 imperator
1998 1538 2131 1620 ivit
2146 1538 2650 1620 Wetflariam.
2694 1538 3010 1620 Annam.
3052 1539 3439 1647 SrAnaNS„

631 1669 723 1749 ad
757 1694 941 1751 ann.
984 1696 1065 1778 p.
1100 1672 1294 1752 210.
1317 1670 1607 1754 —Hoc
1642 1677 1847 1753 anno
1876 1669 2225 1752 kalendis
2261 1670 2444 1751 maii
2480 1669 2834 1753 Marburc
2868 1672 3261 1754 translatio
3298 1699 3442 1756 so-

628 1801 899 1883 lemnis
935 1801 1136 1884 facta
1170 1815 1285 1885 est
1321 1813 1625 1885 sanctae
1658 1803 2045 1887 Elizabeth
2066 1864 2090 1906 ,
2143 1812 2537 1912 praesente
2570 1803 2950 1886 Friderico
2996 1805 3447 1913 imperatore

630 1957 716 2013 ac
750 1931 996 2016 tribus
1051 1934 1634 2043 archiepiscopis
1673 1934 2156 2045 Moguntino,
2203 1934 2669 2038 Coloniensi,
2720 1935 3137 2018 Bremensi.
3181 1937 3319 2020 Ubi
3353 1964 3447 2022 ex

629 2064 829 2146 illius
862 2065 1165 2149 ossibus
1201 2067 1457 2150 oleum
1495 2067 2054 2150 evidentissime
2089 2067 2515 2150 desudavit.
2558 2067 2897 2151 chronic.
2939 2067 3259 2176 Ersord.
3311 2096 3438 2179 ap.

627 2194 1006 2305 Boanum,
1046 2206 1338 2298 Fontes,
1385 2210 1443 2282 t.
1496 2199 1599 2305 11,
1650 2228 1734 2310 p.
1775 2203 1963 2285 596.
1995 2200 2558 2309 —Imperator
2610 2200 2896 2283 interea
2930 2202 3317 2286 descendit
3364 2204 3446 2284 in

628 2338 961 2413 castrum
996 2332 1286 2414 dictum
1341 2332 1751 2418 Marburch
1765 2393 1789 2435 ,
1852 2332 1988 2416 ubi
2040 2333 2121 2414 in
2190 2331 2542 2416 kalendis
2612 2333 2796 2415 maii
2865 2334 3444 2419 innumerabilis

627 2463 885 2571 populi
922 2462 1136 2547 affuit
1169 2464 1610 2548 multitudo.
1652 2465 1850 2551 Nam
1887 2490 1936 2547 a
1972 2464 2237 2547 multis
2273 2464 2778 2576 prudentibus
2804 2466 3206 2549 duodecies
3241 2494 3441 2549 cen-

630 2604 789 2677 tum
851 2594 1096 2677 millia
1167 2597 1575 2679 hominum
1619 2597 2032 2707 promiscui
2088 2623 2316 2680 sexus
2360 2597 2710 2681 estimata
2771 2608 2951 2680 sunt
3001 2600 3443 2682 convenisse

630 2727 725 2811 ad
752 2727 1204 2810 memoriam
1241 2737 1554 2813 sanctae
1603 2730 1878 2814 viduae
1927 2728 2321 2813 Elizabeth
2346 2787 2370 2834 ,
2426 2728 2646 2838 cujus
2691 2727 3120 2839 glorificum
3165 2755 3441 2838 corpus

630 2860 725 2942 ad
772 2886 1082 2971 capsam
1138 2888 1453 2947 auream
1504 2872 1623 2945 est
1673 2861 2132 2946 translatum
2184 2862 2627 2944 auctoritate
2681 2861 2963 2943 summi
3017 2861 3390 2969 pontificis
3414 2923 3438 2969 ‚

629 2992 756 3102 qui
789 2995 941 3077 hoc
973 2996 1370 3105 negotium
1413 2997 1658 3080 tribus
1700 2997 2071 3107 episcopis
2116 2994 2535 3104 commisit,
2571 2994 2918 3079 videlicet
2963 2996 3438 3105 MaguntinO,

629 3125 1063 3211 Treverensi
1116 3140 1191 3211 et
1232 3129 1812 3233 Hildesemensi‚
1871 3154 2322 3239 quanquam
2371 3128 2481 3211 ibi
2533 3127 2756 3212 multi
2808 3128 2936 3210 alii
2990 3129 3317 3238 episcopi
3370 3140 3448 3213 et

629 3258 1000 3368 principes
1073 3259 1492 3344 affuissent.
1566 3261 1738 3372 Ipse
1798 3260 2028 3343 etiam
2096 3260 2511 3368 imperator
2577 3260 2876 3369 primus
2934 3259 3269 3369 lapidem
3350 3262 3447 3344 de

634 3393 1098 3502 sarcophago
1158 3392 1434 3477 levavit
1502 3403 1581 3477 et
1646 3418 2014 3477 coronam
2082 3417 2396 3475 auream
2461 3391 2560 3474 de
2629 3417 2771 3475 suo
2819 3390 3178 3477 thesauro
3233 3420 3448 3479 sacro

632 3523 851 3633 capiti
903 3526 1425 3609 sanctissimae
1476 3525 1750 3610 viduae
1803 3526 2195 3635 imposuit.
2254 3524 2369 3609 Ibi
2425 3534 2724 3636 praeter
2778 3524 3024 3608 multa
3077 3526 3447 3611 miracula

631 3655 880 3739 oleum
916 3659 1015 3742 de
1068 3685 1283 3742 sacro
1325 3683 1643 3768 corpore
1677 3657 1995 3764 effluxit,
2035 3668 2180 3741 etc.
2221 3657 2541 3741 Gonsrn.
2587 3656 2851 3741 Conon.
2897 3683 3021 3765 ap.
3063 3658 3444 3763 Boenasa,

634 3794 915 3889 Fontes,
963 3799 1022 3872 t.
1063 3791 1162 3893 ΙΙ,
1195 3817 1274 3899 p.
1320 3793 1508 3874 568.
1550 3837 1660 3855 —
1697 3789 1815 3874 Cf.
1857 3791 2051 3873 Hist.
2092 3802 2405 3872 monast.
2443 3797 2524 3871 S.
2566 3794 2793 3869 Laur.
2836 3791 3053 3871 Leod.
3088 3814 3212 3898 ap.
3248 3789 3450 3873 Min-

632 3947 839 4029 ·rmvs,
900 3924 1202 4005 collect.
1255 3922 1634 4033 ampliss.,
1677 3930 1736 4006 t.
1778 3922 1908 4032 IV,
1948 3948 2027 4032 p.
2079 3922 2312 4003 1098.

2653 4087 2745 4094 “-

702 4156 768 4231 (t)
801 4157 1098 4231 Elisabeth,
1127 4160 1373 4219 Andreae
1396 4160 1539 4234 regis
1564 4160 1935 4233 Hungaromm
1961 4159 2098 4230 filia,
2132 4156 2382 4216 Ludovici
2406 4155 2727 4230 Thuringiae
2754 4154 3035 4228 lantgravii
3067 4171 3221 4228 uxor,
3253 4161 3322 4214 49
3353 4173 3446 4215 no-

633 4255 808 4313 vemb.
840 4260 971 4314 ⁴2:3⁴
1018 4258 1253 4316 decessit
1280 4259 1421 4334 apud
1461 4259 1715 4331 Marburg
1743 4258 1835 4315 ubi
1875 4258 2089 4331 sepulta
2124 4254 2395 4313 miraculis
2427 4252 2639 4311 claruit.
2681 4253 2835 4310 Anno
2871 4257 3011 4312 4235
3044 4257 3105 4311 ⁴⁰
3125 4255 3262 4328 junii
3293 4270 3448 4314 sanc·

635 4355 804 4408 torum
829 4354 1071 4428 catalogo
1092 4370 1126 4412 a
1153 4355 1414 4430 Gregorio
1441 4370 1585 4429 papa
1608 4354 1711 4411 fuit
1735 4355 2024 4429 adscripta.
2064 4351 2401 4412 Lutherianis
2427 4348 2756 4424 temporibus
2772 4350 2891 4423 ejus
2912 4365 3039 4409 ossa
3065 4350 3134 4408 ad
3153 4353 3446 4425 vitandam,

634 4452 694 4504 ut
713 4449 989 4523 dicebant,
1020 4454 1473 4527 superstitionem,
1502 4452 1558 4509 in
1582 4451 1774 4524 angulo
1802 4452 2061 4509 ecclesiae
2087 4450 2400 4508 abscondita
2419 4449 2512 4505 diu
2531 4448 2816 4519 latuerunt,
2837 4463 3067 4521 quorum
3087 4464 3216 4522 pars
3239 4450 3453 4508 inventa

636 4545 845 4605 tandem
873 4548 974 4605 fuit
989 4552 1059 4608 20
1084 4550 1204 4623 julii
1235 4552 1397 4621 ⁴854,
1423 4550 1553 4607 dum
1580 4548 1953 4606 restaurationi
1980 4547 2243 4605 ecclesiae
2270 4545 2486 4619 opifices
2512 4560 2705 4619 manus
2730 4545 3093 4604 admoverent.
3124 4548 3299 4621 Capsa
3321 4564 3452 4605 auro

635 4647 690 4698 et
715 4646 938 4716 gemmis
970 4647 1219 4705 decorata
1248 4654 1304 4705 et
1334 4663 1498 4707 aurea
1521 4662 1719 4705 corona
1744 4662 1899 4704 sacro
1922 4646 2084 4720 capiti
2108 4644 2360 4718 imposita
2382 4645 2498 4716 jam
2522 4643 2723 4700 dudum
2736 4644 3084 4718 spoliatorum
3105 4645 3452 4719 rapacitatem

638 4752 739 4795 non
761 4748 1065 4801 evaserant.
1096 4743 1177 4802 Cf.
1206 4760 1347 4818 quae
1372 4744 1638 4803 notaverit
1666 4743 2026 4816 Boanum,
2048 4742 2256 4816 Rege-st.
2279 4741 2532 4817 imperii,
2561 4757 2619 4816 p.
2652 4743 2775 4799 ⁴66.

3561 1166 3793 1222 naburg,

3582 1226 3630 1266 1·
3648 1223 3774 1266 mali.
