4500 5956
1577 647 1835 708 INDEX
1884 647 2583 709 DOCUMENTORUM.
3366 650 3489 709 963

682 847 900 923 1252
3285 886 3294 921 i
3313 906 3320 919 .

666 978 905 1051 januar.
1009 974 1350 1035 Ravennae.
1426 1004 1508 1022 —
1544 975 1641 1036 Ad
1674 992 1875 1052 preces
1902 978 2189 1040 nobilium
2229 979 2306 1038 de
2352 979 2634 1057 Honberg
2677 982 2742 1039 in
2786 980 3099 1059 Nordgan,
3129 983 3397 1044 concedit
3415 991 3488 1044 ut

1507 1070 1666 1131 bona
1688 1074 1950 1147 ipsorum
1975 1075 2134 1150 apud
2165 1074 2495 1135 Hocbstiidt
2534 1082 2594 1135 et
2626 1081 2884 1135 castrum
2914 1076 3323 1138 Pfaffenbol'en
3349 1096 3487 1139 cum

1504 1170 1872 1243 pertinentiis
1894 1176 1958 1230 ct
1978 1170 2220 1246 'juribus
2254 1173 2459 1232 comiti
2483 1173 2736 1232 Henrico
2761 1172 2836 1232 de
2862 1173 3198 1254 Ortenburg
3222 1175 3485 1254 obligare

1507 1264 1776 1338 valeant,
1805 1271 1869 1326 et
1907 1267 2053 1327 haec
2094 1270 2328 1344 imperii
2355 1268 2529 1329 feoda
2553 1271 2618 1328 in
2643 1268 2921 1330 manibus
2952 1271 3228 1348 praedicti
3256 1275 3488 1334 comitis

1506 1375 1699 1437 usque
1723 1362 1801 1422 ad
1829 1363 2288 1439 redemptionem
2318 1372 2717 1442 permaneant.
2807 1412 2828 1421 ,η
3059 1396 3062 1403 -
3175 1390 3176 1393 “
3337 1378 3484 1432 294

677 1454 913 1528 januar.
1012 1453 1352 1515 Ravennae.
1425 1488 1508 1499 --
1545 1456 1722 1517 Cives
1747 1457 2005 1519 Comacli
2024 1466 2311 1535 tanquam
2330 1462 2610 1537 speciales
2635 1462 2898 1522 homines
2923 1470 2984 1524 et
3006 1467 3322 1542 piscatores
3347 1485 3487 1529 snos

1502 1550 1620 1610 sub
1673 1555 2029 1627 protectione
2081 1571 2192 1615 sua
2242 1563 2305 1615 et
2356 1558 2614 1632 imperii
2630 1560 2871 1635 recipit,
2920 1561 3123 1637 eisque
3174 1563 3486 1626 confirmat

1505 1651 1899 1722 posseadones
1924 1656 1987 1711 et
2021 1655 2160 1727 jura
2196 1667 2351 1729 quae
2385 1655 2488 1712 >avi
2526 1660 2588 1714 et
2627 1657 2810 1731 patris
2854 1658 2949 1715 sui
2988 1659 3350 1735 temporibus
3389 1668 3484 1721 te-

677 1834 929 1901 februar.
1009 1840 1349 1902 Ravennae.
1424 1749 1867 1916 -nfflinissoe
1890 1841 1927 1899 J
1929 1841 2177 1902 ohannis
2204 1842 2544 1904 sabinensis
2585 1847 2872 1933 episcopt,
2898 1765 3484 1927 conventuffffissssf

1506 1935 1652 1996 lium
1709 1937 1960 1998 Sanctae
2014 1938 2237 2001 Man-iae
2279 1939 2354 2000 de
2401 1942 2642 2002 Battant
2680 1943 2978 2005 licentiam
3024 1950 3291 2010 concedit
3338 1967 3483 2012 con-

1504 2032 1767 2093 struendi
1813 2033 2053 2095 furnum
2097 2035 2255 2095 infra
2295 2039 2527 2098 moenia
2567 2040 2825 2101 civitatis
2859 2041 3199 2106 Bisuntinae
3223 2054 3283 2108 et
3308 2064 3484 2109 exco-

1503 2128 1667 2188 lendi
1721 2129 1803 2190 ad
1871 2147 2054 2192 unam
2112 2146 2420 2194 carrucam
2471 2134 2547 2194 de
2595 2137 2768 2198 terris
2818 2139 3057 2200 incultis
3115 2145 3180 2202 in
3232 2143 3361 2205 loco
3407 2145 3484 2206 de

1505 2224 1795 2287 Chaillou.
3366 2248 3482 2304 296

673 2315 930 2379 februar.
1009 2316 1345 2378 Ravennae.
1427 2351 1506 2366 —
1545 2321 1859 2383 Bertboldo
1886 2326 2252 2399 patriarchae
2271 2326 2674 2405 Aquilegiensi
2702 2335 3073 2406 protectionis
3100 2335 3320 2398 litteras
3346 2355 3488 2399 con-

1504 2418 1663 2477 cedit
1685 2419 1969 2480 adversus
1990 2421 2200 2483 Istr1ae
2216 2427 2688 2500 communitates,
2705 2430 3030 2504 specialiter
3051 2431 3278 2506 Polam,
3297 2436 3487 2512 Caput

854 2570 857 2575 ,
1504 2515 1711 2576 Istriae
1733 2522 1795 2577 et
1817 2518 2179 2581 Parentium.
3368 2540 3484 2593 298

683 2612 757 2666 2²
777 2604 930 2669 febr.
988 2605 1349 2670 Ravennae.
1423 2642 1505 2656 --
1543 2613 2037 2676 constitutionem
2075 2623 2323 2678 renovat
2357 2624 2567 2680 contra
2606 2635 2816 2682 omnes
2850 2627 2913 2683 ct
2944 2626 3252 2703 praecipue
3276 2636 3486 2689 contra

1503 2711 1838 2771 nominatos
1862 2712 2044 2790 hujus
2068 2717 2350 2790 temporis
2382 2716 2725 2778 haereticos.
3364 2735 3481 2787 298

680 2799 910 2860 martio.
1012 2802 1349 2865 Ravennae.
1427 2835 1506 2850 —
1546 2805 2040 2869 constitutionem
2065 2826 2233 2871 snam
2260 2814 2589 2889 generalem
2625 2820 2831 2875 contra
2869 2815 3193 2880 haereticos
3218 2823 3483 2896 promul-

1492 2916 1686 2980 »gans,
1713 2902 1925 2965 fratres
1962 2906 2186 2968 ordinis
2220 2909 2683 2984 praedicatorum
2717 2911 2794 2971 de
2818 2913 3170 2995 wirzeburg
3202 2933 3310 2994 pro
3342 2917 3485 2981 fidei

1504 3003 1741 3077 negotio
1762 3003 1824 3062 in
1853 3003 2117 3078 partibus
2142 3004 2507 3067 Tbeutoniae
2530 3007 2870 3087 deputatos,
2896 3009 3009 3069 sub
3035 3026 3145 3071 sua
3170 3020 3231 3073 et
3255 3016 3486 3092 imperii

1504 3096 1741 3171 speciali
1767 3099 1977 3173 recipit
2002 3098 2364 3159 defensione.
2567 3149 2570 3152 1
3370 3121 3486 3174 800

676 3186 923 3258 martio..
1009 3187 1342 3256 Ravennae.
1424 3222 1507 3238 -
1543 3192 1641 3254 Ad
1672 3209 1875 3269 preces
1900 3194 2146 3255 Gerardi
2181 3194 2517 3258 Bremensis
2559 3200 3012 3282 archiepiscopi,
3042 3205 3353 3269 confirmat
3376 3211 3490 3271 do-

922 3301 925 3306 ⁴
1252 3335 1255 3338 .
1505 3291 1803 3352 nationem
1844 3293 2147 3367 quondam
2188 3292 2278 3353 ,ab
2321 3294 2580 3355 Hem-ico
2629 3297 2890 3372 palatino
2931 3304 3143 3362 comite
3183 3302 3376 3366 Rheni
3430 3314 3492 3369 et

1388 3445 1389 3448 ,
1504 3386 1658 3448 duce
1698 3388 1989 3449 saxoniae
2035 3389 2312 3451 ecclesiae
2356 3392 2659 3454 Boemensi
2701 3393 2919 3457 factam
2936 3441 2955 3471 ,
2987 3404 3107 3459 tam
3146 3404 3208 3460 in
3237 3405 3490 3478 praediis

1505 3498 1684 3559 quam
1710 3487 1771 3543 in
1798 3486 2273 3547 ministerialibus
2297 3490 2636 3563 patrimonii
2661 3492 2948 3568 ejusdem.
3372 3509 3484 3563 808

683 3573 917 3634 martio.
1009 3573 1348 3637 Ravennae.
1424 3607 1509 3625 -
1545 3579 1928 3658 Privilegium
1981 3581 2060 3643 ab
2113 3599 2228 3644 avo
2279 3601 2386 3645 suo
2433 3586 2730 3648 Friderico
2773 3590 2804 3648 Ι
2841 3595 3197 3654 monasterio
3240 3594 3490 3657 Sanctae

1506 3673 1837 3737 christinae
1852 3680 2035 3753 juxta
2059 3680 2306 3756 Papiam
2329 3696 2486 3741 anno
2517 3690 2668 3743 1185
2695 3685 2993 3747 indultum
3008 3730 3027 3760 ,
3057 3691 3365 3751 inserendo
3393 3711 3490 3754 re-

1506 3777 1695 3834 novat
1715 3779 1778 3832 ct
1801 3771 2138 3845 confirmat,
2173 3781 2233 3834 et
2256 3777 2497 3852 insuper
2535 3778 2802 3857 indulget
2828 3787 2896 3841 ut
2921 3785 3088 3844 nulla
3112 3792 3489 3865 praescrIptio

808 3925 817 3940 .
1507 3870 1620 3928 nisi
1664 3873 2001 3929 centenaria
2039 3871 2228 3931 eidem
2277 3878 2631 3935 monasterio
2665 3878 3047 3953 praejudicet.
3373 3895 3485 3948 305

682 3957 916 4018 martio.
1015 3959 1351 4026 Ravennae.
1425 3995 1508 4011 -
1545 3963 1729 4025 Jubet
1772 3970 1841 4026 ut
1885 3968 2244 4044 quicumque
2270 3968 2449 4029 feuda
2483 3971 2577 4032 vei
2612 3978 2799 4033 terras
2835 3989 2876 4033 a
2909 3978 3121 4037 comite
3148 3978 3491 4043 Provinciae

1262 4117 1267 4128 ,
1370 4119 1375 4126 ,
1507 4067 1569 4120 et
1592 4059 1959 4124 Fulkalkerii
1985 4069 2212 4135 tenens,
2239 4079 2512 4141 guerram
2537 4071 2599 4126 et
2622 4068 3198 4135 seditionemcontra
3221 4078 3490 4152 praedic-

1507 4163 1637 4215 tum
1679 4159 1957 4216 comitem
2005 4162 2285 4233 moverit,
2326 4160 2548 4224 eisdem
2583 4165 2869 4246 privetur,
2897 4183 3051 4244 quae
3095 4169 3175 4231 ad
3213 4176 3487 4237 comitem

1505 4250 1922 4314 devolvantur.
3202 4277 3341 4344 808,
3374 4281 3490 4333 809

684 4345 918 4406 martio.
1044 4347 1328 4412 vomui..
1440 4375 1511 4392 -
1545 4349 1582 4407 J
1584 4347 1769 4409 acobo
1792 4349 2057 4425 Teupolo
2094 4299 2231 4410 duci
2266 4357 2329 4412 et
2368 4355 2479 4414 toti
2514 4356 2731 4432 populo
2755 4357 3134 4423 venetiarum
3161 4363 3491 4430 libertatem

1118 4489 1123 4498 a
1264 4489 1265 4492 η
1509 4448 1842 4506 commercii
1867 4448 1929 4505 in
1954 4462 2137 4524 regno
2176 4464 2287 4509 suo
2324 4449 2557 4512 Siciliae
2584 4453 2885 4533 indulget,
2916 4458 3140 4519 scillcet
3162 4460 3238 4521 de
3258 4464 3489 4541 juribus

1511 4539 1781 4603 dobanae
1804 4545 1870 4602 in
1893 4546 2193 4619 emptione
2219 4551 2282 4605 et
2306 4548 2642 4611 venditione
2665 4553 2984 4630 mercium,
3013 4555 3090 4616 de
3128 4564 3490 4624 testamentis

1512 4639 1859 4711 condendis,
1888 4641 1964 4701 de
1996 4641 2167 4701 bonis
2192 4645 2637 4727 intestatorum,
2673 4648 2750 4709 de
2784 4654 3167 4729 querimoniis
3189 4657 3487 4736 deponen-

1511 4735 1635 4811 dis,
1665 4735 1743 4797 de
1766 4737 2017 4799 navibus
2043 4740 2572 4822 naufragantibus,
2604 4751 2713 4807 etc.
3187 4763 3341 4835 309,
3375 4766 3488 4817 310
