4500 5956
542 589 740 651 lumen
776 588 868 664 7.]
894 604 901 609 ·
1441 584 1834 647 HISTORIA
1881 585 2468 649 DIPLOMATICA.
3240 594 3363 658 645

542 723 971 820 genitoribus
995 731 1064 795 et
1090 720 1618 815 imperatoribus
1637 721 1761 814 qui
1787 721 2105 796 eamdem
2129 724 2488 798 ecclesiam
2513 726 2830 820 primitus
2864 727 3356 821 fundaverunt,

543 856 608 919 et
650 847 834 918 sicut
869 851 1333 940 protestantur
1377 841 1565 916 idem
1604 843 1946 939 principes
1992 855 2063 918 et
2096 856 2455 941 magnates
2507 848 2631 943 qui
2664 869 2872 944 super
2908 849 3044 923 hoc
3080 871 3124 923 a
3159 852 3361 925 nobis

543 968 951 1062 generaliter
980 967 1294 1061 requisiti
1328 967 1629 1040 fuerunt.
1663 966 1881 1059 Igitur
1922 989 2082 1041 cum
2114 968 2342 1042 victus
2372 970 2616 1044 victori
2648 971 3035 1045 secundum
3063 975 3222 1066 jura
3253 975 3364 1045 ci-

543 1092 705 1164 vilia
734 1089 1181 1163 condemnari
1217 1089 1467 1164 debeat
1500 1091 1573 1162 iu
1617 1090 1979 1185 expensis,
2018 1090 2114 1165 ad
2147 1093 2546 1166 instantiam
2588 1094 3073 1167 canonicorum
3108 1117 3355 1193 supra·

544 1214 880 1288 dictorum
922 1223 1375 1287 memoratum
1433 1213 1836 1309 episcopum
1892 1214 1992 1287 eis
2055 1217 2547 1289 sententialiter
2606 1216 3224 1291 condemnavimus
3282 1220 3359 1291 in

545 1347 816 1411 centum
846 1336 1144 1409 marchis
1183 1336 1731 1429 Coloniensihus,
1771 1358 1946 1432 quas
1976 1360 2100 1433 per
2133 1349 2647 1413 sacramentum
2679 1341 3143 1435 probaverunt
3175 1364 3253 1415 se
3282 1344 3359 1415 in

545 1461 783 1535 eodem
823 1461 1103 1554 negotio
1133 1459 1571 1555 expendisse.

633 1584 871 1656 Testes
898 1583 1109 1677 hujus
1131 1584 1233 1656 rei
1246 1593 1409 1656 sunt
1436 1609 1455 1655 ε
1480 1583 1777 1658 Sifridus
1799 1583 2376 1677 MaguutinensiS,
2414 1583 2876 1658 Theodoricus
2904 1587 3349 1678 Trevirensis,

542 1706 873 1779 Heuricus
897 1706 1315 1781 Coloniensis
1331 1707 1861 1803 archiepiscopi,
1877 1706 2302 1780 Ekkebertus
2314 1707 2938 1802 Babembergensis
2959 1710 3349 1805 episcopus,

541 1830 967 1903 Hermannus
1002 1831 1546 1927 HerbipolensiS,
1586 1832 1882 1903 loannes
1932 1831 2256 1903 Metensis
2275 1885 2296 1922 ,
2350 1830 2705 1904 Conradus
2734 1833 3107 1927 Spirensis,
3157 1834 3356 1927 Rog-

539 1952 770 2046 gerius
802 1953 1141 2026 Tullensis
1186 1953 1527 2048 episcopi,
1584 1951 1972 2026 Conrardus
2014 1952 2231 2024 abbas
2275 1954 2506 2025 Sancti
2557 1952 2765 2045 Galli,
2819 1953 3142 2049 magister
3175 1956 3353 2029 The-

541 2075 933 2169 genhardus
966 2074 1073 2171 (1)
1099 2076 1688 2171 prothonotariuS‚
1726 2073 2076 2148 Arnoldus
2112 2078 2342 2147 Sancti
2384 2076 2711 2148 Gereonis
2743 2077 3128 2171 prepositus
3150 2078 3355 2152 Colo-

541 2198 829 2289 niensis,
866 2199 1184 2273 Matheus
1211 2199 1364 2272 dux
1397 2197 1870 2292 Lothariugie,
1923 2199 2258 2272 Heuricus
2301 2199 2454 2272 dux
2499 2199 3053 2292 Lemburgensis,
3093 2202 3355 2274 Walle-

542 2342 767 2393 ramus
802 2322 1011 2394 frater
1044 2321 1357 2414 ejusdem
1372 2374 1394 2413 ,
1445 2320 1779 2394 Heuricus
1824 2341 2052 2393 comes
2083 2320 2173 2394 de
2202 2323 2622 2393 Helfeusteiu
2636 2375 2657 2412 ,
2693 2321 3085 2395 Everardus
3121 2344 3351 2398 comes

543 2442 624 2516 de
649 2444 1007 2517 Eberstein
1024 2500 1043 2529 ,
1094 2444 1430 2517 Heuricus
1463 2465 1692 2516 comes
1719 2443 1810 2516 de
1836 2442 2210 2537 Spanheim
2239 2452 2310 2517 et
2351 2445 2605 2539 Symon
2635 2445 2845 2515 frater
2871 2445 3057 2536 ejus,
3107 2447 3352 2518 Heuri-

542 2587 657 2640 cus
691 2588 929 2640 comes
963 2567 1053 2641 de
1088 2568 1376 2640 Gemino
1407 2568 1621 2640 Ponte
1639 2619 1660 2656 ,
1701 2568 1959 2662 Symon
1995 2587 2224 2639 comes
2280 2565 2371 2640 de
2402 2566 2902 2655 Sarrebrukke,
2951 2567 3353 2642 Fredericus

542 2710 762 2764 comes
794 2689 888 2764 de
911 2690 1278 2784 Liningen,
1302 2690 1634 2763 Gerlakus
1669 2709 1902 2761 comes
1924 2688 2015 2761 de
2044 2689 2430 2782 Voltangeu
2461 2684 2589 2784 (a),
2623 2688 2983 2760 Lotharius
3009 2711 3239 2763 comes
3261 2691 3351 2764 de

540 2815 757 2888 Woda
788 2813 885 2910 (b)
900 2868 921 2905 ‚
957 2814 1295 2887 Heuricus
1315 2835 1547 2886 comes
1584 2811 1675 2884 de
1692 2811 1975 2902 CastriS,
2014 2810 2410 2884 Gerhardus
2443 2831 2673 2883 comes
2707 2810 2796 2883 de
2834 2813 3053 2908 Dyze,
3093 2812 3350 2887 Wide-

540 2957 783 3034 gowus
802 2937 896 3012 de
917 2938 1247 3032 Albecge,
1269 2937 1710 3009 Hermannus
1729 2934 1819 3008 de
1843 2933 2287 3027 Mulenaken,
2326 2933 2713 3009 Fridericus
2741 2933 2830 3008 de
2848 2935 3201 3010 Riserthen
3226 2935 3346 3034 (c),

538 3059 902 3136 Wernerus
949 3061 1220 3158 dapifer
1279 3061 1371 3135 de
1431 3059 1797 3152 Bolandia‚
1871 3059 2261 3133 Conrardus
2314 3061 2644 3154 pincerna
2700 3060 2792 3134 de
2843 3061 3346 3155 Cliugenburg‚

540 3185 971 3260 Eberhardus
1012 3186 1284 3281 dapifer
1316 3184 1406 3259 de
1446 3186 1817 3281 Walpurg,
1873 3185 2205 3257 Heuricus
2240 3183 2660 3256 camerarius
2714 3183 2806 3257 de
2840 3184 3347 3278 Rabiusburge,

544 3318 607 3383 et
635 3310 753 3384 alii
776 3310 1251 3405 quamplures.

626 3431 878 3506 Actum
907 3430 1099 3527 apud
1129 3433 1474 3522 Luteram,
1513 3451 1695 3503 anno
1725 3430 1942 3524 gratie
1976 3429 2072 3502 ΜΟ
2100 3429 2227 3501 CC⁰
2248 3429 2622 3502 XXX11110.

633 3556 876 3629 Datum
906 3556 1058 3628 ΧΨ
1091 3554 1426 3629 kalendas
1459 3554 1729 3651 aprilis,
1768 3551 2145 3626 indictione
2180 3552 2500 3648 septima.

618 3797 700 3880 (a)
738 3801 907 3862 Alias
944 3795 1313 3879 Voltenqloem
1342 3797 1593 3858 forsitan
1631 3791 1926 3856 demz.

620 3903 700 3987 (b)
738 3907 904 3968 Alias
929 3903 1001 3965 de
1037 3901 1236 3966 weda.

621 4010 689 4091 (c)
728 4012 894 4074 Alias
915 4009 987 4071 de
1011 4005 1440 4073 Riverxhendt.

610 4384 677 4458 (l)
712 4385 919 4443 Nomen
936 4383 1081 4458 apud
1099 4382 1363 4443 Miraeum
1385 4381 1555 4439 deest.
1580 4379 1643 4436 In
1673 4379 1998 4438 chartulario
2022 4377 2199 4452 prima
2217 4376 2336 4434 vice
2357 4374 2547 4448 legitur
2570 4372 2748 4431 Theoi.
2773 4378 2830 4432 et
2842 4371 3076 4431 secunda
3092 4373 3352 4444 mayister

550 4478 721 4554 1⁷oeoe
751 4481 1103 4555 (stepanus),
1142 4485 1386 4537 truncata
1412 4477 1586 4537 forma
1602 4493 1704 4551 pro
1726 4473 2155 4548 Πιοροπὴατάω.
2175 4474 2272 4532 Vir
2290 4472 2377 4530 ille
2402 4472 2492 4545 qui
2510 4487 2760 4545 magnam
2786 4470 2929 4545 apud
2954 4469 3240 4526 Heni-icum
3262 4483 3356 4524 ne-

546 4591 660 4649 gem
681 4583 805 4634 tunc
825 4576 1083 4652 temporis
1106 4590 1395 4650 personam
1421 4574 1557 4648 egit,
1582 4571 1948 4632 vicedominus
1980 4569 2455 4644 magdeburgensis
2491 4574 2608 4627 erat
2651 4574 2708 4627 et
2741 4567 2953 4626 Heurici
2992 4567 3060 4624 de
3089 4567 3272 4623 Tanne
3294 4564 3350 4621 in

548 4675 980 4744 protonotariatus
1001 4673 1172 4732 officio
1197 4686 1475 4732 smcessor
1495 4685 1640 4729 nunc
1660 4669 1894 4744 primum
1922 4673 2165 4742 apparet.
