4500 5956
552 596 751 656 Iunior.
783 595 873 672 8.]
1454 592 1846 653 HISTORIA
1896 592 2493 658 mPLOMA'rch.
3249 597 3370 658 693

550 727 736 809 tiam
771 724 1121 809 concedit
1164 734 1252 805 ut
1294 748 1560 806 omnes
1614 726 1749 833 qui
1785 726 1865 806 in
1910 726 2206 809 civitate
2250 725 2416 835 ejus
2459 726 2971 837 Laudenburg
3013 727 3376 837 elegerint

548 859 908 964 residere,
950 856 1050 939 ab
1084 856 1435 939 omnium
1463 856 1864 939 hominum
1899 857 2284 968 obsequiis
2324 859 2478 941 sint
2511 860 2866 968 exempti.

713 1070 957 1147 (Inedit.
989 1088 1067 1132 ex
1093 1071 1348 1132 chartul.
1380 1073 1704 1150 Wormat.‚
1734 1072 1841 1133 fol.
1873 1080 1989 1132 296
2017 1088 2209 1143 verso,
2234 1074 2299 1132 in
2320 1071 2560 1132 archivo
2585 1071 3101 1149 Darmstadtensi.)

644 1253 765 1340 Η.,
808 1253 934 1324 Ι)6ἰ
966 1252 1184 1344 gratia
1220 1253 1678 1323 Romanorum
1706 1273 1836 1323 rex
1879 1261 1947 1324 et
1984 1274 2254 1346 semper
2292 1264 2660 1346 augustus,
2718 1254 3063 1327 universis
3102 1256 3370 1350 imperii

552 1373 876 1447 fidelibus
912 1376 1171 1467 quibus
1206 1397 1491 1469 presens
1521 1375 1742 1446 littera
1772 1375 1976 1447 fuerit
2004 1386 2276 1448 ostensa
2312 1378 2604 1467 gratiam
2655 1399 2850 1448 suam
2886 1388 2954 1450 et
2994 1400 3200 1450 omne
3241 1380 3367 1451 bo·

553 1520 744 1567 num.
781 1499 894 1569 Ex
928 1498 1172 1570 divina
1210 1498 1646 1593 providentia
1679 1498 1771 1570 ad
1825 1500 2023 1592 regni
2071 1509 2139 1570 et
2175 1500 2446 1595 imperii
2482 1500 2885 1592 dignitatem
2932 1501 3090 1573 ideo
3129 1524 3371 1574 sumus

550 1620 775 1691 vocati
820 1631 901 1691 ut
942 1622 1268 1694 ecclesias
1310 1631 1380 1693 et
1425 1643 1539 1694 res
1589 1622 2082 1694 ecclesiasticas
2132 1622 2512 1694 debeamus
2553 1623 2643 1695 de
2686 1624 3109 1696 liberalitatis
3141 1636 3370 1699 nostre

552 1742 1021 1816 munificentia
1053 1745 1124 1815 in
1149 1746 1698 1840 possessionibus
1719 1746 2052 1841 ampliare
2080 1756 2150 1817 et
2184 1744 2276 1817 de
2304 1756 2531 1818 nostre
2556 1748 2940 1819 serenitatis
2973 1749 3190 1840 gratia
3222 1770 3369 1821 am-

554 1868 796 1963 pliatas
828 1868 920 1939 ab
959 1869 1285 1940 omnibus
1320 1870 1831 1942 incursionibus
1862 1869 2154 1942 fideliter
2191 1869 2592 1958 defensare;
2647 1870 2951 1943 maxime
2988 1880 3215 1944 tamen
3253 1894 3371 1945 eos

549 2015 723 2086 quos
756 1994 1143 2089 specialiter
1176 1994 1532 2086 diligimus
1563 1995 1845 2089 speciali
1872 1995 2092 2088 gratia
2129 1995 2471 2090 respicere
2515 1995 2839 2067 volumus
2877 2005 2944 2066 et
2991 1995 3364 2088 debemus,

550 2126 783 2212 utpote
817 2118 1147 2190 dilectum
1176 2128 1245 2190 et
1272 2118 1674 2190 familiarem
1699 2119 2082 2214 principem
2114 2130 2424 2191 nostrum
2458 2121 2532 2191 L.
2565 2121 3143 2193 wormaciensem
3187 2122 3368 2193 elec·

550 2249 686 2311 tum
720 2238 784 2333 (l
801 2240 859 2337 )‚
899 2242 1012 2313 cui
1045 2240 1135 2314 (16
1174 2252 1406 2314 nostra
1439 2243 1904 2315 benivolentia
1930 2243 2137 2315 talem
2170 2243 2464 2315 fecimus
2499 2243 2786 2335 gratiam
2824 2255 2894 2315 et
2926 2243 3249 2317 dedimus
3287 2247 3369 2317 li-

550 2365 876 2437 bertatem
914 2365 1107 2460 quod
1136 2387 1376 2438 omnes
1408 2367 1530 2461 qui
1568 2367 1640 2437 in
1674 2366 1950 2438 civitate
1979 2388 2107 2437 sua
2137 2365 2606 2460 Laudenburg
2648 2376 2979 2460 tanquam
3024 2369 3215 2440 cives
3248 2370 3372 2442 eli-

548 2490 769 2582 gerint
801 2489 1138 2580 residere,
1176 2490 1266 2563 ab
1299 2491 1614 2562 omnium
1646 2489 2003 2560 hominum
2035 2489 2395 2584 obsequiis
2431 2491 2568 2560 sint
2604 2492 2911 2585 exempti
2940 2501 3007 2562 et
3034 2493 3204 2562 nulli
3235 2493 3365 2566 nisi

547 2612 829 2684 domino
866 2635 995 2685 suo
1028 2615 1511 2686 Wormatiensi
1553 2614 1767 2686 electo
1803 2614 2106 2685 serviant
2128 2623 2196 2686 et
2223 2613 2622 2702 intendant,
2657 2616 2807 2686 sive
2837 2614 3034 2685 nobis
3068 2624 3136 2686 et
3162 2616 3364 2688 alicui

546 2758 633 2809 ex
658 2738 1097 2832 principibus
1133 2740 1246 2811 vel
1283 2738 1842 2810 ministerialibus
1880 2738 2127 2810 nostris
2159 2738 2440 2809 attineat
2477 2736 2627 2831 (sic)
2656 2738 2890 2831 aliquo
2917 2739 3102 2830 jure.
3156 2739 3368 2811 Volu-

547 2881 697 2931 mus
730 2861 942 2933 etiam
972 2862 1162 2955 quod
1193 2861 1386 2933 cives
1421 2862 1492 2931 in
1530 2861 1775 2933 eadem
1806 2860 2083 2933 civitate
2110 2861 2504 2934 residentes
2541 2870 2768 2932 nostra
2815 2861 2903 2934 (16
2945 2871 3169 2933 cetero
3192 2885 3370 2956 gau-

548 2980 752 3055 deant
785 2982 1209 3054 desensione.
1251 2981 1665 3053 Mandamus
1710 2982 1945 3076 itaque
1981 2991 2050 3052 et
2083 2982 2506 3077 precipimus
2542 2982 2880 3054 universis
2914 2982 3047 3053 sub
3083 2985 3368 3057 obtentu

548 3108 763 3197 gratie
795 3117 1027 3180 nostre
1051 3117 1116 3177 et
1154 3107 1420 3201 imperii
1454 3117 1529 3177 ut
1563 3107 1795 3178 nullus
1821 3108 1912 3177 sit
1943 3106 2063 3200 qui
2100 3106 2507 3200 prelibatam
2555 3106 2937 3177 libertatem
2974 3106 3244 3180 civibus
3279 3106 3370 3180 (16

547 3230 1012 3323 Laudenburg
1059 3251 1099 3301 a
1151 3231 1352 3301 nobis
1393 3230 1733 3302 indultam
1789 3229 2044 3302 audeat
2079 3229 2527 3322 aliquatenus
2570 3229 2940 3322 infringere
2980 3233 3093 3302 vel
3128 3240 3370 3303 contra

549 3376 829 3448 presens
865 3354 1306 3448 privilegium
1352 3353 1423 3424 in
1468 3350 1931 3448 prejudicium
1981 3353 2283 3425 civitatis
2336 3353 2621 3446 aliquod
2681 3362 3105 3449 attemptare.
3169 3354 3370 3437 Quod

551 3479 665 3572 qui
702 3478 941 3550 fecerit
963 3478 1506 3572 indignationem
1543 3478 1736 3571 regie
1767 3478 2146 3570 majestatis
2186 3485 2420 3548 nostre
2458 3499 2534 3548 se
2570 3478 2838 3548 noverit
2872 3476 3266 3567 incurrisse,
3305 3488 3372 3549 et

550 3623 669 3673 nos
684 3603 1054 3675 violatores
1081 3602 1301 3698 ipsius
1322 3598 1535 3675 nostri
1562 3601 1908 3698 privilegii
1934 3622 2072 3673 non
2096 3602 2573 3695 relinquemus
2603 3601 3002 3696 impunitos.
3034 3601 3144 3673 Ad
3164 3600 3370 3693 hujus

547 3748 818 3821 qnoque
847 3726 1006 3797 facti
1034 3735 1285 3798 certam
1307 3725 1732 3799 evidentiam
1747 3735 1815 3798 et
1836 3726 2047 3797 robur
2066 3733 2403 3821 perpetuo
2432 3725 2832 3814 valiturum,
2852 3735 3234 3819 presentem
3262 3725 3368 3795 lit-

547 3857 758 3920 teram
789 3859 1091 3921 nostram
1121 3850 1326 3921 scribi
1358 3850 1648 3921 fecimus
1684 3858 1751 3921 et
1776 3849 2002 3942 sigillo
2038 3858 2276 3920 nostro
2307 3847 2747 3920 communiri.

643 3972 874 4044 Testes
923 3982 1088 4043 sunt
1136 3972 1234 4043 hii
1281 3998 1299 4042 ε
1337 3971 1692 4044 Conradus
1724 3971 1940 4043 abbas
1973 3971 2203 4043 Sancti
2235 3969 2444 4060 Galli,
2508 4021 2524 4039 .
2593 4021 2610 4038 .
2673 4022 2691 4039 .
2749 3967 2966 4039 abbas
2994 3967 3372 4062 Campido-

543 4095 808 4188 nensis,
860 4096 1323 4167 Hartmannus
1364 4116 1596 4167 comes
1646 4095 1736 4167 de
1762 4095 2114 4188 Quiburg,
2145 4095 2613 4165 Hartmannus
2649 4112 2877 4163 comes
2910 4090 3002 4163 (16
3033 4091 3364 4163 Wirtem-

614 4400 687 4474 (4)
720 4401 924 4458 Eodem
949 4416 1091 4458 anno
1116 4405 1239 4473 post
1258 4401 1465 4458 obitum
1487 4400 1700 4457 Henrici
1724 4401 1976 4474 episcopi,
2002 4399 2293 4457 Landolfus
2320 4400 2561 4457 decanus
2583 4399 2774 4473 quinta
2797 4398 2885 4456 die
2909 4400 3141 4457 octobris
3165 4398 3370 4456 electus

538 4497 735 4554 fuerat.
771 4519 798 4553 ι
825 4499 920 4556 Cui
947 4500 1123 4573 primo
1150 4499 1308 4555 valde
1339 4498 1480 4555 bene
1502 4498 1761 4556 successit
1779 4540 1793 4569 ,
1828 4498 1955 4570 quia
1995 4497 2228 4555 breviter
2271 4497 2342 4555 ab
2376 4496 2775 4570 archiepiscopo
2817 4497 3124 4569 Moguntino
3164 4495 3366 4552 confir-

536 4601 721 4652 matus
752 4596 868 4652 fuit.
895 4597 965 4652 Et
991 4596 1175 4653 statim
1214 4596 1477 4653 accedens
1504 4595 1814 4667 Ezzelingen
1837 4611 1870 4650 a
1896 4595 2110 4652 domino
2141 4595 2394 4651 Heinrico
2421 4610 2550 4665 rege
2576 4594 2775 4651 ibidem
2798 4595 3056 4651 existente
3095 4592 3365 4665 regalibus

535 4694 954 4754 estiuvestitns.
981 4714 1010 4746 n
1036 4694 1241 4751 Annal.
1281 4695 1536 4751 Wormat.
1568 4709 1658 4766 ap.
1688 4694 1989 4760 Bonnam,
2021 4695 2238 4761 Fontes,
2270 4697 2310 4748 t.
2343 4693 2419 4764 11,
2446 4708 2502 4764 p.
2537 4696 2660 4749 463.
