4500 5956
668 2721 791 2774 Apud
884 2734 889 2739 ·

580 2773 880 2830 Vthphnun,

630 2830 828 2872 loinass.

978 532 1099 594 652
2019 530 2362 591 HENRICI
2412 531 2749 591 SEPTml
3411 533 3571 611 [Arm.
3608 534 3781 596 1234.

1074 665 1467 757 Heinricus,
1507 665 1633 736 Dei
1682 664 1901 759 gratia
1946 666 2405 737 Romanorum
2449 687 2578 739 rex
2622 674 2692 739 et
2740 688 3008 762 semper
3052 675 3427 759 augustuS,
3466 666 3788 742 fidelibus

977 789 1123 860 suis
1181 788 1491 859 ministro
1546 796 1618 858 et
1677 786 2019 858 universis
2077 786 2474 859 hominibus
2525 788 2777 861 Uranie
2839 789 3128 883 gratiam
3187 810 3384 861 suam
3454 799 3521 863 et
3585 812 3789 865 omne

972 910 1261 981 bonum.
1320 912 1488 982 Cum
1543 932 1636 982 ex
1686 921 2014 981 consueta
2081 910 2564 982 benevolentia
2616 921 2845 986 nostra
2899 911 3413 985 cisterciensem
3477 914 3788 987 ordinem

974 1033 1312 1105 sincerius
1346 1031 1742 1125 diligamuS,
1775 1033 1935 1123 jura
1961 1042 2031 1105 et
2061 1033 2413 1105 libertates
2444 1034 2728 1105 fratrum
2760 1035 2913 1125 ejus
2947 1035 3276 1107 volumus
3309 1036 3788 1110 inviolabiliter

972 1156 1348 1228 observari.
1387 1156 1797 1229 Mandamus
1838 1156 2042 1228 vobis
2089 1156 2220 1227 sub
2256 1177 2434 1251 pena
2469 1157 2690 1250 gratie
2725 1167 2955 1230 nostre
2990 1157 3297 1231 districte
3333 1160 3786 1255 precipientes

971 1288 1311 1371 quatenus
1346 1279 1437 1350 ab
1471 1279 1869 1351 hominibus
1903 1279 2181 1351 claustri
2232 1278 2324 1351 de
2367 1280 2762 1375 Wettingen
2800 1281 2872 1351 in
2912 1282 3094 1353 valle
3122 1282 3371 1355 Uranie
3405 1283 3785 1356 constitutis

969 1403 1230 1474 nullam
1265 1424 1546 1497 prorsus
1584 1402 2017 1474 exactionem
2058 1404 2169 1472 vel
2217 1403 2593 1496 precariam
2640 1405 3039 1497 requiratis,
3086 1407 3418 1497 quoniam
3465 1407 3787 1478 nolumus

968 1535 1049 1597 ut
1085 1524 1203 1597 fiat
1240 1526 1472 1619 aliqua
1520 1524 1815 1614 ratione,
1856 1524 1982 1597 sed
2032 1525 2358 1598 volumus
2400 1537 2475 1598 ut
2512 1525 2865 1618 gaudeant
2911 1528 3099 1599 omni
3150 1528 3460 1600 libertate
3503 1551 3644 1623 qua
3697 1529 3785 1602 ab

968 1650 1254 1745 antiquo
1328 1649 1501 1722 ordo
1555 1658 1625 1722 et
1676 1649 1918 1721 fratres
1973 1650 2451 1724 Cistercienses
2497 1661 2661 1723 sunt
2708 1652 2963 1744 gavisi.
3023 1652 3499 1725 Indubitanter
3548 1654 3784 1725 scituri

966 1773 1158 1867 quod
1205 1773 1630 1868 quicumque
1675 1782 1982 1845 vestrum
2040 1773 2410 1866 infringere
2466 1774 2870 1847 mandatum
2935 1784 3243 1847 nostrum
3299 1776 3788 1872 presumpserit

968 1898 1041 1968 in
1075 1897 1206 1968 hac
1238 1905 1460 1991 parte,
1499 1896 1571 1967 in
1605 1896 1816 1968 rebus
1851 1917 2011 1967 eum
2045 1896 2338 1991 proinde
2372 1907 2442 1970 et
2483 1897 2554 1968 in
2592 1919 2877 1992 corpore
2903 1898 3298 1992 puniamus,
3332 1900 3498 1993 quia
3528 1898 3785 1971 dictum

966 2021 1335 2092 claustrum
1380 2021 1514 2093 sub
1560 2028 1862 2092 nostram
1903 2021 2392 2113 protectionem
2435 2029 2505 2091 et
2547 2020 2818 2115 imperii
2858 2023 3244 2116 recepimus
3287 2023 3682 2116 specialem.

1062 2145 1312 2216 Datum
1342 2143 1535 2239 apud
1565 2144 1989 2237 Hagenowe‚
2030 2144 2120 2217 Vl
2152 2143 2483 2217 kalendas
2529 2145 2729 2236 maii,
2768 2144 3144 2219 indictione
3173 2145 3488 2241 septima.

2614 2433 3361 2444 *αι-*-

1067 2696 1437 2780 Henricus
1457 2759 1480 2803 ,
1526 2694 2047 2778 Romanorum
2083 2720 2214 2775 rex
2236 2754 2260 2797 ‚
2302 2702 2570 2776 notum
2607 2692 2788 2776 facit
2832 2694 3039 2802 quod
3062 2753 3087 2799 ,
3126 2693 3558 2802 principum
3601 2695 3783 2777 dic-

962 2839 1170 2912 tante
1224 2829 1594 2913 sententia
1614 2888 1639 2934 ‚
1678 2828 2045 2911 Henricus
2098 2827 2688 2910 Wormaciensis
2732 2826 3131 2936 episcopus
3183 2825 3444 2909 villam
3480 2826 3784 2911 Necke-

963 2990 1166 3047 rowe
1202 2990 1379 3045 cum
1421 2961 1889 3072 pertinentiis
1941 2960 2306 3068 obtinuit,
2349 2959 2428 3040 in
2473 2958 2691 3070 cujus
2736 2960 3211 3070 possessione
3254 2961 3610 3044 eumdem
3651 2986 3784 3068 per

968 3095 1371 3177 scultetum
1406 3096 1503 3176 de
1537 3095 1769 3177 Lutra
1802 3092 2257 3175 mittendum
2288 3091 2608 3201 judicat.

1127 3307 1330 3390 (Edid.
1365 3309 1715 3380 Sensum-r,
1745 3309 1960 3367 Hister.
1990 3308 2153 3386 episc.
2199 3308 2507 3382 Wormat„
2540 3306 2684 3369 cod.
2709 3308 2978 3385 probat.,
3006 3325 3065 3385 p.
3111 3309 3264 3382 118.)

1061 3496 1188 3587 Η.,
1239 3494 1365 3565 Dei
1413 3493 1632 3587 gratia
1687 3494 2146 3565 Romanorum
2206 3515 2333 3565 rex
2375 3504 2443 3566 et
2489 3514 2757 3589 semper
2812 3502 3186 3587 augustus,
3245 3490 3586 3564 universis
3639 3491 3785 3566 im-

966 3621 1138 3717 perii
1204 3617 1526 3692 fidelibus
1577 3616 1833 3711 quibus
1884 3638 2168 3711 presens
2234 3617 2455 3690 littera
2516 3617 2714 3689 fuerit
2777 3627 3047 3690 ostensa
3098 3616 3385 3707 gratiam
3457 3635 3656 3685 suam
3716 3624 3784 3686 et

964 3768 1169 3820 omne
1208 3746 1495 3817 bonum.
1528 3744 1788 3818 Tenore
1827 3742 2246 3838 presentium
2285 3742 2634 3837 publicam
2678 3743 2969 3813 facimus
3007 3739 3561 3835 protestationem
3589 3737 3782 3833 quod

965 3870 1259 3943 dilectus
1311 3868 1631 3963 princeps
1684 3875 1912 3939 noster
1965 3865 2049 3936 H.
2115 3865 2526 3937 venerabilis
2575 3862 3106 3936 Wormaciensis
3159 3862 3527 3958 episcopus
3589 3859 3782 3956 apud

964 3992 1397 4087 Winpinam,
1460 3993 1534 4062 in
1572 3990 1913 4084 presentia
1944 3999 2174 4061 nostra
2216 3997 2285 4059 et
2335 3997 2736 4080 magnatum
2769 3986 3037 4081 imperii
3062 3986 3603 4080 subscriptorum
3631 3983 3778 4056 dic-

968 4123 1154 4186 tante
1219 4114 1597 4204 sententia,
1650 4111 1952 4185 obt-inuit
2013 4121 2082 4182 et
2150 4110 2361 4182 evicit
2419 4110 2657 4183 villam
2723 4108 3177 4182 Nechkirowe
3236 4129 3398 4180 cum
3459 4106 3785 4178 omnibus

969 4236 1394 4330 pertinentiis
1446 4237 1592 4307 suis
1649 4235 1935 4307 ecclesie
2000 4233 2498 4306 Wormaciensi
2556 4232 2879 4324 attinere,
2928 4242 2999 4304 et
3054 4253 3180 4304 nos
3224 4230 3455 4326 ipsum
3493 4230 3784 4322 judica-

966 4361 1195 4431 vimus
1236 4357 1585 4453 prelibatis
1632 4380 1755 4452 per
1791 4357 2019 4430 omnia
2060 4355 2591 4442 instituendum,
2633 4366 2701 4428 et
2740 4378 2863 4451 per
2903 4355 3251 4429 Siffridum
3288 4352 3567 4426 fidelem
3618 4374 3780 4425 nos-

967 4494 1148 4555 trum
1177 4484 1544 4555 scultetum
1573 4480 1661 4553 de
1688 4483 1921 4553 Luttra
1956 4481 2268 4551 misimus
2301 4479 2373 4549 in
2412 4482 2912 4574 possessionem
2953 4478 3512 4576 prescriptorum.
3545 4475 3629 4547 Et
3657 4496 3783 4547 vo-

964 4610 1200 4680 lumus
1245 4615 1322 4678 ut
1361 4606 1510 4701 ipse
1545 4615 1613 4677 et
1647 4604 1934 4677 ecclesia
1968 4624 2096 4674 sua
2129 4603 2649 4677 Wormatiensis
2689 4603 2938 4699 suique
2984 4623 3411 4677 successores
3453 4598 3787 4696 prelibata
