4500 5956
661 2394 890 2503 utffi..

659 2514 708 2545 u
739 2501 901 2546 tembri

1003 607 1126 668 940
2102 611 2721 673 AanAMENTA.

1012 741 1279 836 imperii
1334 741 1655 814 fidelibus
1704 753 1843 814 tam
1900 746 2332 838 presentibus
2377 768 2585 841 quam
2636 744 2884 817 futuris
2929 743 3121 838 quod
3171 742 3464 818 dilectus
3513 745 3829 843 princeps

1013 875 1245 936 noster
1281 865 1367 937 A.
1411 865 1555 961 (E.)
1583 867 2000 939 venerabilis
2039 869 2613 964 Pabinbergensis
2648 868 3017 964 episcopus
3062 877 3296 940 nostro
3339 869 3622 942 culmini
3661 893 3831 966 sup-

1016 988 1303 1081 plicavit
1359 998 1699 1081 quatenus
1765 990 2089 1062 telonium
2152 993 2341 1087 apud
2402 991 2661 1066 Merket
2725 989 2834 1084 (i’)
2895 999 2966 1063 et
3020 999 3366 1063 monetam
3426 991 3497 1063 in
3552 993 3823 1083 Steine,

1015 1109 1603 1203 quemadmodum
1666 1134 1788 1207 per
1840 1112 2003 1186 dive
2050 1115 2541 1188 recordationis
2597 1124 2970 1207 augustum
3018 1114 3387 1188 Henricum
3443 1114 3826 1187 secundum

1014 1236 1561 1330 predecessorem
1618 1245 1928 1310 nostrum
1983 1237 2202 1332 ipsius
2249 1240 2641 1313 monasterii
2691 1238 3124 1311 fundatorem
3178 1238 3364 1311 dicto
3416 1240 3828 1313 monasterio

1017 1368 1178 1430 sunt
1202 1380 1554 1448 concessa,
1573 1368 1639 1431 et
1663 1360 1849 1432 idem
1883 1362 2374 1434 monasterium
2402 1384 2496 1436 ex
2524 1363 2810 1457 antiquo
2838 1362 3144 1457 possedit
3171 1373 3241 1435 et
3265 1384 3396 1434 usu
3426 1360 3581 1459 (sic)
3600 1364 3828 1435 extitit

1014 1483 1472 1576 usquemodo,
1515 1482 1962 1578 dignaremur
1995 1485 2086 1559 de
2120 1496 2353 1560 nostra
2388 1488 2604 1580 gratia
2641 1485 3069 1561 confirmare.
3103 1482 3371 1582 [Forma
3404 1496 3633 1560 autem
3662 1508 3826 1560 con·

1012 1604 1418 1678 firmationis
1448 1605 1818 1704 sequitur.]

1113 1731 1361 1800 Datum
1418 1729 1609 1823 apud
1665 1729 2138 1825 Aquilegiam,
2200 1754 2384 1806 anno
2436 1731 2778 1806 dominice
2828 1732 3316 1806 incarnationis
3366 1732 3820 1822 MCCXXXII,

1013 1872 1252 1925 mense
1278 1853 1534 1947 aprilis,
1580 1856 1819 1947 quinte
1854 1854 2275 1929 indictionis.

3143 2146 3358 2157 ’.ο-αισ-

1121 2386 1543 2471 Fridericus
1559 2448 1583 2493 ,
1648 2387 2166 2471 Romanorum
2239 2388 2680 2496 imperator,
2756 2388 2856 2469 ad
2945 2386 3568 2497 supplicationem
3629 2389 3830 2473 Vol-

1015 2521 1232 2632 quini
1291 2522 1635 2630 magistri
1697 2521 2011 2604 militiae
2076 2520 2355 2603 Christi
2410 2522 2490 2602 in
2551 2521 2903 2626 Livonia,
2962 2546 3138 2602 eum
3200 2531 3274 2602 et
3339 2521 3611 2604 fratres
3665 2521 3829 2631 ejus

1015 2679 1193 2738 cum
1267 2653 1626 2738 omnibus
1689 2653 1911 2735 bonis
1966 2678 2230 2736 eorum
2296 2653 2374 2733 in
2429 2652 2776 2760 Livonia,
2834 2652 3109 2759 Lettia,
3177 2653 3420 2737 Osilia
3480 2664 3555 2736 et
3612 2655 3831 2737 terris

1014 2784 1300 2869 ibidem
1335 2785 1709 2895 expressis
1733 2846 1757 2892 ,
1799 2784 1945 2868 sub
1980 2785 2440 2894 protectione
2476 2810 2616 2867 sua
2650 2794 2725 2866 et
2766 2784 3062 2893 imperii
3112 2784 3400 2894 recipit.

1179 2987 1420 3066 (Inedit.
1465 2989 1529 3047 in
1556 2983 2066 3049 Liv.-Estle.-und
2109 2985 2517 3050 Cui-tandm
2567 2985 2960 3064 Urkundenb„
2997 2994 3047 3051 t.
3077 2989 3138 3066 1,
3176 3004 3316 3065 pars
3344 2989 3436 3061 11,
3464 3004 3527 3065 p.
3574 2996 3828 3050 164-166

1263 3090 1467 3167 (Revel
1498 3097 1697 3168 1852).
1728 3093 1819 3154 Cf.
1853 3110 2053 3171 supra,
2083 3111 2144 3171 p.
2178 3104 2320 3174 375,
2349 3102 2470 3156 not.
2520 3104 2575 3155 ι.
2606 3095 2810 3157 Fuerit
2832 3110 2910 3155 ne
2935 3095 3090 3156 idem
3117 3094 3488 3172 privilegium
3517 3094 3676 3172 quod
3702 3094 3832 3155 Na-

1257 3199 1499 3276 piersky
1538 3198 1617 3259 ad
1652 3215 1915 3261 mensem
1946 3201 2167 3278 julium
2210 3201 2473 3277 ejusdem
2518 3203 2660 3261 anni
2698 3206 3020 3274 memorat,
3057 3218 3135 3261 an
3160 3201 3412 3262 alterum
3452 3200 3615 3277 quod
3657 3199 3833 3277 paulo

1261 3308 1399 3379 post
1443 3305 1759 3379 imperator
1804 3303 1997 3365 ordini
2039 3305 2284 3365 militiae
2327 3306 2541 3367 Christi
2583 3304 2694 3367 sub
2719 3306 2990 3383 ampliori
3014 3303 3205 3365 forma
3229 3304 3425 3365 denuo
3450 3306 3828 3377 concesserit,

1257 3425 1379 3470 non
1403 3409 1578 3485 plane
1605 3407 1880 3488 scimus.)

1118 3592 1195 3663 ln
1235 3591 1514 3664 nomine
1551 3600 1787 3663 sancte
1822 3600 1890 3663 et
1924 3590 2291 3665 individue
2326 3592 2691 3666 Trinitatis.
2740 3591 3133 3666 Fridericus
3174 3592 3557 3682 secundus,
3594 3591 3834 3666 divina

1022 3719 1296 3792 favente
1328 3716 1690 3789 clementia
1741 3717 2200 3790 Romanorum
2231 3718 2598 3813 imperator
2641 3740 2913 3814 semper
2950 3727 3320 3813 augustus,
3359 3717 3729 3790 Jerusalem
3768 3729 3836 3789 et

1021 3842 1251 3914 Sicilie
1285 3863 1437 3913 rex.
1478 3841 1649 3913 Cum
1686 3842 1903 3914 simus
1943 3841 2309 3915 christiane
2355 3841 2519 3915 fidei
2571 3842 2899 3915 zelatores
2947 3852 3015 3914 et
3053 3841 3125 3912 iu
3170 3862 3254 3913 eo
3289 3849 3431 3912 tota
3461 3840 3837 3912 intentione

944 4029 947 4076 ζ
1021 3986 1404 4053 versemur,
1458 3964 1649 4060 quod
1697 3965 1917 4061 ipsius
1965 3966 2192 4039 cultus
2239 3966 2534 4059 amplius
2578 3976 2647 4038 et
2695 3966 3060 4060 perfectius
3116 3965 3465 4053 dilatetur,
3524 3975 3836 4035 tenemur

946 4093 954 4180 j
1024 4088 1487 4160 venerabilem
1548 4089 1948 4182 magistrum
2021 4099 2090 4163 et
2159 4089 2399 4161 fratres
2458 4089 2699 4162 militie
2753 4088 2999 4161 Christi
3065 4089 3156 4162 de
3216 4087 3537 4177 Livonia,
3598 4085 3836 4160 fideles

1024 4221 1291 4283 nostros
1316 4264 1337 4302 ,
1399 4211 1521 4305 qui
1584 4211 1790 4284 fidem
1868 4211 2161 4284 eandem
2232 4234 2370 4285 non
2453 4214 2602 4284 sine
2658 4213 2875 4284 multa
2948 4212 3284 4284 effusione
3353 4208 3709 4302 sanguinis
3767 4217 3836 4278 et

1023 4354 1449 4428 paganorum
1494 4346 1720 4427 strage
1773 4336 1843 4406 in
1908 4336 2190 4409 Livonia
2250 4346 2321 4408 et
2384 4337 2582 4409 terris
2640 4334 3117 4428 adjacentibus
3171 4334 3574 4420 dilatarunt,
3634 4331 3833 4404 solli-

1026 4457 1355 4530 citudinis
1412 4459 1735 4531 instantia
1787 4461 2187 4554 confovere,
2252 4470 2321 4533 et
2385 4461 2743 4556 petitiones
2802 4482 3041 4535 eorum
3102 4460 3202 4532 sic
3274 4455 3643 4531 clementer
3700 4456 3829 4529 ad-

1027 4581 1330 4670 mittere,
1376 4582 1573 4674 quod
1621 4584 2034 4677 presentium
2091 4584 2178 4655 sit
2224 4582 2316 4656 ad
2371 4584 2705 4677 gaudium
2747 4595 2818 4657 et
2868 4583 3157 4679 posteris
3206 4581 3425 4675 gratie
3471 4580 3545 4651 in
3599 4600 3836 4652 exem-

1030 4706 1250 4801 plum.
1288 4704 1459 4778 Inde
1499 4713 1603 4777 est
1644 4705 1853 4799 igitur
1887 4706 2082 4800 quod
2130 4707 2476 4781 universis
2525 4707 2795 4804 imperii
2828 4705 3186 4798 fidelibus,
3227 4715 3370 4778 tam
3405 4701 3837 4800 presentibus
