4500 5956
681 596 870 653 imm.
902 594 990 669 3.]
1578 594 1968 655 ηιετοιιιΑ
2021 571 2605 655 n'1PLOMAT1cA.
3380 584 3498 645 737

772 728 1147 821 Gregorius
1183 726 1317 822 (a),
1369 737 1535 815 etc.,
1595 730 1921 822 magistro
1971 739 2039 803 et
2083 730 2411 803 fratribus
2454 726 2810 822 hospitalis
2840 723 3266 797 Hierusalem
3288 774 3309 812 ‚
3352 731 3489 794 etc.

676 850 980 923 Evidens
1017 858 1218 923 estet
1252 849 1722 943 ambiguitatis
1755 853 2067 925 nubilum
2111 873 2248 924 non
2282 850 2580 923 admittit
2612 846 2803 941 quod
2850 845 2942 920 ad
2978 847 3111 919 hoc
3144 842 3494 939 potissime

674 973 1025 1067 religionis
1072 972 1385 1046 habitum
1441 973 1907 1068 assumpsistis
1954 986 2033 1047 ut
2079 975 2148 1046 in
2191 966 2396 1048 Terre
2433 974 2677 1045 Sancte
2728 969 3039 1065 partibus
3066 968 3491 1062 ampliationi

677 1094 994 1168 vacando
1033 1094 1231 1185 fidei,
1292 1095 1511 1188 patrie
1555 1117 1854 1190 superne
1903 1097 2174 1169 civibus
2210 1095 2574 1190 aggregari
2610 1094 2730 1189 (b).
2794 1147 2811 1164 .
2872 1146 2891 1162 .
2952 1145 2970 1163 .
3027 1092 3250 1184 Digne
3285 1091 3495 1183 igitur

676 1218 876 1290 vobis
910 1218 1208 1292 suadere
1242 1239 1612 1312 possumus
1652 1228 1722 1291 et
1760 1219 2097 1293 debemus
2137 1231 2216 1292 ut
2260 1241 2416 1291 cnm
2453 1217 2875 1313 propositum
2918 1225 3227 1287 vestrum
3272 1236 3366 1286 ex
3412 1236 3495 1286 eo

677 1344 1007 1437 precipue
1053 1342 1444 1438 promoveri
1479 1343 1703 1414 valeat
1736 1342 1926 1435 quod
1979 1345 2173 1439 Syrie
2220 1344 2531 1439 partibus
2563 1338 2846 1434 aliquod
2895 1338 3329 1411 adversitatis
3365 1360 3494 1409 nu·

678 1464 895 1536 bilum
935 1487 1072 1538 non
1121 1465 1511 1551 incumbat,
1552 1465 1668 1537 illa
1708 1466 2042 1560 promptis
2079 1467 2441 1539 affectibus
2494 1464 2828 1537 studeatis
2880 1462 3148 1535 efficere
3188 1483 3312 1556 per
3357 1482 3496 1554 que

677 1591 893 1682 possit
920 1587 1166 1660 eadem
1194 1589 1385 1683 pacis
1429 1598 1498 1660 et
1525 1588 1777 1682 quietis
1808 1589 2087 1682 gaudiis
2121 1590 2459 1662 exultare.
2493 1588 2842 1680 Rogamus
2875 1586 3109 1679 itaque
3146 1584 3497 1656 universi-

678 1720 881 1783 tatem
921 1719 1217 1783 vestram
1258 1721 1325 1784 et
1362 1711 1718 1783 hortamur
1751 1720 2042 1803 attente,
2077 1735 2201 1807 per
2234 1712 2607 1808 apostolica
2630 1710 2884 1805 scripta
2910 1708 3109 1781 vobis
3139 1708 3211 1779 in
3253 1708 3499 1779 virtute

678 1843 911 1906 sancte
944 1833 1336 1905 obedientie
1378 1833 1826 1928 precipiendo
1880 1834 2288 1908 mandantes
2334 1844 2675 1929 quatenus
2723 1832 3011 1928 provida
3056 1832 3498 1905 meditatione

678 1962 1044 2048 pensantes
1072 1953 1248 2047 quid
1287 1953 1687 2027 charissimo
1719 1955 1792 2026 in
1840 1954 2105 2028 Christo
2149 1955 2292 2028 filio
2334 1965 2570 2026 nostro
2602 1952 2928 2026 Federico
2966 1951 3363 2047 imperatori
3405 1973 3497 2023 ex

680 2099 760 2151 eo
795 2078 1053 2151 favoris
1084 2075 1463 2150 debeamus
1504 2087 1574 2150 et
1618 2079 1861 2174 premii
1893 2078 2084 2173 quod
2115 2079 2186 2150 in
2244 2078 2599 2173 obsequiis
2635 2078 2870 2150 matris
2926 2076 3257 2169 Ecclesia,
3320 2077 3498 2148 sicut

679 2224 872 2275 snam
908 2201 1389 2274 excellentiam
1418 2200 1689 2291 decuit,
1730 2215 2089 2297 promptus
2123 2210 2191 2275 et
2224 2202 2475 2275 efficax
2499 2201 2767 2274 studuit
2796 2201 3127 2289 inveniri,
3170 2201 3407 2293 bajulo
3431 2210 3500 2272 et

678 2324 899 2419 legato
931 2346 1060 2397 suo
1093 2326 1163 2395 in
1207 2324 1533 2419 predictis
1573 2324 1885 2418 partibus
1918 2326 2285 2398 constituto
2332 2348 2537 2399 omne
2584 2323 2777 2419 quod
2827 2325 3133 2420 poteritis
3174 2326 3246 2395 in
3284 2326 3498 2420 impe-

677 2448 950 2520 rialium
979 2449 1500 2522 conservatione
1523 2449 1788 2540 jurium
1843 2451 2203 2522 consilinm
2238 2462 2306 2522 et
2344 2450 2721 2538 auxilium,
2775 2450 3045 2521 sublato
3083 2448 3501 2520 difficultatis

680 2572 1067 2661 obstaculo,
1114 2571 1493 2667 prebeatis3
1540 2594 1775 2645 curam
1814 2584 1881 2646 et
1908 2575 2218 2647 studium
2273 2574 2570 2646 habituri
2618 2584 2739 2662 ut,
2778 2574 2836 2645 si
2882 2575 3056 2645 forte
3105 2572 3354 2644 nobilis
3394 2574 3502 2643 vir

680 2697 976 2769 Ioannes
1005 2695 1095 2767 de
1128 2696 1392 2769 Ibelino
1431 2694 1524 2791 (c)
1556 2717 1638 2769 ac
1690 2697 1989 2791 populus
2018 2697 2439 2769 Acconensis
2469 2696 2777 2788 ejusdem
2810 2695 3369 2789 suggestionibus
3396 2695 3505 2766 in·

682 2819 971 2913 stigatus
998 2819 1090 2892 ad
1129 2819 1586 2893 obsidendam
1616 2820 1968 2892 civitatem
1989 2821 2144 2917 Tyri
2173 2822 2283 2893 vel
2316 2821 2617 2914 aliquam
2648 2829 2975 2892 terrarum
3001 2819 3094 2891 ad
3126 2817 3504 2891 dominium

682 2943 1033 3039 imperiale
1069 2943 1526 3041 spectantium
1564 2942 1942 3039 procedere
1971 2944 2408 3038 aliquatenus
2444 2951 2880 3031 attentarent,
2924 2942 3267 3016 efficacem
3303 2963 3504 3039 opem

682 3077 747 3140 et
767 3089 1047 3163 operam
1072 3068 1431 3163 apponatis
1459 3081 1540 3139 ut
1560 3067 1693 3162 ipsi
1717 3090 1760 3140 a
1786 3090 1915 3141 suo
1944 3080 2196 3141 conatu
2216 3077 2541 3141 corruant
2568 3076 2635 3139 et
2666 3066 3002 3140 adversus
3030 3067 3503 3160 imperatorem

684 3191 1009 3265 eumdem
1039 3214 1116 3265 se
1152 3192 1442 3263 ulterius
1469 3192 1733 3285 erigere
1764 3212 1901 3263 non
1947 3202 2369 3285 presumant.
2400 3192 2650 3285 Sicque
2690 3190 2810 3262 fiat
2834 3189 3055 3285 quod,
3090 3190 3226 3262 illis
3261 3213 3303 3263 a
3344 3212 3505 3263 con·

682 3315 856 3410 cepti
877 3315 1129 3388 erroris
1158 3315 1639 3410 prosecutione
1671 3316 2101 3390 cessantibus
2126 3327 2195 3389 et
2228 3325 2459 3388 vestra
2493 3315 2786 3388 faciente
2809 3313 3178 3410 prudentia
3205 3314 3396 3409 quod
3431 3314 3500 3386 in

679 3437 1004 3531 predictis
1049 3438 1359 3531 partibus
1393 3437 1699 3509 vitentur
1737 3438 2182 3510 dissentionis
2229 3449 2300 3511 et
2342 3439 2646 3511 scandali
2707 3438 3148 3524 detrimenta,
3204 3460 3331 3512 nos
3380 3438 3500 3533 qui

679 3559 1056 3633 bonoribus
1099 3560 1402 3632 Ecclesie
1451 3569 1853 3655 reputamus
1910 3561 2118 3654 adjici
2179 3562 2516 3656 quicquid
2570 3559 2955 3634 secundum
3003 3563 3223 3633 Deum
3283 3570 3507 3656 potest

679 3684 993 3755 utilitatis
1028 3692 1098 3756 et
1129 3684 1344 3778 glorie
1370 3684 1704 3780 imperiali
1742 3686 2152 3760 excellentie
2172 3686 2554 3770 cumulari,
2597 3684 2902 3759 reddatis
2931 3685 3131 3758 vobis
3149 3687 3220 3756 in
3254 3687 3501 3758 vestris

681 3807 1209 3880 necessitatibus
1241 3808 1616 3900 obligatos,
1649 3816 1720 3881 et
1754 3809 2184 3904 imperatoris
2218 3809 2533 3903 ejusdem
2571 3810 2872 3904 potentia
2903 3810 2993 3880 sit
3017 3809 3216 3881 vobis
3248 3830 3498 3903 oppor-

682 3931 868 4002 tunis
900 3931 1324 4024 temporibus
1354 3931 1699 4025 gratiosa;
1752 3933 1988 4004 scituri
2018 3933 2209 4026 quod
2242 3954 2400 4005 cum
2446 3933 2836 4027 sepedictus
2879 3932 3247 4026 imperator
3292 3931 3382 4003 sit
3427 3931 3500 4003 in

683 4064 943 4126 remoto
979 4055 1278 4148 positus,
1328 4075 1544 4147 quare
1576 4054 1776 4126 nobis
1810 4055 1898 4127 de
1924 4078 2208 4129 snorum
2238 4055 2756 4129 conservatione
2788 4054 3047 4146 jurium
3075 4076 3239 4126 cura
3276 4055 3502 4126 immi-

684 4187 793 4249 net
820 4177 1170 4272 specialis,
1215 4177 1273 4249 si
1308 4199 1468 4250 eum
1501 4177 1604 4272 (d)
1631 4177 1704 4249 in
1736 4179 2086 4274 premissis
2108 4181 2223 4253 vel
2246 4179 2399 4253 aliis
2425 4200 2468 4252 a
2500 4159 2943 4271 quocumque
2966 4177 3223 4251 offendi
3246 4179 3506 4251 contin-

764 4379 849 4458 (α)
892 4380 1002 4456 Ap.
1033 4380 1205 4442 Pauli
1223 4396 1389 4458 papa
1413 4395 1622 4454 nonus,
1648 4379 1820 4441 male.

758 4483 829 4561 (b)
867 4485 1047 4546 Deest
1073 4486 1321 4547 verbum
1350 4487 1689 4546 met-camini
1714 4486 1810 4547 vel
1838 4485 2197 4564 hujusmodi.

764 4589 836 4669 (c)
882 4593 1002 4666 Ap.
1032 4590 1206 4651 Pauli
1238 4589 1310 4650 de
1340 4588 1626 4668 Gibelino,
1656 4592 1831 4652 male.

764 4691 852 4772 (d)
896 4694 1011 4772 Ap.
1041 4695 1211 4756 Pauli
1236 4698 1420 4772 enim,
1450 4696 1626 4760 male.

720 4850 726 4856 .
842 4800 950 4864 IV.
993 4816 1105 4860 rm
1128 4819 1172 4860 2.
3116 4810 3190 4863 98
