<?xml version="1.0" encoding="UTF-8"?>
<!DOCTYPE html PUBLIC "-//W3C//DTD XHTML 1.0 Transitional//EN"
    "http://www.w3.org/TR/xhtml1/DTD/xhtml1-transitional.dtd">
<html xmlns="http://www.w3.org/1999/xhtml" xml:lang="en" lang="en">
 <head>
  <title>
</title>
<meta http-equiv="Content-Type" content="text/html;charset=utf-8" />
  <meta name='ocr-system' content='tesseract 3.04.00' />
  <meta name='ocr-capabilities' content='ocr_page ocr_carea ocr_par ocr_line ocrx_word'/>
</head>
<body>
  <div class='ocr_page' id='page_1' title='image "./historiadiploma00empegoog_0241.png"; bbox 0 0 4500 5956; ppageno 0'>
   <div class='ocr_carea' id='block_1_1' title="bbox 685 638 3512 720">
    <p class='ocr_par' dir='ltr' id='par_1_1' title="bbox 685 638 3512 720">
     <span class='ocr_line' id='line_1_1' title="bbox 685 638 3512 720; baseline 0.001 -14"><span class='ocrx_word' id='word_1_1' title='bbox 685 646 879 706; x_wconf 64' lang='lat' dir='ltr'>lma.</span> <span class='ocrx_word' id='word_1_2' title='bbox 907 642 1006 720; x_wconf 81' lang='grc'>9.]</span> <span class='ocrx_word' id='word_1_3' title='bbox 1586 638 1989 703; x_wconf 69' lang='lat' dir='ltr'>HISTORIA</span> <span class='ocrx_word' id='word_1_4' title='bbox 2034 638 2622 704; x_wconf 67' lang='lat' dir='ltr'>nnmouarch.</span> <span class='ocrx_word' id='word_1_5' title='bbox 3391 644 3512 709; x_wconf 80' lang='grc'>783</span> 
     </span>
    </p>
   </div>
   <div class='ocr_carea' id='block_1_2' title="bbox 683 774 3530 3098">
    <p class='ocr_par' dir='ltr' id='par_1_2' title="bbox 683 774 3530 2707">
     <span class='ocr_line' id='line_1_2' title="bbox 684 774 3500 872; baseline -0.001 -20"><span class='ocrx_word' id='word_1_6' title='bbox 684 778 849 852; x_wconf 83' lang='lat' dir='ltr'>toris</span> <span class='ocrx_word' id='word_1_7' title='bbox 879 786 1048 850; x_wconf 85' lang='lat' dir='ltr'>sunt</span> <span class='ocrx_word' id='word_1_8' title='bbox 1080 793 1333 872; x_wconf 72' lang='lat' dir='ltr'>passus</span> <span class='ocrx_word' id='word_1_9' title='bbox 1371 781 1649 848; x_wconf 85' lang='lat' dir='ltr'>centum</span> <span class='ocrx_word' id='word_1_10' title='bbox 1693 774 2070 850; x_wconf 75' lang='lat' dir='ltr'>duodecim</span> <span class='ocrx_word' id='word_1_11' title='bbox 2114 797 2338 872; x_wconf 87' lang='lat' dir='ltr'>usque</span> <span class='ocrx_word' id='word_1_12' title='bbox 2344 830 3500 853; x_wconf 88' lang='grc'><strong>...............</strong></span> 
     </span>
     <span class='ocr_line' id='line_1_3' title="bbox 683 896 3506 997; baseline 0.001 -22"><span class='ocrx_word' id='word_1_13' title='bbox 683 910 840 975; x_wconf 90' lang='lat' dir='ltr'>sunt</span> <span class='ocrx_word' id='word_1_14' title='bbox 874 901 996 975; x_wconf 82' lang='lat' dir='ltr'>tali</span> <span class='ocrx_word' id='word_1_15' title='bbox 1026 898 1119 997; x_wconf 66' lang='grc' dir='ltr'>(Ρ)</span> <span class='ocrx_word' id='word_1_16' title='bbox 1146 919 1359 996; x_wconf 87' lang='lat' dir='ltr'>passu</span> <span class='ocrx_word' id='word_1_17' title='bbox 1394 919 1556 972; x_wconf 87' lang='lat' dir='ltr'>cum</span> <span class='ocrx_word' id='word_1_18' title='bbox 1591 899 1908 995; x_wconf 82' lang='lat' dir='ltr'>quinque</span> <span class='ocrx_word' id='word_1_19' title='bbox 1947 896 2248 995; x_wconf 85' lang='lat' dir='ltr'>pedibus</span> <span class='ocrx_word' id='word_1_20' title='bbox 2292 908 2362 973; x_wconf 89' lang='lat' dir='ltr'>et</span> <span class='ocrx_word' id='word_1_21' title='bbox 2399 898 2572 975; x_wconf 90' lang='lat' dir='ltr'>semi</span> <span class='ocrx_word' id='word_1_22' title='bbox 2612 908 2881 973; x_wconf 88' lang='lat' dir='ltr'>constat</span> <span class='ocrx_word' id='word_1_23' title='bbox 2906 920 3231 975; x_wconf 88' lang='lat' dir='ltr'>mensura</span> <span class='ocrx_word' id='word_1_24' title='bbox 3274 912 3506 978; x_wconf 89' lang='lat' dir='ltr'>autem</span> 
     </span>
     <span class='ocr_line' id='line_1_4' title="bbox 683 1022 3500 1122; baseline -0 -22"><span class='ocrx_word' id='word_1_25' title='bbox 683 1025 879 1122; x_wconf 89' lang='lat' dir='ltr'>pedis</span> <span class='ocrx_word' id='word_1_26' title='bbox 923 1032 1032 1097; x_wconf 90' lang='lat' dir='ltr'>est</span> <span class='ocrx_word' id='word_1_27' title='bbox 1064 1030 1408 1119; x_wconf 88' lang='lat' dir='ltr'>quantum</span> <span class='ocrx_word' id='word_1_28' title='bbox 1460 1044 1504 1095; x_wconf 93' lang='lat' dir='ltr'>a</span> <span class='ocrx_word' id='word_1_29' title='bbox 1546 1022 1889 1119; x_wconf 90' lang='lat' dir='ltr'>principio</span> <span class='ocrx_word' id='word_1_30' title='bbox 1944 1076 2532 1098; x_wconf 89' lang='grc'><strong>........</strong></span> <span class='ocrx_word' id='word_1_31' title='bbox 2590 1024 3272 1121; x_wconf 84' lang='lat' dir='ltr'>conspiciturusque</span> <span class='ocrx_word' id='word_1_32' title='bbox 3319 1077 3342 1097; x_wconf 90' lang='lat'><strong>.</strong></span> <span class='ocrx_word' id='word_1_33' title='bbox 3402 1081 3426 1099; x_wconf 89' lang='lat'><strong>.</strong></span> <span class='ocrx_word' id='word_1_34' title='bbox 3483 1082 3500 1100; x_wconf 92' lang='lat'><strong>.</strong></span> 
     </span>
     <span class='ocr_line' id='line_1_5' title="bbox 686 1145 3508 1245; baseline 0.002 -27"><span class='ocrx_word' id='word_1_35' title='bbox 686 1199 1030 1221; x_wconf 92' lang='grc'><strong>.....</strong></span> <span class='ocrx_word' id='word_1_36' title='bbox 1085 1146 1419 1220; x_wconf 82' lang='lat' dir='ltr'>inciditur</span> <span class='ocrx_word' id='word_1_37' title='bbox 1450 1154 1521 1221; x_wconf 86' lang='lat' dir='ltr'>et</span> <span class='ocrx_word' id='word_1_38' title='bbox 1541 1167 1720 1220; x_wconf 80' lang='lat' dir='ltr'>crux</span> <span class='ocrx_word' id='word_1_39' title='bbox 1759 1145 2188 1242; x_wconf 78' lang='lat' dir='ltr'>designatur.</span> <span class='ocrx_word' id='word_1_40' title='bbox 2221 1147 2310 1219; x_wconf 85' lang='lat' dir='ltr'>Et</span> <span class='ocrx_word' id='word_1_41' title='bbox 2336 1169 2461 1245; x_wconf 91' lang='lat' dir='ltr'>per</span> <span class='ocrx_word' id='word_1_42' title='bbox 2491 1148 2705 1241; x_wconf 81' lang='lat' dir='ltr'>hujus</span> <span class='ocrx_word' id='word_1_43' title='bbox 2731 1146 3159 1222; x_wconf 81' lang='lat' dir='ltr'>vendicionis</span> <span class='ocrx_word' id='word_1_44' title='bbox 3184 1157 3258 1222; x_wconf 90' lang='lat' dir='ltr'>et</span> <span class='ocrx_word' id='word_1_45' title='bbox 3289 1149 3508 1223; x_wconf 84' lang='lat' dir='ltr'>tradi-</span> 
     </span>
     <span class='ocr_line' id='line_1_6' title="bbox 684 1267 3510 1368; baseline 0.001 -25"><span class='ocrx_word' id='word_1_46' title='bbox 684 1270 883 1345; x_wconf 80' lang='lat' dir='ltr'>tionis</span> <span class='ocrx_word' id='word_1_47' title='bbox 919 1268 1508 1345; x_wconf 85' lang='lat' dir='ltr'>confirmationem</span> <span class='ocrx_word' id='word_1_48' title='bbox 1540 1267 1944 1368; x_wconf 86' lang='lat' dir='ltr'>profitemur</span> <span class='ocrx_word' id='word_1_49' title='bbox 1978 1291 2106 1344; x_wconf 89' lang='lat' dir='ltr'>nos</span> <span class='ocrx_word' id='word_1_50' title='bbox 2131 1292 2175 1343; x_wconf 92' lang='lat' dir='ltr'>a</span> <span class='ocrx_word' id='word_1_51' title='bbox 2198 1270 2530 1367; x_wconf 80' lang='lat' dir='ltr'>predictis</span> <span class='ocrx_word' id='word_1_52' title='bbox 2562 1270 2820 1345; x_wconf 79' lang='lat' dir='ltr'>Iacobo</span> <span class='ocrx_word' id='word_1_53' title='bbox 2846 1270 2938 1345; x_wconf 91' lang='lat' dir='ltr'>de</span> <span class='ocrx_word' id='word_1_54' title='bbox 2969 1271 3272 1366; x_wconf 85' lang='lat' dir='ltr'>Padulo,</span> <span class='ocrx_word' id='word_1_55' title='bbox 3307 1273 3510 1347; x_wconf 90' lang='lat' dir='ltr'>Petro</span> 
     </span>
     <span class='ocr_line' id='line_1_7' title="bbox 685 1391 3506 1489; baseline 0 -21"><span class='ocrx_word' id='word_1_56' title='bbox 685 1391 990 1470; x_wconf 88' lang='lat' dir='ltr'>Oddonis</span> <span class='ocrx_word' id='word_1_57' title='bbox 1033 1404 1109 1468; x_wconf 81' lang='lat' dir='ltr'>et</span> <span class='ocrx_word' id='word_1_58' title='bbox 1143 1394 1399 1469; x_wconf 85' lang='lat' dir='ltr'>Jacobo</span> <span class='ocrx_word' id='word_1_59' title='bbox 1438 1394 1531 1469; x_wconf 91' lang='lat' dir='ltr'>de</span> <span class='ocrx_word' id='word_1_60' title='bbox 1578 1393 1874 1489; x_wconf 88' lang='lat' dir='ltr'>Caleppa</span> <span class='ocrx_word' id='word_1_61' title='bbox 1905 1402 2046 1468; x_wconf 87' lang='lat' dir='ltr'>tres</span> <span class='ocrx_word' id='word_1_62' title='bbox 2078 1394 2322 1467; x_wconf 90' lang='lat' dir='ltr'>uncias</span> <span class='ocrx_word' id='word_1_63' title='bbox 2364 1403 2434 1467; x_wconf 92' lang='lat' dir='ltr'>et</span> <span class='ocrx_word' id='word_1_64' title='bbox 2463 1393 2826 1469; x_wconf 80' lang='lat' dir='ltr'>dimidiam</span> <span class='ocrx_word' id='word_1_65' title='bbox 2857 1395 3009 1467; x_wconf 87' lang='lat' dir='ltr'>auri</span> <span class='ocrx_word' id='word_1_66' title='bbox 3053 1416 3214 1468; x_wconf 86' lang='lat' dir='ltr'>cum</span> <span class='ocrx_word' id='word_1_67' title='bbox 3258 1394 3506 1469; x_wconf 82' lang='lat' dir='ltr'>defini·</span> 
     </span>
     <span class='ocr_line' id='line_1_8' title="bbox 688 1516 3507 1615; baseline 0.001 -24"><span class='ocrx_word' id='word_1_68' title='bbox 688 1518 881 1592; x_wconf 89' lang='lat' dir='ltr'>cione</span> <span class='ocrx_word' id='word_1_69' title='bbox 935 1539 1065 1615; x_wconf 91' lang='lat' dir='ltr'>pro</span> <span class='ocrx_word' id='word_1_70' title='bbox 1128 1526 1326 1615; x_wconf 89' lang='lat' dir='ltr'>parte</span> <span class='ocrx_word' id='word_1_71' title='bbox 1375 1517 1566 1591; x_wconf 88' lang='lat' dir='ltr'>curie</span> <span class='ocrx_word' id='word_1_72' title='bbox 1617 1517 1981 1615; x_wconf 86' lang='lat' dir='ltr'>recepisse.</span> <span class='ocrx_word' id='word_1_73' title='bbox 2016 1517 2217 1592; x_wconf 91' lang='lat' dir='ltr'>Unde</span> <span class='ocrx_word' id='word_1_74' title='bbox 2253 1538 2379 1591; x_wconf 89' lang='lat' dir='ltr'>nos</span> <span class='ocrx_word' id='word_1_75' title='bbox 2423 1516 2720 1614; x_wconf 78' lang='lat' dir='ltr'>predicti</span> <span class='ocrx_word' id='word_1_76' title='bbox 2747 1518 3143 1593; x_wconf 86' lang='lat' dir='ltr'>collectores</span> <span class='ocrx_word' id='word_1_77' title='bbox 3169 1518 3262 1593; x_wconf 94' lang='lat' dir='ltr'>de</span> <span class='ocrx_word' id='word_1_78' title='bbox 3294 1542 3507 1593; x_wconf 86' lang='lat' dir='ltr'>man-</span> 
     </span>
     <span class='ocr_line' id='line_1_9' title="bbox 690 1640 3512 1740; baseline 0 -23"><span class='ocrx_word' id='word_1_79' title='bbox 690 1643 850 1718; x_wconf 86' lang='lat' dir='ltr'>dato</span> <span class='ocrx_word' id='word_1_80' title='bbox 884 1643 1078 1716; x_wconf 88' lang='lat' dir='ltr'>curie</span> <span class='ocrx_word' id='word_1_81' title='bbox 1104 1642 1491 1716; x_wconf 88' lang='lat' dir='ltr'>voluntarie</span> <span class='ocrx_word' id='word_1_82' title='bbox 1525 1662 1759 1715; x_wconf 84' lang='lat' dir='ltr'>coram</span> <span class='ocrx_word' id='word_1_83' title='bbox 1780 1642 2047 1738; x_wconf 78' lang='lat' dir='ltr'>prefato</span> <span class='ocrx_word' id='word_1_84' title='bbox 2070 1640 2311 1736; x_wconf 81' lang='lat' dir='ltr'>judice</span> <span class='ocrx_word' id='word_1_85' title='bbox 2337 1641 2620 1716; x_wconf 86' lang='lat' dir='ltr'>Nicolao</span> <span class='ocrx_word' id='word_1_86' title='bbox 2648 1651 2719 1715; x_wconf 92' lang='lat' dir='ltr'>et</span> <span class='ocrx_word' id='word_1_87' title='bbox 2747 1642 3041 1716; x_wconf 87' lang='lat' dir='ltr'>testibus</span> <span class='ocrx_word' id='word_1_88' title='bbox 3059 1643 3512 1740; x_wconf 79' lang='lat' dir='ltr'>infrascriptis</span> 
     </span>
     <span class='ocr_line' id='line_1_10' title="bbox 686 1763 3510 1864; baseline -0 -23"><span class='ocrx_word' id='word_1_89' title='bbox 686 1763 1153 1860; x_wconf 82' lang='lat' dir='ltr'>obligavimus</span> <span class='ocrx_word' id='word_1_90' title='bbox 1180 1788 1308 1840; x_wconf 86' lang='lat' dir='ltr'>nos</span> <span class='ocrx_word' id='word_1_91' title='bbox 1331 1787 1460 1864; x_wconf 93' lang='lat' dir='ltr'>pro</span> <span class='ocrx_word' id='word_1_92' title='bbox 1488 1774 1684 1863; x_wconf 87' lang='lat' dir='ltr'>parte</span> <span class='ocrx_word' id='word_1_93' title='bbox 1715 1766 1907 1840; x_wconf 91' lang='lat' dir='ltr'>curie</span> <span class='ocrx_word' id='word_1_94' title='bbox 1942 1764 2210 1840; x_wconf 89' lang='lat' dir='ltr'>eisdem</span> <span class='ocrx_word' id='word_1_95' title='bbox 2234 1766 2491 1839; x_wconf 80' lang='lat' dir='ltr'>Jaooho</span> <span class='ocrx_word' id='word_1_96' title='bbox 2523 1764 2615 1840; x_wconf 89' lang='lat' dir='ltr'>de</span> <span class='ocrx_word' id='word_1_97' title='bbox 2639 1764 2942 1859; x_wconf 85' lang='lat' dir='ltr'>Padulo,</span> <span class='ocrx_word' id='word_1_98' title='bbox 2972 1766 3174 1839; x_wconf 85' lang='lat' dir='ltr'>Petro</span> <span class='ocrx_word' id='word_1_99' title='bbox 3196 1766 3510 1842; x_wconf 90' lang='lat' dir='ltr'>Oddonis</span> 
     </span>
     <span class='ocr_line' id='line_1_11' title="bbox 687 1886 3500 1986; baseline 0.001 -24"><span class='ocrx_word' id='word_1_100' title='bbox 687 1898 752 1962; x_wconf 92' lang='lat' dir='ltr'>et</span> <span class='ocrx_word' id='word_1_101' title='bbox 778 1891 1033 1966; x_wconf 77' lang='lat' dir='ltr'>Iacobo</span> <span class='ocrx_word' id='word_1_102' title='bbox 1070 1889 1162 1964; x_wconf 92' lang='lat' dir='ltr'>de</span> <span class='ocrx_word' id='word_1_103' title='bbox 1196 1889 1493 1986; x_wconf 88' lang='lat' dir='ltr'>Caleppa</span> <span class='ocrx_word' id='word_1_104' title='bbox 1530 1898 1875 1964; x_wconf 91' lang='lat' dir='ltr'>eteorum</span> <span class='ocrx_word' id='word_1_105' title='bbox 1908 1886 2287 1963; x_wconf 87' lang='lat' dir='ltr'>heredibus</span> <span class='ocrx_word' id='word_1_106' title='bbox 2330 1910 2455 1986; x_wconf 90' lang='lat' dir='ltr'>per</span> <span class='ocrx_word' id='word_1_107' title='bbox 2508 1942 2529 1961; x_wconf 92' lang='lat'><strong>.</strong></span> <span class='ocrx_word' id='word_1_108' title='bbox 2588 1941 2615 1960; x_wconf 89' lang='lat'>.</span> <span class='ocrx_word' id='word_1_109' title='bbox 2672 1942 2694 1962; x_wconf 87' lang='lat'><em>.</em></span> <span class='ocrx_word' id='word_1_110' title='bbox 2754 1944 2775 1960; x_wconf 90' lang='lat'>.</span> <span class='ocrx_word' id='word_1_111' title='bbox 2832 1941 3500 1964; x_wconf 89' lang='grc'><strong>.........</strong></span> 
     </span>
     <span class='ocr_line' id='line_1_12' title="bbox 686 2007 3508 2111; baseline -0 -24"><span class='ocrx_word' id='word_1_112' title='bbox 686 2035 859 2110; x_wconf 87' lang='lat' dir='ltr'>quas</span> <span class='ocrx_word' id='word_1_113' title='bbox 906 2013 1009 2088; x_wconf 90' lang='lat' dir='ltr'>eis</span> <span class='ocrx_word' id='word_1_114' title='bbox 1035 2012 1297 2107; x_wconf 82' lang='lat' dir='ltr'>judicis</span> <span class='ocrx_word' id='word_1_115' title='bbox 1334 2013 1795 2110; x_wconf 84' lang='lat' dir='ltr'>prenominati</span> <span class='ocrx_word' id='word_1_116' title='bbox 1845 2012 2112 2107; x_wconf 85' lang='lat' dir='ltr'>judicio</span> <span class='ocrx_word' id='word_1_117' title='bbox 2148 2011 2495 2099; x_wconf 88' lang='lat' dir='ltr'>dedimus,</span> <span class='ocrx_word' id='word_1_118' title='bbox 2528 2007 2712 2111; x_wconf 89' lang='lat' dir='ltr'>[pro]</span> <span class='ocrx_word' id='word_1_119' title='bbox 2738 2012 2889 2109; x_wconf 84' lang='lat' dir='ltr'>ipsa</span> <span class='ocrx_word' id='word_1_120' title='bbox 2933 2011 3127 2086; x_wconf 88' lang='lat' dir='ltr'>curia</span> <span class='ocrx_word' id='word_1_121' title='bbox 3163 2013 3508 2110; x_wconf 84' lang='lat' dir='ltr'>imperiali</span> 
     </span>
     <span class='ocr_line' id='line_1_13' title="bbox 688 2134 3530 2233; baseline 0 -24"><span class='ocrx_word' id='word_1_122' title='bbox 688 2135 1142 2231; x_wconf 88' lang='lat' dir='ltr'>fidejubentes</span> <span class='ocrx_word' id='word_1_123' title='bbox 1173 2136 1506 2231; x_wconf 88' lang='lat' dir='ltr'>quatinus</span> <span class='ocrx_word' id='word_1_124' title='bbox 1545 2135 1806 2209; x_wconf 89' lang='lat' dir='ltr'>dictam</span> <span class='ocrx_word' id='word_1_125' title='bbox 1832 2145 2080 2208; x_wconf 86' lang='lat' dir='ltr'>terram</span> <span class='ocrx_word' id='word_1_126' title='bbox 2112 2136 2214 2209; x_wconf 89' lang='lat' dir='ltr'>eis</span> <span class='ocrx_word' id='word_1_127' title='bbox 2262 2146 2599 2208; x_wconf 91' lang='lat' dir='ltr'>eteorum</span> <span class='ocrx_word' id='word_1_128' title='bbox 2634 2134 3013 2210; x_wconf 84' lang='lat' dir='ltr'>heredibus</span> <span class='ocrx_word' id='word_1_129' title='bbox 3060 2136 3255 2209; x_wconf 86' lang='lat' dir='ltr'>curia</span> <span class='ocrx_word' id='word_1_130' title='bbox 3285 2137 3530 2233; x_wconf 83' lang='lat' dir='ltr'>impe-·</span> 
     </span>
     <span class='ocr_line' id='line_1_14' title="bbox 687 2256 3508 2355; baseline -0 -23"><span class='ocrx_word' id='word_1_131' title='bbox 687 2260 871 2333; x_wconf 86' lang='lat' dir='ltr'>rialis</span> <span class='ocrx_word' id='word_1_132' title='bbox 906 2260 1001 2332; x_wconf 90' lang='lat' dir='ltr'>ab</span> <span class='ocrx_word' id='word_1_133' title='bbox 1034 2260 1358 2333; x_wconf 89' lang='lat' dir='ltr'>omnibus</span> <span class='ocrx_word' id='word_1_134' title='bbox 1392 2257 1713 2331; x_wconf 85' lang='lat' dir='ltr'>hostibus</span> <span class='ocrx_word' id='word_1_135' title='bbox 1750 2266 2091 2331; x_wconf 72' lang='lat' dir='ltr'>antaetare</span> <span class='ocrx_word' id='word_1_136' title='bbox 2125 2266 2196 2331; x_wconf 87' lang='lat' dir='ltr'>et</span> <span class='ocrx_word' id='word_1_137' title='bbox 2226 2256 2602 2331; x_wconf 81' lang='lat' dir='ltr'>defendere</span> <span class='ocrx_word' id='word_1_138' title='bbox 2635 2256 2922 2349; x_wconf 86' lang='lat' dir='ltr'>debeat,</span> <span class='ocrx_word' id='word_1_139' title='bbox 2964 2267 3036 2330; x_wconf 89' lang='lat' dir='ltr'>et</span> <span class='ocrx_word' id='word_1_140' title='bbox 3071 2257 3166 2332; x_wconf 91' lang='lat' dir='ltr'>ad</span> <span class='ocrx_word' id='word_1_141' title='bbox 3197 2259 3508 2355; x_wconf 89' lang='lat' dir='ltr'>ipsorum</span> 
     </span>
     <span class='ocr_line' id='line_1_15' title="bbox 688 2380 3514 2479; baseline -0.001 -21"><span class='ocrx_word' id='word_1_142' title='bbox 688 2384 1025 2458; x_wconf 89' lang='lat' dir='ltr'>cautelam</span> <span class='ocrx_word' id='word_1_143' title='bbox 1068 2403 1355 2478; x_wconf 88' lang='lat' dir='ltr'>presens</span> <span class='ocrx_word' id='word_1_144' title='bbox 1397 2383 1932 2455; x_wconf 89' lang='lat' dir='ltr'>instrumentum</span> <span class='ocrx_word' id='word_1_145' title='bbox 1970 2382 2233 2455; x_wconf 84' lang='lat' dir='ltr'>factum</span> <span class='ocrx_word' id='word_1_146' title='bbox 2266 2388 2397 2454; x_wconf 88' lang='lat' dir='ltr'>est.</span> <span class='ocrx_word' id='word_1_147' title='bbox 2450 2381 2656 2467; x_wconf 84' lang='lat' dir='ltr'>Quod</span> <span class='ocrx_word' id='word_1_148' title='bbox 2703 2382 2948 2479; x_wconf 89' lang='lat' dir='ltr'>scripsi</span> <span class='ocrx_word' id='word_1_149' title='bbox 2985 2402 3116 2478; x_wconf 82' lang='lat' dir='ltr'>ego</span> <span class='ocrx_word' id='word_1_150' title='bbox 3163 2380 3514 2456; x_wconf 87' lang='lat' dir='ltr'>Guarinus</span> 
     </span>
     <span class='ocr_line' id='line_1_16' title="bbox 688 2504 3514 2602; baseline -0 -21"><span class='ocrx_word' id='word_1_151' title='bbox 688 2508 881 2583; x_wconf 88' lang='lat' dir='ltr'>Troie</span> <span class='ocrx_word' id='word_1_152' title='bbox 914 2506 1223 2581; x_wconf 86' lang='lat' dir='ltr'>notarius</span> <span class='ocrx_word' id='word_1_153' title='bbox 1265 2506 1391 2602; x_wconf 80' lang='lat' dir='ltr'>qui</span> <span class='ocrx_word' id='word_1_154' title='bbox 1422 2505 1735 2598; x_wconf 83' lang='lat' dir='ltr'>interfui,</span> <span class='ocrx_word' id='word_1_155' title='bbox 1774 2505 1847 2577; x_wconf 91' lang='lat' dir='ltr'>in</span> <span class='ocrx_word' id='word_1_156' title='bbox 1881 2526 2122 2580; x_wconf 89' lang='lat' dir='ltr'>mense</span> <span class='ocrx_word' id='word_1_157' title='bbox 2153 2513 2226 2578; x_wconf 90' lang='lat' dir='ltr'>et</span> <span class='ocrx_word' id='word_1_158' title='bbox 2258 2504 2659 2602; x_wconf 89' lang='lat' dir='ltr'>supradicta</span> <span class='ocrx_word' id='word_1_159' title='bbox 2689 2504 3104 2601; x_wconf 77' lang='lat' dir='ltr'>indIctione,</span> <span class='ocrx_word' id='word_1_160' title='bbox 3130 2506 3206 2578; x_wconf 92' lang='lat' dir='ltr'>in</span> <span class='ocrx_word' id='word_1_161' title='bbox 3230 2505 3514 2580; x_wconf 83' lang='lat' dir='ltr'>civitate</span> 
     </span>
     <span class='ocr_line' id='line_1_17' title="bbox 687 2632 907 2707; baseline -0.009 0"><span class='ocrx_word' id='word_1_162' title='bbox 687 2632 907 2707; x_wconf 81' lang='lat' dir='ltr'>Troia.</span> 
     </span>
    </p>

    <p class='ocr_par' dir='ltr' id='par_1_3' title="bbox 780 2749 3163 2851">
     <span class='ocr_line' id='line_1_18' title="bbox 780 2749 3163 2851; baseline -0 -22"><span class='ocrx_word' id='word_1_163' title='bbox 780 2754 832 2845; x_wconf 55' lang='grc' dir='ltr'>ἦ·</span> <span class='ocrx_word' id='word_1_164' title='bbox 880 2756 1031 2849; x_wconf 81' lang='lat' dir='ltr'>Ego</span> <span class='ocrx_word' id='word_1_165' title='bbox 1061 2753 1186 2849; x_wconf 91' lang='lat' dir='ltr'>qui</span> <span class='ocrx_word' id='word_1_166' title='bbox 1220 2775 1435 2851; x_wconf 88' lang='lat' dir='ltr'>supra</span> <span class='ocrx_word' id='word_1_167' title='bbox 1457 2753 1788 2827; x_wconf 89' lang='lat' dir='ltr'>Nicolaus</span> <span class='ocrx_word' id='word_1_168' title='bbox 1813 2749 1906 2828; x_wconf 92' lang='lat' dir='ltr'>de</span> <span class='ocrx_word' id='word_1_169' title='bbox 1939 2755 2276 2849; x_wconf 86' lang='lat' dir='ltr'>Sperano,</span> <span class='ocrx_word' id='word_1_170' title='bbox 2295 2752 2492 2826; x_wconf 85' lang='lat' dir='ltr'>Troie</span> <span class='ocrx_word' id='word_1_171' title='bbox 2518 2751 2892 2851; x_wconf 86' lang='lat' dir='ltr'>imperialis</span> <span class='ocrx_word' id='word_1_172' title='bbox 2905 2750 3163 2847; x_wconf 75' lang='lat' dir='ltr'>judex.</span> 
     </span>
    </p>

    <p class='ocr_par' dir='ltr' id='par_1_4' title="bbox 779 2874 2362 2972">
     <span class='ocr_line' id='line_1_19' title="bbox 779 2874 2362 2972; baseline -0.003 -21"><span class='ocrx_word' id='word_1_173' title='bbox 779 2876 832 2969; x_wconf 81' lang='lat'>·1·</span> <span class='ocrx_word' id='word_1_174' title='bbox 878 2879 1030 2972; x_wconf 83' lang='lat' dir='ltr'>Ego</span> <span class='ocrx_word' id='word_1_175' title='bbox 1084 2929 1828 2949; x_wconf 92' lang='grc'><strong>..........</strong></span> <span class='ocrx_word' id='word_1_176' title='bbox 1886 2874 2072 2948; x_wconf 88' lang='lat' dir='ltr'>filius</span> <span class='ocrx_word' id='word_1_177' title='bbox 2103 2874 2362 2970; x_wconf 80' lang='lat' dir='ltr'>Egidii.</span> 
     </span>
    </p>

    <p class='ocr_par' dir='ltr' id='par_1_5' title="bbox 780 2999 2564 3098">
     <span class='ocr_line' id='line_1_20' title="bbox 780 2999 2564 3098; baseline -0.002 -22"><span class='ocrx_word' id='word_1_178' title='bbox 780 3003 835 3096; x_wconf 75' lang='lat'>·1-</span> <span class='ocrx_word' id='word_1_179' title='bbox 879 3002 1032 3098; x_wconf 80' lang='lat' dir='ltr'>Ego</span> <span class='ocrx_word' id='word_1_180' title='bbox 1059 2999 1326 3076; x_wconf 87' lang='lat' dir='ltr'>Probus</span> <span class='ocrx_word' id='word_1_181' title='bbox 1357 3000 1450 3075; x_wconf 92' lang='lat' dir='ltr'>de</span> <span class='ocrx_word' id='word_1_182' title='bbox 1503 3050 2099 3074; x_wconf 85' lang='grc'><strong>........</strong></span> <span class='ocrx_word' id='word_1_183' title='bbox 2160 3000 2353 3073; x_wconf 84' lang='lat' dir='ltr'>testis</span> <span class='ocrx_word' id='word_1_184' title='bbox 2380 3021 2564 3073; x_wconf 88' lang='lat' dir='ltr'>sum.</span> 
     </span>
    </p>
   </div>
   <div class='ocr_carea' id='block_1_3' title="bbox 688 3590 3879 4236">
    <p class='ocr_par' dir='ltr' id='par_1_6' title="bbox 688 3590 3879 4236">
     <span class='ocr_line' id='line_1_21' title="bbox 787 3590 3879 3702; baseline -0.002 -21"><span class='ocrx_word' id='word_1_185' title='bbox 787 3596 1260 3702; x_wconf 80' lang='lat' dir='ltr'>FridericuS‚</span> <span class='ocrx_word' id='word_1_186' title='bbox 1305 3595 1831 3680; x_wconf 88' lang='lat' dir='ltr'>Romanorum</span> <span class='ocrx_word' id='word_1_187' title='bbox 1891 3594 2339 3702; x_wconf 82' lang='lat' dir='ltr'>imperator,</span> <span class='ocrx_word' id='word_1_188' title='bbox 2377 3591 2784 3676; x_wconf 84' lang='lat' dir='ltr'>buticlario</span> <span class='ocrx_word' id='word_1_189' title='bbox 2834 3591 2934 3674; x_wconf 91' lang='lat' dir='ltr'>de</span> <span class='ocrx_word' id='word_1_190' title='bbox 2984 3590 3508 3699; x_wconf 86' lang='lat' dir='ltr'>Nurenberch‚</span> <span class='ocrx_word' id='word_1_191' title='bbox 3598 3600 3879 3699; x_wconf 40' lang='lat' dir='ltr'>gaz-2¹33</span> 
     </span>
     <span class='ocr_line' id='line_1_22' title="bbox 691 3723 3513 3840; baseline -0.003 -27"><span class='ocrx_word' id='word_1_192' title='bbox 691 3730 787 3813; x_wconf 87' lang='lat' dir='ltr'>ad</span> <span class='ocrx_word' id='word_1_193' title='bbox 829 3728 1227 3840; x_wconf 84' lang='lat' dir='ltr'>querelam</span> <span class='ocrx_word' id='word_1_194' title='bbox 1276 3725 1687 3837; x_wconf 83' lang='lat' dir='ltr'>praepositi</span> <span class='ocrx_word' id='word_1_195' title='bbox 1741 3734 1817 3810; x_wconf 85' lang='lat' dir='ltr'>et</span> <span class='ocrx_word' id='word_1_196' title='bbox 1894 3735 2314 3809; x_wconf 77' lang='lat' dir='ltr'>conventus</span> <span class='ocrx_word' id='word_1_197' title='bbox 2366 3725 2465 3808; x_wconf 91' lang='lat' dir='ltr'>de</span> <span class='ocrx_word' id='word_1_198' title='bbox 2516 3724 2966 3833; x_wconf 87' lang='lat' dir='ltr'>Speinshart</span> <span class='ocrx_word' id='word_1_199' title='bbox 3003 3723 3372 3830; x_wconf 86' lang='lat' dir='ltr'>mandat,</span> <span class='ocrx_word' id='word_1_200' title='bbox 3424 3732 3513 3806; x_wconf 84' lang='lat' dir='ltr'>ut</span> 
     </span>
     <span class='ocr_line' id='line_1_23' title="bbox 692 3856 3508 3971; baseline -0.004 -25"><span class='ocrx_word' id='word_1_201' title='bbox 692 3888 917 3947; x_wconf 90' lang='lat' dir='ltr'>causa</span> <span class='ocrx_word' id='word_1_202' title='bbox 978 3860 1345 3971; x_wconf 86' lang='lat' dir='ltr'>inquisita</span> <span class='ocrx_word' id='word_1_203' title='bbox 1398 3885 1628 3970; x_wconf 89' lang='lat' dir='ltr'>super</span> <span class='ocrx_word' id='word_1_204' title='bbox 1682 3858 2077 3942; x_wconf 86' lang='lat' dir='ltr'>advocatia</span> <span class='ocrx_word' id='word_1_205' title='bbox 2128 3857 2488 3941; x_wconf 80' lang='lat' dir='ltr'>villarum</span> <span class='ocrx_word' id='word_1_206' title='bbox 2540 3856 3057 3965; x_wconf 87' lang='lat' dir='ltr'>quarumdam</span> <span class='ocrx_word' id='word_1_207' title='bbox 3111 3865 3508 3964; x_wconf 84' lang='lat' dir='ltr'>arrogata,</span> 
     </span>
     <span class='ocr_line' id='line_1_24' title="bbox 689 3985 3508 4105; baseline -0.003 -29"><span class='ocrx_word' id='word_1_208' title='bbox 689 3994 1151 4105; x_wconf 82' lang='lat' dir='ltr'>lantgravios</span> <span class='ocrx_word' id='word_1_209' title='bbox 1186 3994 1285 4077; x_wconf 89' lang='lat' dir='ltr'>de</span> <span class='ocrx_word' id='word_1_210' title='bbox 1318 3991 1722 4099; x_wconf 84' lang='lat' dir='ltr'>Waldeck‚</span> <span class='ocrx_word' id='word_1_211' title='bbox 1762 3992 1859 4074; x_wconf 90' lang='lat' dir='ltr'>de</span> <span class='ocrx_word' id='word_1_212' title='bbox 1894 3988 2511 4074; x_wconf 89' lang='lat' dir='ltr'>Leuchtenberch</span> <span class='ocrx_word' id='word_1_213' title='bbox 2546 3996 2621 4070; x_wconf 88' lang='lat' dir='ltr'>et</span> <span class='ocrx_word' id='word_1_214' title='bbox 2662 3985 3076 4068; x_wconf 90' lang='lat' dir='ltr'>Henricum</span> <span class='ocrx_word' id='word_1_215' title='bbox 3105 3987 3201 4068; x_wconf 91' lang='lat' dir='ltr'>de</span> <span class='ocrx_word' id='word_1_216' title='bbox 3237 3986 3296 4068; x_wconf 93' lang='lat' dir='ltr'>T</span> <span class='ocrx_word' id='word_1_217' title='bbox 3301 4012 3508 4068; x_wconf 91' lang='lat' dir='ltr'>urn-</span> 
     </span>
     <span class='ocr_line' id='line_1_25' title="bbox 688 4117 3023 4236; baseline -0.005 -25"><span class='ocrx_word' id='word_1_218' title='bbox 688 4125 890 4235; x_wconf 82' lang='lat' dir='ltr'>dorf,</span> <span class='ocrx_word' id='word_1_219' title='bbox 931 4127 1030 4211; x_wconf 92' lang='lat' dir='ltr'>ab</span> <span class='ocrx_word' id='word_1_220' title='bbox 1066 4125 1278 4210; x_wconf 91' lang='lat' dir='ltr'>omni</span> <span class='ocrx_word' id='word_1_221' title='bbox 1314 4122 1842 4210; x_wconf 88' lang='lat' dir='ltr'>molestatione</span> <span class='ocrx_word' id='word_1_222' title='bbox 1876 4120 2061 4208; x_wconf 85' lang='lat' dir='ltr'>dicti</span> <span class='ocrx_word' id='word_1_223' title='bbox 2093 4117 2499 4232; x_wconf 83' lang='lat' dir='ltr'>praepositi</span> <span class='ocrx_word' id='word_1_224' title='bbox 2533 4124 2988 4228; x_wconf 83' lang='lat' dir='ltr'>compescat.</span> <span class='ocrx_word' id='word_1_225' title='bbox 3018 4231 3023 4236; x_wconf 14' lang='grc' dir='ltr'><strong>θ</strong></span> 
     </span>
    </p>
   </div>
   <div class='ocr_carea' id='block_1_4' title="bbox 844 4329 3509 4420">
    <p class='ocr_par' dir='ltr' id='par_1_7' title="bbox 844 4329 3509 4420">
     <span class='ocr_line' id='line_1_26' title="bbox 844 4329 3509 4420; baseline -0.002 -17"><span class='ocrx_word' id='word_1_226' title='bbox 844 4341 1114 4420; x_wconf 81' lang='lat' dir='ltr'>(Editum</span> <span class='ocrx_word' id='word_1_227' title='bbox 1137 4341 1331 4419; x_wconf 84' lang='lat' dir='ltr'>prima</span> <span class='ocrx_word' id='word_1_228' title='bbox 1362 4339 1497 4401; x_wconf 79' lang='lat' dir='ltr'>vice</span> <span class='ocrx_word' id='word_1_229' title='bbox 1539 4355 1635 4417; x_wconf 86' lang='lat' dir='ltr'>ap.</span> <span class='ocrx_word' id='word_1_230' title='bbox 1667 4337 1926 4399; x_wconf 78' lang='lat' dir='ltr'>Menum.</span> <span class='ocrx_word' id='word_1_231' title='bbox 1970 4337 2159 4412; x_wconf 71' lang='lat' dir='ltr'>Boic„</span> <span class='ocrx_word' id='word_1_232' title='bbox 2190 4342 2336 4397; x_wconf 89' lang='lat' dir='ltr'>tom.</span> <span class='ocrx_word' id='word_1_233' title='bbox 2370 4332 2566 4415; x_wconf 85' lang='lat' dir='ltr'>XXX,</span> <span class='ocrx_word' id='word_1_234' title='bbox 2589 4352 2653 4413; x_wconf 91' lang='lat' dir='ltr'>p.</span> <span class='ocrx_word' id='word_1_235' title='bbox 2685 4340 2826 4412; x_wconf 72' lang='lat'>242,</span> <span class='ocrx_word' id='word_1_236' title='bbox 2852 4349 3024 4396; x_wconf 89' lang='lat' dir='ltr'>num.</span> <span class='ocrx_word' id='word_1_237' title='bbox 3049 4329 3509 4398; x_wconf 80' lang='lat' dir='ltr'>Dccxxxvn.</span> 
     </span>
    </p>
   </div>
   <div class='ocr_carea' id='block_1_5' title="bbox 924 4441 3513 4632">
    <p class='ocr_par' dir='ltr' id='par_1_8' title="bbox 924 4441 3513 4632">
     <span class='ocr_line' id='line_1_27' title="bbox 924 4441 3513 4530; baseline -0.003 -21"><span class='ocrx_word' id='word_1_238' title='bbox 924 4446 1174 4510; x_wconf 86' lang='lat' dir='ltr'>Nullum</span> <span class='ocrx_word' id='word_1_239' title='bbox 1219 4446 1462 4530; x_wconf 81' lang='lat' dir='ltr'>quidem</span> <span class='ocrx_word' id='word_1_240' title='bbox 1513 4446 1811 4525; x_wconf 83' lang='lat' dir='ltr'>appendet</span> <span class='ocrx_word' id='word_1_241' title='bbox 1854 4446 2116 4524; x_wconf 78' lang='lat' dir='ltr'>sigillum</span> <span class='ocrx_word' id='word_1_242' title='bbox 2137 4490 2160 4523; x_wconf 91' lang='lat'>,</span> <span class='ocrx_word' id='word_1_243' title='bbox 2201 4444 2557 4522; x_wconf 77' lang='lat' dir='ltr'>nullumque</span> <span class='ocrx_word' id='word_1_244' title='bbox 2596 4443 2840 4521; x_wconf 79' lang='lat' dir='ltr'>appensi</span> <span class='ocrx_word' id='word_1_245' title='bbox 2880 4447 2987 4503; x_wconf 85' lang='lat' dir='ltr'>aut</span> <span class='ocrx_word' id='word_1_246' title='bbox 3026 4442 3294 4520; x_wconf 77' lang='lat' dir='ltr'>impressi</span> <span class='ocrx_word' id='word_1_247' title='bbox 3334 4441 3513 4503; x_wconf 87' lang='lat' dir='ltr'>modo</span> 
     </span>
     <span class='ocr_line' id='line_1_28' title="bbox 926 4543 3512 4632; baseline -0.003 -18"><span class='ocrx_word' id='word_1_248' title='bbox 926 4559 1107 4614; x_wconf 85' lang='lat' dir='ltr'>restat</span> <span class='ocrx_word' id='word_1_249' title='bbox 1143 4552 1488 4632; x_wconf 79' lang='lat' dir='ltr'>vestiglum.</span> <span class='ocrx_word' id='word_1_250' title='bbox 1517 4549 1944 4613; x_wconf 86' lang='lat' dir='ltr'>Verumtamen</span> <span class='ocrx_word' id='word_1_251' title='bbox 1977 4566 2116 4611; x_wconf 89' lang='lat' dir='ltr'>cum</span> <span class='ocrx_word' id='word_1_252' title='bbox 2142 4549 2447 4611; x_wconf 87' lang='lat' dir='ltr'>character</span> <span class='ocrx_word' id='word_1_253' title='bbox 2472 4550 2795 4626; x_wconf 85' lang='lat' dir='ltr'>scripturae</span> <span class='ocrx_word' id='word_1_254' title='bbox 2818 4564 2890 4609; x_wconf 89' lang='lat' dir='ltr'>ac</span> <span class='ocrx_word' id='word_1_255' title='bbox 2915 4547 3106 4609; x_wconf 85' lang='lat' dir='ltr'>forma</span> <span class='ocrx_word' id='word_1_256' title='bbox 3135 4543 3512 4608; x_wconf 84' lang='lat' dir='ltr'>membranae</span> 
     </span>
    </p>
   </div>
   <div class='ocr_carea' id='block_1_6' title="bbox 927 4649 3522 4844">
    <p class='ocr_par' dir='ltr' id='par_1_9' title="bbox 927 4649 3522 4844">
     <span class='ocr_line' id='line_1_29' title="bbox 927 4649 3516 4737; baseline -0.003 -18"><span class='ocrx_word' id='word_1_257' title='bbox 927 4672 1066 4719; x_wconf 87' lang='lat' dir='ltr'>eum</span> <span class='ocrx_word' id='word_1_258' title='bbox 1092 4659 1474 4737; x_wconf 79' lang='lat' dir='ltr'>inscriptlone</span> <span class='ocrx_word' id='word_1_259' title='bbox 1514 4661 1765 4719; x_wconf 81' lang='lat' dir='ltr'>externa</span> <span class='ocrx_word' id='word_1_260' title='bbox 1800 4650 2106 4717; x_wconf 71' lang='lat' dir='ltr'>batiolario</span> <span class='ocrx_word' id='word_1_261' title='bbox 2131 4652 2202 4716; x_wconf 78' lang='lat' dir='ltr'>de</span> <span class='ocrx_word' id='word_1_262' title='bbox 2227 4649 2601 4719; x_wconf 70' lang='lat' dir='ltr'>Nurenberclt</span> <span class='ocrx_word' id='word_1_263' title='bbox 2618 4651 2795 4733; x_wconf 78' lang='lat' dir='ltr'>fideli</span> <span class='ocrx_word' id='word_1_264' title='bbox 2830 4673 2934 4716; x_wconf 78' lang='lat' dir='ltr'>suo</span> <span class='ocrx_word' id='word_1_265' title='bbox 2964 4670 3082 4734; x_wconf 84' lang='lat' dir='ltr'>pro</span> <span class='ocrx_word' id='word_1_266' title='bbox 3111 4654 3407 4734; x_wconf 61' lang='lat' dir='ltr'>preposito</span> <span class='ocrx_word' id='word_1_267' title='bbox 3444 4649 3516 4713; x_wconf 76' lang='lat' dir='ltr'>de</span> 
     </span>
     <span class='ocr_line' id='line_1_30' title="bbox 928 4759 3522 4844; baseline -0.002 -18"><span class='ocrx_word' id='word_1_268' title='bbox 928 4760 1294 4844; x_wconf 70' lang='lat' dir='ltr'>Speimhart,</span> <span class='ocrx_word' id='word_1_269' title='bbox 1315 4763 1511 4843; x_wconf 71' lang='lat' dir='ltr'>ipsum</span> <span class='ocrx_word' id='word_1_270' title='bbox 1529 4759 1963 4844; x_wconf 81' lang='lat' dir='ltr'>autographum</span> <span class='ocrx_word' id='word_1_271' title='bbox 1995 4767 2455 4843; x_wconf 79' lang='lat' dir='ltr'>repraesentent,</span> <span class='ocrx_word' id='word_1_272' title='bbox 2471 4759 2565 4825; x_wconf 80' lang='lat' dir='ltr'>vel</span> <span class='ocrx_word' id='word_1_273' title='bbox 2588 4760 2756 4825; x_wconf 87' lang='lat' dir='ltr'>locus</span> <span class='ocrx_word' id='word_1_274' title='bbox 2777 4759 2956 4842; x_wconf 75' lang='lat' dir='ltr'>siguli</span> <span class='ocrx_word' id='word_1_275' title='bbox 2980 4775 3117 4824; x_wconf 86' lang='lat' dir='ltr'>cum</span> <span class='ocrx_word' id='word_1_276' title='bbox 3134 4765 3302 4839; x_wconf 80' lang='lat' dir='ltr'>parte</span> <span class='ocrx_word' id='word_1_277' title='bbox 3326 4773 3522 4821; x_wconf 83' lang='lat' dir='ltr'>mem-</span> 
     </span>
    </p>
   </div>
  </div>
 </body>
</html>
