4500 5956
703 609 895 671 iunior.
922 608 1012 687 9.]
1595 608 1984 669 HISTORIA
2037 607 2617 671 DIPLOMATICA.
3388 608 3509 670 899

703 745 983 817 tenebit.
1031 743 1277 815 Veniet
1323 750 1552 815 autem
1585 741 1682 837 (a)
1718 750 1785 815 et
1827 744 2201 817 morabitur
2250 746 2384 817 sub
2426 742 2841 839 protectione
2886 743 3221 837 imperiali
3270 744 3341 813 in
3381 764 3508 815 ec-

703 868 914 940 clesia
949 877 1018 938 et
1049 867 1326 939 civitate
1362 887 1524 955 sua,
1560 868 1718 959 jura
1765 868 2145 962 spiritualia
2188 867 2600 942 exercendo.
2654 865 2970 938 Promisit
3008 865 3291 961 insuper
3319 867 3505 961 quod

705 992 764 1061 si
796 989 1106 1063 secundo
1140 989 1245 1085 (P)
1280 989 1370 1062 de
1410 989 1612 1061 bonis
1647 991 1758 1061 vel
1794 991 2026 1085 aliqua
2062 991 2152 1064 de
2195 991 2422 1064 feudis
2455 991 2743 1063 ecclesie
2776 991 3210 1081 vacaverint,
3246 989 3507 1063 nullam

705 1114 1181 1187 alienationem
1222 1114 1336 1185 vel
1373 1113 1801 1185 collationem
1833 1114 2134 1208 aliquam
2182 1116 2385 1187 saciet
2420 1115 2569 1186 sine
2605 1112 3039 1185 conniventia
3073 1121 3142 1183 et
3173 1133 3507 1185 consensu

704 1236 985 1330 capituli
1034 1237 1446 1308 confratrum
1498 1256 1782 1307 suorum
1845 1245 1913 1307 et
1962 1236 2505 1308 ministerialium
2563 1235 2846 1309 ecclesie
2896 1233 3199 1307 fidelium
3248 1245 3510 1308 nostro·

704 1380 884 1448 rum,
931 1380 1062 1430 nec
1108 1359 1409 1453 ipsorum
1459 1359 1793 1432 bonorum
1849 1361 1999 1432 sive
2055 1361 2323 1433 illorum
2372 1378 2511 1453 que
2546 1357 2676 1432 sibi
2725 1359 2798 1429 in
2840 1357 2988 1430 vita
3025 1378 3152 1431 sua
3194 1357 3286 1430 ad
3345 1380 3511 1429 usus

707 1502 866 1552 suos
908 1483 1221 1573 retinuit,
1267 1483 1523 1555 nullam
1569 1483 2058 1575 obligationem
2111 1506 2235 1556 seu
2288 1484 2821 1555 subtractionem
2864 1482 3065 1553 faciet
3100 1482 3240 1554 ullo
3272 1481 3507 1554 modo.

707 1605 1021 1677 Promisit
1050 1606 1269 1709 etiam·
1296 1606 1499 1700 plena
1555 1604 1694 1678 fide
1723 1607 1915 1700 quod
1955 1608 2188 1701 aliquo
2219 1607 2426 1680 modo
2456 1606 2553 1700 (b)
2597 1607 2875 1697 ingenio
2901 1605 3052 1678 sive
3088 1604 3250 1677 dolo
3281 1614 3513 1678 contra

708 1728 1083 1821 predictam
1130 1729 1664 1820 resignationem
1712 1738 1781 1801 et
1824 1729 2376 1803 commissionem
2417 1750 2556 1802 non
2608 1730 2834 1801 veniet
2879 1726 3007 1826 (c),
3059 1727 3235 1822 [per]
3286 1749 3361 1801 se
3405 1730 3510 1800 vel

708 1852 1120 1925 submissam
1172 1873 1535 1947 personam
1591 1852 1858 1946 aliquid
1905 1854 2412 1948 attemptando;
2465 1854 2604 1925 imo
2658 1851 2968 1946 predicta
3025 1852 3258 1924 omnia
3316 1860 3515 1946 prout

710 1975 913 2046 oessit
938 1984 1008 2046 et
1037 1975 1412 2068 resignavit
1442 1975 1645 2047 nobis
1683 1982 1752 2047 et
1786 1975 2102 2071 imperio,
2134 1976 2313 2049 sicut
2343 1977 2422 2047 in·
2443 1974 2836 2048 authentico
2867 1974 3121 2071 scripto
3157 1974 3321 2047 inde
3354 1996 3517 2047 oon-

710 2099 918 2194 fecto,
949 2119 1077 2171 suo
1115 2106 1183 2170 et
1218 2098 1499 2194 capituli
1538 2099 1649 2171 sui
1687 2099 2005 2193 sigillato,-
2047 2099 2268 2193 sigillo
2304 2100 2577 2195 plenius
2622 2100 3034 2190 continetur,
3088 2100 3520 2172 conservabit

713 2221 941 2292 omnia
976 2221 1259 2293 illibata.
1296 2221 1434 2292 Nos
1484 2229 1714 2292 autem
1750 2221 1844 2294 ad
1892 2243 2131 2317 preces
2179 2220 2413 2294 dilecti
2456 2222 2785 2317 principis
2828 2220 3117 2315 predicti
3167 2223 3514 2317 episcopi,

714 2344 994 2414 fratrum
1022 2343 1121 2438 (d)
1143 2351 1213 2415 et
1236 2344 1781 2415 ministerialium
1807 2344 2096 2418 ecclesie
2129 2343 2442 2417 fidelium
2479 2357 2891 2437 nostrorum,
2917 2345 3252 2438 imperiali
3285 2348 3519 2418 favore

714 2465 1022 2559 predicta
1052 2466 1283 2539 omnia
1320 2467 1878 2561 complectentes,
1913 2466 2253 2563 presentis
2286 2467 2522 2563 scripti
2564 2468 2805 2539 robore
2843 2470 3368 2539 communimus.
3407 2467 3521 2541 Ad

715 2589 913 2682 cujus
949 2590 1047 2662 rei
1073 2591 1497 2682 memoriam,
1527 2612 1812 2687 presens
1848 2591 2173 2686 scriptum
2203 2589 2352 2662 fieri
2389 2599 2458 2662 et
2484 2589 2706 2684 sigillo
2729 2592 3100 2683 majestatis
3133 2601 3358 2665 nostre
3376 2594 3525 2686 jus-

712 2712 930 2784 simus
959 2714 1394 2785 communiri.

813 2834 1036 2927 Hujus
1062 2836 1161 2907 rei
1207 2845 1413 2909 testes
1453 2844 1615 2906 sunt
1650 2862 1668 2905 ε
1705 2835 1778 2906 C.
1817 2833 1920 2932 (l)
1965 2834 2496 2909 constantiensis
2536 2836 2938 2932 episcopus,
2980 2836 3054 2907 C.
3094 2837 3321 2909 Sancti
3357 2839 3528 2910 Galli

716 2965 787 3029 et
825 3011 842 3030 .
878 3011 896 3029 .
936 3012 955 3030 .
987 2957 1331 3055 Augensis
1361 2959 1671 3050 abbateS,
1713 2960 1796 3032 H.
1831 2959 2281 3057 landgravius
2318 2961 2717 3054 Thuringie,
2764 2962 2847 3033 H.
2892 2961 3196 3035 marchio
3232 2962 3320 3036 de
3355 2966 3531 3036 Bur-

717 3102 961 3175 gowe,
1003 3085 1242 3156 fratres
1278 3083 1667 3178 landgravii
1720 3083 1812 3157 de
1865 3084 2386 3179 Luckenberge,
2443 3086 2529 3157 H.
2584 3084 2854 3180 imperii
2905 3086 3359 3159 marescalcus
3398 3087 3525 3182 (2),

719 3206 805 3276 H.
849 3208 1235 3302 prepositus
1270 3208 1548 3299 majoris
1580 3208 1903 3298 ecclesie,
1942 3208 2028 3279 H.
2078 3208 2408 3298 decanus,
2451 3230 2681 3282 comes
2721 3210 2955 3303 Egeno
2994 3208 3083 3281 de
3105 3210 3374 3305 Eppan‚
3413 3209 3531 3282 Al-

713 3329 952 3402 bertus
977 3330 1065 3403 de
1096 3330 1405 3418 Rodanc,
1438 3332 1680 3403 fratres
1707 3330 1798 3403 de
1822 3329 2296 3425 Leukenberg,
2332 3340 2402 3403 et
2433 3331 2551 3402 alii
2587 3332 3030 3426 quamplures
3055 3317 3529 3406 ministeriales

719 3452 1146 3526 Brixinensis
1181 3455 1493 3527 ecclesi0.

812 3575 987 3650 Acta
1038 3586 1199 3648 sunt
1254 3578 1384 3649 hec
1430 3576 1622 3670 apud
1671 3574 2053 3667 Brixinam,
2111 3597 2294 3649 anno
2347 3576 2692 3651 dominice
2738 3579 3221 3654 incarnationis
3268 3581 3363 3654 M.
3394 3581 3519 3654 CC.

718 3698 1060 3773 tricesimo
1086 3709 1309 3793 sexto,
1353 3722 1589 3774 mense
1623 3700 1927 3795 augusti,
1965 3700 2058 3770 IX
2085 3699 2485 3774 indictione.

814 3823 1062 3896 Datum
1101 3824 1174 3895 in
1209 3824 1447 3896 castris
1472 3823 1663 3920 apud
1686 3823 2066 3911 Brixinam‚
2104 3843 2313 3911 ann0,
2344 3846 2580 3899 mense
2607 3834 2677 3899 et
2702 3824 3077 3900 indictione
3107 3828 3516 3923 prescriptis

806 3996 893 4076 (a)
932 3999 1047 4074 Ap.
1080 3998 1376 4075 Hormayr
1405 4004 1550 4059 tum.

805 4101 886 4183 (b)
929 4103 1156 4165 Ibidem
1180 4100 1384 4183 aliqua
1398 4119 1538 4182 pro,
1564 4102 1738 4164 male.

808 4207 880 4284 (c)
919 4209 1146 4270 Ibidem
1171 4210 1453 4284 inveniet,
1490 4209 1668 4270 malo.

804 4311 892 4393 (d)
934 4314 1050 4391 Ap.
1083 4315 1378 4393 Hormayr
1408 4321 1691 4392 mmm,
1717 4315 1893 4377 malo.

798 4600 870 4670 (l)
904 4600 986 4658 Cf.
1015 4600 1144 4673 quid
1164 4616 1328 4674 supra
1350 4602 1669 4675 notavimus,
1695 4620 1752 4678 p.
1780 4607 1903 4676 886,
1926 4610 2039 4663 not.
2070 4608 2122 4663 l.

800 4699 873 4770 (2)
908 4697 1272 4756 verisimiliter
1293 4701 1561 4759 Hernicus
1586 4702 1649 4762 do
1672 4703 2054 4778 Pappenhcim.
