4500 5956
1094 635 1215 696 ’148
2085 632 2510 692 tummim
2560 632 2903 694 ssscumm
3531 632 3698 711 [Anu.
3723 633 3904 693 1235.

1099 782 1169 842 et
1195 768 1327 839 nisi
1356 767 1447 839 de
1480 767 1707 838 causis
1736 766 2107 857 maximis3
2162 766 2629 862 predictarum
2662 769 2917 840 etenim
2952 766 3451 840 discussionem
3482 778 3552 839 et
3565 766 3909 858 judicium

1099 901 1326 965 nostre
1351 889 1737 962 celsitudini
1778 910 2234 962 reservamus.
2275 889 2403 961 Hic
2422 890 2652 981 judex
2680 891 3006 964 terminos
3031 891 3183 962 sive
3223 889 3376 962 dies
3404 890 3477 960 in
3511 890 3646 961 illis
3673 888 3910 961 arduis

1094 1015 1321 1087 causis
1355 1011 1897 1104 eorumdemque
1922 1012 2015 1085 ad
2049 1013 2524 1107 imperatorem
2550 1014 2653 1110 (a)
2685 1022 2993 1109 spectant
3019 1033 3160 1085 non
3193 1012 3482 1108 prefiget
3501 1014 3654 1085 sine
3676 1023 3908 1085 nostro

1094 1136 1372 1231 speciali
1402 1135 1753 1207 mandato.
1796 1136 1973 1207 Reos
2006 1155 2146 1206 non
2173 1134 2555 1229 proscribet
2589 1156 2717 1208 nec
2755 1157 2798 1208 a
2848 1135 3342 1231 proscriptione
3383 1137 3732 1219 absolvet;
3781 1134 3908 1207 hec

1093 1280 1396 1353 namque
1423 1258 1810 1330 auctoritati
1837 1268 2068 1329 nostre
2088 1268 2159 1330 et
2187 1259 2595 1331 excellentie
2627 1280 3091 1332 reservamus.
3131 1257 3417 1331 Etidem
3428 1259 3691 1349 jurabit
3719 1258 3908 1352 quod

1096 1381 1308 1454 nichil
1342 1382 1636 1477 accipiet
1666 1380 2102 1476 prejudicio,
2143 1381 2311 1475 quia
2347 1403 2476 1453 nec
2520 1402 2755 1454 amore
2777 1402 2906 1454 nec
2929 1381 3090 1454 odio
3126 1402 3258 1454 nec
3284 1401 3488 1475 prece
3521 1403 3651 1453 nec
3688 1382 3907 1477 pretio

1090 1527 1217 1578 nec
1242 1504 1484 1578 timore
1520 1525 1650 1576 nec
1680 1504 1900 1597 gratia
1940 1525 2067 1576 nec
2099 1504 2233 1576 alia
2268 1525 2713 1598 quacumque
2739 1502 2831 1576 de
2862 1525 3072 1577 causa
3095 1504 3440 1595 jndicabit
3471 1505 3666 1576 aliter
3687 1525 3905 1599 ‘quam

1078 1631 1341 1720 justum
1365 1628 1540 1700 sciat
1568 1628 1683 1700 vel
1715 1627 1951 1700 credat
1966 1625 2351 1699 secundum
2379 1626 2867 1699 conscientiam
2893 1648 3118 1716 suam,
3158 1628 3346 1699 bona
3382 1625 3522 1699 fide
3543 1628 3694 1699 sine
3718 1629 3905 1699 omni

1086 1749 1333 1822 fraude
1370 1759 1438 1821 et
1475 1748 1656 1822 dolo.
1696 1748 1937 1823 Eidem
1968 1750 2382 1823 dimittimus
2415 1759 2486 1822 et
2527 1751 2961 1844 assignamus
2987 1755 3148 1844 jura
3179 1771 3322 1845 que
3355 1771 3449 1825 ex
3479 1749 3905 1823 absolutione

1086 1873 1617 1968 proscriptorum
1643 1873 2088 1970 provenerint
2121 1896 2261 1968 que
2293 1874 2508 1967 vulgo
2541 1873 2870 1947 dicuntur
2884 1882 3126 1964 wette,
3148 1894 3387 1947 eorum
3420 1872 3783 1947 dumtaxat
3807 1872 3904 1967 (b)

1081 2016 1373 2090 quorum
1412 2017 1618 2068 cause
1670 2017 1899 2069 coram
1937 2019 2023 2070 eo
2055 2005 2343 2069 tractate
2373 2007 2537 2069 sunt
2575 2006 2653 2069 ut
2683 1997 3208 2070 benevolentius
3232 1996 3499 2089 judicet
3527 2008 3599 2069 et
3642 2018 3688 2069 a
3716 1996 3903 2068 nullo

1084 2139 1368 2191 numera
1397 2119 1719 2212 recipiat3
1770 2140 1981 2214 quam
2018 2141 2271 2217 penam
2309 2121 2570 2192 nemini
2604 2120 2968 2211 relaxabit,
3005 2132 3083 2191 ut
3116 2120 3432 2193 homines
3457 2122 3904 2216 proscriptio-

1083 2261 1240 2311 nem
1276 2242 1508 2335 potius
1540 2242 1851 2313 timeant.
1896 2241 2087 2315 Idem
2128 2242 2410 2314 habebit
2460 2244 2805 2315 notarium
2850 2244 3222 2338 specialem
3258 2244 3380 2338 qui
3415 2244 3693 2317 nomina
3732 2266 3903 2340 pro-

1081 2365 1489 2459 scriptorum
1521 2366 1774 2438 scribet
1806 2375 1877 2438 et
1908 2374 2217 2440 actorum
2254 2376 2324 2438 et
2357 2366 2872 2461 causamipsam
2900 2368 3051 2440 sive
3086 2369 3438 2461 querelam
3467 2377 3540 2440 et
3560 2367 3743 2441 diem
3763 2389 3902 2461 quo

1080 2489 1558 2583 proscriptioni
1605 2491 2085 2579 involventur3
2138 2490 2302 2562 item
2345 2490 2625 2564 nomina
2668 2491 3138 2564 absolutorum
3195 2515 3236 2564 a
3294 2492 3790 2586 proscriptione
3834 2500 3901 2564 et

1078 2613 1327 2683 actoris
1370 2624 1646 2708 propter
1692 2636 1900 2707 quem
1946 2614 2310 2710 proscripti
2351 2616 2665 2703 suerunt,
2734 2636 3015 2687 causam
3058 2624 3129 2687 et
3176 2615 3364 2688 diem
3411 2615 3893 2704 absolutionis,

1081 2732 1562 2826 fideiussorum
1590 2737 1887 2810 absoluti
1919 2737 2201 2809 nomina
2216 2790 2235 2828 ‚
2272 2737 2397 2830 qui
2420 2737 2558 2808 sint
2577 2746 2648 2809 et
2672 2736 2866 2810 unde
2890 2738 3062 2829 sint,
3110 2739 3264 2811 sive
3286 2739 3492 2811 aliam
3516 2739 3899 2811 cautionem

1077 2879 1289 2950 quam
1316 2869 1574 2953 prestat
1598 2861 2066 2935 absolvendus
2086 2863 2294 2954 juxta
2328 2860 2896 2934 consuetudinem
2927 2871 3258 2934 terrarum
3299 2882 3421 2957 pro
3446 2864 3902 2935 satisfactione

1079 2983 1521 3075 querelantis.
1572 2984 1763 3058 Idem
1806 2985 2094 3079 recipiet
2134 2985 2391 3057 litteras
2433 2985 2859 3058 continentes
2893 2987 3209 3078 querelas
3246 2996 3314 3059 et
3339 2987 3668 3059 servabit.
3713 2986 3896 3059 Idem

1083 3106 1345 3178 nullam
1369 3109 1574 3179 aliam
1602 3130 1834 3180 curam
1864 3109 2307 3203 negociorum
2334 3110 2526 3182 curie
2544 3109 2849 3183 habebit.
2874 3109 3067 3183 Idem
3089 3111 3342 3182 scribet
3366 3111 3643 3182 nomina
3663 3130 3897 3181 eorum

1084 3228 1208 3320 qui
1260 3239 1674 3302 accusantur
1716 3231 1832 3302 vel
1883 3231 2390 3304 denunciantur
2429 3241 2756 3327 tanquam
2810 3233 3039 3306 nocivi
3093 3241 3305 3319 terre,
3354 3242 3425 3304 et
3449 3231 3801 3304 infamiam
3831 3241 3900 3303 et

1082 3371 1320 3422 eorum
1360 3349 1636 3425 nomina
1684 3353 1971 3448 quando
2018 3376 2061 3426 a
2110 3355 2507 3451 suspicione
2553 3357 3010 3429 absolvuntur
3055 3355 3338 3429 delebit.
3408 3355 3599 3428 Idem
3655 3355 3900 3427 scribet

1082 3495 1325 3547 omnes
1348 3476 1721 3548 sententias
1746 3496 1975 3549 coram
2007 3478 2207 3550 nobis
2235 3478 2309 3549 in
2339 3478 2713 3570 majoribus
2743 3480 2970 3552 causis
3001 3479 3355 3570 inventas,
3393 3480 3701 3551 maxime
3736 3500 3897 3549 con-

1083 3595 1479 3670 tradictorio
1510 3599 1779 3690 judicio
1824 3600 2173 3692 obtentas,
2230 3624 2371 3695 que
2410 3603 2625 3695 vulgo
2672 3604 2996 3676 dicuntur
3045 3603 3387 3694 gesamint
3426 3602 3666 3691 urteil,
3723 3602 3895 3673 utin

1083 3729 1433 3815 posterum
1459 3722 1532 3792 in
1559 3723 1835 3795 casibus
1862 3724 2203 3796 similibus
2233 3724 2651 3818 ambiguitas
2687 3727 3148 3818 rescindatur,
3193 3747 3527 3823 expressa
3567 3736 3747 3797 terra
3781 3747 3897 3797 se-

1081 3844 1389 3918 cundum
1432 3848 2005 3921 consuetudinem
2038 3851 2234 3942 cujus
2265 3851 2750 3922 sententiatum
2778 3851 2929 3923 erit.
2971 3850 3162 3923 Idem
3204 3851 3332 3922 erit
3371 3850 3591 3921 laicus
3623 3858 3898 3945 propter

1079 3970 1454 4043 sententias
1487 3973 1909 4064 sanguinum
1959 3995 2138 4066 quas
2185 3973 2438 4046 clerico
2480 3974 2780 4046 scribere
2820 3996 2958 4046 non
3002 3974 3194 4063 licet,
3248 3987 3322 4046 et
3372 3982 3675 4067 preterea
3713 3982 3792 4043 ut
3835 3972 3895 4043 si

1081 4090 1421 4185 delinquit
1451 4094 1523 4163 in
1559 4095 1786 4167 officio
1803 4117 1958 4184 suo,
2001 4118 2182 4191 pena
2215 4097 2448 4170 debita
2482 4097 2831 4192 puniatur.
2868 4099 3035 4169 Item
3067 4099 3533 4188 juramentum
3569 4092 3900 4190 prestabit

1081 4214 1466 4287 secundum
1494 4218 1778 4290 sormam
1796 4222 2172 4310 juramenti
2198 4223 2492 4314 qualiter
2508 4220 2603 4318 (c)
2627 4223 3051 4313 justiciarius
3085 4224 3271 4312 facit,
3299 4232 3368 4295 et
3389 4223 3582 4317 quod
3605 4220 3899 4295 fideliter

1161 4521 1245 4599 (a)
1288 4522 1450 4582 Alias
1475 4520 1558 4580 ad
1577 4524 1787 4601 ipsum.

1161 4626 1242 4706 (b)
1285 4628 1451 4688 Alias
1478 4626 1696 4687 eosdem
1723 4635 1923 4700 tame,
1957 4633 2126 4692 male.

1150 4736 1220 4816 (c)
1260 4737 1373 4811 Ap.
1411 4734 1598 4795 noter
1622 4733 1795 4814 quod.
