4500 5956
1131 601 1256 663 992
2052 602 2310 663 INDEX
2363 601 3060 663 DOCUMENTORUM.

1982 929 2129 1001 tino,
2159 930 2484 991 marchioni
2511 928 2786 1000 Badensi,
2809 927 3057 989 Gerlaeo
3080 927 3155 988 de
3179 926 3489 1005 Budingen
3515 930 3578 986 et
3602 924 3863 1001 dapifero
3890 926 3966 988 de

1982 1023 2312 1104 Walpurg‚
2339 1041 2489 1102 quos
2516 1027 2580 1084 in
2604 1026 2874 1101 proximo
2899 1022 2979 1082 ad
3002 1038 3103 1082 eos
3137 1024 3366 1095 mittet,
3396 1021 3642 1081 credant
3672 1028 3735 1080 et
3767 1021 3964 1081 inten-

1981 1120 2146 1180 dant.
3843 1124 3959 1177 95⁴

1501 1214 1573 1274 In
1603 1216 1808 1276 castris
1901 1245 1981 1259 —
2020 1215 2139 1276 Pro
2182 1218 2368 1294 gratis
2408 1222 2468 1277 et
2514 1217 2826 1294 praeclaris
2865 1213 3162 1291 obsequiis
3198 1212 3453 1273 Conradi
3493 1212 3724 1273 abbatis
3763 1212 3962 1274 Sancti

1434 1326 1530 1388 ap.
1556 1312 1869 1390 Thungen.
1982 1309 2160 1385 Galli,
2185 1314 2410 1372 curiam
2439 1329 2607 1374 suam
2629 1312 2784 1389 apud
2811 1311 3115 1374 Griessern
3142 1325 3279 1370 cum
3301 1309 3581 1369 omnibus
3606 1308 3960 1386 appenditiis

1979 1407 2172 1468 eidem
2198 1408 2448 1470 confert.
3843 1413 3956 1464 582

1564 1505 1742 1583 Apud
1900 1537 1979 1587 ..-
2018 1506 2106 1566 De
2132 1506 2414 1566 mandato
2437 1506 3017 1581 imperatoris-patris
3051 1504 3143 1564 sui
3158 1547 3175 1576 ,
3212 1504 3657 1579 promissionem
3690 1502 3959 1563 abbatiae

1449 1602 1837 1680 Wimpinam.
1978 1602 2053 1661 de
2078 1602 2404 1663 Odenheim
2432 1602 2650 1662 factam
2677 1608 2924 1662 renovat
2947 1616 3121 1676 super
3146 1599 3457 1659 advocatia
3480 1598 3748 1674 eJusdem
3774 1599 3957 1659 eecle-

1977 1699 2099 1758 siae
2126 1704 2185 1756 et
2212 1702 2510 1759 curiarum
2538 1700 2671 1775 ejus
2695 1697 2863 1758 nullo
2884 1697 3060 1757 titulo
3086 1693 3163 1755 ab
3188 1698 3431 1771 imperio
3446 1694 3779 1754 alienanda.
3836 1703 3951 1755 588

1972 1906 2048 1950 ex
2075 1898 2239 1967 parte
2270 1891 2574 1951 Ludewici
2600 1890 2675 1951 de
2703 1888 3136 1968 Wangenbeim
3165 1888 3518 1947 monasterio
3541 1884 3731 1945 Vallis
3755 1886 3953 1947 Sancti

1970 1985 2242 2066 Gregorii
2271 1987 2509 2049 facum.
3834 1991 3949 2044 584

1557 2089 1734 2165 Apud
1891 2116 1968 2127 —
2009 2085 2122 2143 Per
2149 2100 2362 2144 manus
2393 2086 2626 2144 comitis
2651 2084 3005 2144 Burmanni
3030 2082 3106 2143 de
3130 2081 3447 2158 Dillingm,
3475 2078 3816 2140 Godeboldo
3840 2080 3949 2141 ab·

1444 2184 1837 2262 Wimpinam.
1966 2182 2094 2242 bati
2148 2191 2209 2244 et
2257 2185 2575 2244 conventui
2624 2184 2699 2243 de
2749 2181 3088 2244 Neresbeim
3137 2180 3366 2242 confert
3432 2180 3739 2256 praedium
3788 2181 3948 2257 apud

1967 2278 2197 2355 Zur-tin,
2223 2280 2387 2356 quod
2423 2280 2818 2340 ministerialis
2855 2295 3001 2340 suus
3034 2278 3270 2339 Ulricus
3295 2276 3371 2337 de
3396 2276 3855 2352 Truchtelingen
3882 2277 3946 2336 in

1965 2392 2180 2437 manus
2205 2394 2343 2438 suas
2370 2379 2743 2439 contradidit.
3655 2384 3797 2448 584,
3828 2384 3944 2436 585

1372 2509 1389 2528 .
1436 2473 1550 2550 Ap.
1573 2472 1827 2551 Spiram.
1884 2504 1966 2519 —
2002 2473 2261 2534 Johanni
2285 2475 2361 2534 de
2386 2474 2821 2552 Scharpfeneck
2849 2477 3097 2552 ejusque
3122 2472 3474 2533 haeredibus
3511 2478 3618 2532 aut
3643 2488 3946 2533 successo·

1962 2570 2133 2631 ribus
2170 2571 2591 2648 praefecturam
2636 2577 2697 2631 et
2738 2572 3150 2649 wildpannum
3181 2572 3365 2631 totius
3408 2569 3711 2629 districtus
3756 2570 3944 2629 Hain-

1964 2669 2197 2746 gereide
2225 2671 2418 2728 vocati
2446 2672 2602 2730 circa
2627 2675 2887 2730 castrum
2914 2682 3119 2728 eorum
3144 2665 3596 2743 Scbarpieneck‚
3620 2669 3785 2744 justo
3807 2663 3941 2725 feu-

1961 2764 2084 2824 dali
2110 2765 2285 2826 titulo
2311 2765 2603 2827 concedit.
3314 2814 3319 2819 .
3824 2771 3938 2822 586

1546 2859 1725 2937 Apud
1881 2892 1963 2907 —
2000 2863 2214 2923 Ratam
2257 2862 2438 2922 habet
2477 2863 2834 2939 emptionem
2873 2860 3050 2920 villae
3085 2858 3549 2921 Winmotsheim
3584 2857 3941 2933 (Wimbsen)

1433 2956 1826 3035 Wimpinam.
1960 2974 2140 3038 quam
2168 2959 2487 3020 Gozwinus
2521 2958 2705 3020 abbas
2737 2963 2799 3019 et
2836 2962 3161 3019 conventus
3202 2956 3278 3017 de
3313 2956 3667 3017 Maulbronn
3699 2971 3735 3015 a
3761 2953 3938 3015 Gote-

1959 3059 2113 3118 frido
2166 3061 2378 3119 comite
2431 3058 2505 3118 de
2559 3057 2891 3135 vaihingen
2952 3061 3445 3132 comparaverunt
3461 3096 3478 3126 ‚
3534 3055 3937 3130 promittitque

1956 3157 2119 3232 quod
2143 3156 2517 3217 advocatiam
2558 3157 2732 3216 villae
2771 3154 3038 3233 ejusdem
3070 3169 3381 3231 nunquam
3406 3149 3483 3211 ab
3511 3153 3755 3228 imperio
3789 3152 3934 3210 alie-

1150 2864 1184 2916 2
1222 2862 1341 2919 oct.

1957 3253 2149 3312 nabit.
3816 3257 3929 3308 587

1136 3352 1207 3404 19
1237 3349 1354 3405 oct.
1539 3341 1719 3419 Apud
1877 3379 1954 3392 —
1994 3348 2356 3408 Monasterio
2380 3346 2738 3410 Caesariensi
2775 3344 3225 3426 (Kaisersheim)
3261 3346 3639 3407 donationem
3667 3345 3935 3404 ministe-

1430 3436 1817 3520 Nuremberg.
1954 3444 2118 3503 rialis
2146 3446 2239 3504 sui
2266 3445 2521 3503 Heinrici
2549 3444 2625 3503 de
2652 3443 2952 3503 Kallindin
2974 3448 3035 3505 et
3055 3445 3260 3504 uxoris
3283 3446 3413 3521 ejus
3437 3443 3513 3502 de
3542 3448 3796 3519 quatuor
3823 3459 3930 3502 no·

1953 3540 2191 3599 minatis
2218 3540 2473 3616 praediis
2496 3540 2639 3599 illuc
2663 3539 2881 3599 factam
2906 3537 3237 3600 confirmat.
3814 3546 3929 3598 588

1127 3641 1201 3693 26
1230 3638 1346 3695 oct.
1534 3631 1714 3710 Apud
1872 3666 1952 3680 —
1990 3633 2211 3695 Abbati
2235 3643 2297 3695 et
2322 3637 2639 3695 conventui
2666 3635 2741 3696 de
2759 3635 3170 3714 Creutzlingen
3194 3633 3353 3712 apud
3372 3633 3774 3694 Constantiam
3791 3649 3929 3709 pro·

1435 3727 1803 3809 Ezzelingen.
1950 3734 2136 3792 mittit
2159 3732 2323 3809 quod
2351 3748 2657 3810 nunquam
2683 3733 2858 3793 villas
2883 3749 3088 3793 eorum
3113 3731 3364 3793 Hirslatt
3401 3738 3464 3792 et
3488 3731 3842 3809 Horgunzell
3869 3735 3931 3791 et

1949 3829 2066 3890 alia
2091 3829 2249 3889 bona
2280 3829 2540 3907 ejusdcm
2587 3831 2866 3891 ecclesiae
2905 3829 3185 3891 alienabit
3220 3829 3312 3890 vel
3354 3828 3725 3889 advocatiam
3760 3844 3797 3887 a
3822 3842 3928 3888 suo

1947 3926 2210 3987 dominio
2236 3927 2649 4002 sequestrabit.
3811 3932 3926 3984 589

1120 4028 1196 4081 29
1223 4025 1340 4080 oct.
1524 4017 1701 4095 Apud
1869 4054 1947 4068 —
1985 4023 2082 4084 Ad
2125 4024 2613 4100 supplicationem
2662 4022 2895 4083 abbatis
2948 4023 3022 4083 de
3067 4021 3491 4084 Bebenhausen
3511 4063 3532 4099 ,
3577 4019 3734 4081 bona
3775 4036 3928 4097 quae

1445 4115 1775 4193 Esslingen.
1943 4117 2100 4177 idem
2127 4121 2551 4179 monasterium
2580 4121 2644 4177 in
2669 4119 2982 4197 Esslingen
3009 4122 3170 4197 juste
3206 4118 3467 4196 possidet
3495 4116 3572 4176 ab
3598 4118 3762 4177 omni
3787 4117 3927 4176 dato

1944 4222 2006 4276 et
2029 4218 2338 4277 exactione
2362 4217 2592 4277 eximit.
3809 4222 3923 4274 590

1113 4318 1183 4370 13
1202 4326 1342 4372 nov.
1529 4309 1707 4386 Apud
1865 4345 1942 4358 —
1981 4311 2308 4373 Confirmat
2347 4314 2723 4375 donationem
2758 4315 2958 4375 domui
2994 4313 3303 4390 hospitalis
3335 4311 3537 4374 Sancti
3570 4310 3824 4388 Spiritus
3861 4311 3928 4371 in

1431 4405 1796 4486 Hagenoam.
1939 4407 2351 4486 Stephansfeld
2386 4427 2423 4470 a
2447 4411 2659 4470 comite
2681 4409 2984 4488 sigeberto
3018 4409 3091 4470 de
3118 4408 3345 4470 Werda
3369 4415 3431 4468 et
3454 4407 3530 4467 ab
3575 4407 3832 4467 Heni-ico
3862 4413 3923 4467 et

1925 4505 2301 4600 ⁴Theoderico
2348 4506 2665 4567 comitibus
2703 4509 2833 4582 ejus
2876 4506 3014 4567 filiis
3059 4506 3278 4566 iactam
3296 4549 3315 4579 ,
3345 4505 3421 4564 de
3463 4509 3630 4581 parte
3668 4505 3926 4564 nemoris

1934 4602 2380 4758 :glugblgumat
2419 4609 2478 4663 et
2520 4603 2596 4664 de
2634 4603 2889 4680 quodam
2934 4602 3275 4664 molendino
3311 4616 3448 4662 cum
3486 4615 3779 4677 aquarum
3802 4599 3925 4756 511901-
