4500 5956
1063 732 1286 808 1254

1052 1060 1128 1112 2⁷
1155 1068 1294 1111 nov.

1067 1303 1285 1379 1255

1038 1440 1108 1491 1³
1135 1439 1308 1490 mart.

1037 1824 1108 1877 13
1132 1823 1305 1877 murt.

1035 2308 1107 2360 16
1135 2303 1305 2378 april.

1028 2793 1104 2845 28
1142 2786 1301 2863 julii.

1027 3277 1103 3329 ιε
1145 3269 1301 3348 jum.

1055 3764 1113 3815 1⁰
1137 3772 1278 3835 aug.

1022 4147 1098 4199 20
1144 4147 1295 4218 sept.

1040 4630 1114 4682 22
1136 4628 1288 4698 sept.

1434 1051 1685 1113 Perusii.

1434 1437 1683 1499 Perusii.

1433 1824 1680 1885 Perusii.

1428 2305 1676 2367 Perusli.

1430 2791 1682 2854 Perusss.

1426 3271 1678 3334 Perusii.

1423 3757 1678 3819 Perusii.

1430 4141 1657 4205 Assisii.

1436 4619 1664 4682 Assisii.

1956 533 2208 593 INDEX
2259 532 2957 594 DOCUMENTORUM.

1882 868 2074 923 tentes
2111 862 2337 921 litteras
2374 863 2731 938 transcripto
2764 861 3092 921 litterarum
3121 860 3510 937 imperialium
3537 863 3870 923 consimiles

1882 956 2036 1018 inira
2061 959 2241 1018 unius
2269 959 2490 1018 mensis
2518 960 2776 1034 spatium
2800 958 3225 1017 transmittant.
3575 967 3717 1031 490,
3749 968 3857 1020 491

1807 1084 1885 1097 -
1925 1051 2182 1130 Singulis
2232 1051 2618 1114 Alemanniae
2658 1052 3026 1131 principibus
3067 1053 3313 1114 mandat
3354 1060 3427 1115 ut
3467 1054 3545 1114 ad
3603 1055 3868 1116 subven-

1885 1148 2105 1206 tionem
2141 1146 2436 1207 Ecclesiae
2463 1163 2527 1207 se
2554 1149 2828 1207 muniant
2861 1154 2923 1207 et
2947 1163 3086 1207 cum
3112 1147 3326 1207 militia
3360 1148 3437 1207 ad
3462 1148 3726 1224 eJusdem
3759 1149 3868 1209 ob-

1885 1245 2093 1319 sequia
2120 1259 2221 1319 per
2259 1248 2381 1303 tres
2407 1260 2640 1305 menses
2667 1250 2969 1305 moratura
2997 1246 3062 1304 in
3093 1241 3299 1305 futuro
3336 1247 3549 1305 martio
3585 1262 3865 1322 persona-

1886 1339 2018 1400 liter
2043 1339 2347 1399 accedant.
3289 1349 3432 1415 513,
3463 1351 3605 1416 514,
3640 1349 3767 1403 not.
3806 1354 3859 1404 1.

1804 1465 1886 1479 —
1926 1434 2216 1495 Omnibus
2241 1434 2606 1512 principibus
2643 1452 2748 1513 per
2785 1438 3097 1514 imperium
3133 1440 3470 1498 constitutis
3507 1440 3756 1509 mandat
3796 1448 3867 1502 ut

1882 1531 2204 1592 Henricum
2230 1531 2420 1592 fllium
2447 1532 2732 1593 Friderici
2758 1532 3158 1593 Romanorum
3190 1535 3560 1610 imperatoris
3584 1535 3661 1596 ad
3687 1539 3865 1597 recti-

1882 1626 2107 1687 tudinis
2133 1629 2402 1688 semitam
2438 1626 2758 1698 reducant,
2788 1632 2848 1687 et
2867 1629 3203 1704 juramenta
3228 1644 3382 1706 quae
3407 1629 3597 1689 eidem
3622 1630 3862 1706 quidam

1884 1726 2300 1799 praestiterunt
2324 1727 2487 1785 irrita
2514 1741 2643 1784 esse
2669 1724 2953 1786 decernit.
3746 1735 3860 1786 530

1804 1855 1884 1866 -
1922 1823 2213 1899 Episcopo
2237 1823 2652 1900 Ratisponensi
2678 1822 2923 1883 mandat
2948 1827 3017 1883 ut
3046 1822 3528 1900 Herbipolensem
3554 1830 3616 1884 et
3630 1824 3865 1901 Augus-

1883 1924 2109 1979 tensem
2148 1919 2450 1994 episcopos
2484 1918 2878 1995 abbatemque
2910 1918 3266 1979 Fuldensem
3295 1921 3401 1996 qui
3438 1921 3565 1998 regi
3606 1920 3861 1981 Henrico

1881 2018 2152 2093 nequiter
2177 2015 2570 2076 adhaeserunt
2583 2059 2601 2084 ‚
2631 2031 2862 2075 necnon
2895 2015 3045 2076 duos
3071 2015 3517 2093 Herbipolenses
3547 2019 3861 2077 canonicos

1882 2104 1987 2189 qu'i
2040 2111 2443 2174 Mediolanum
2490 2118 2697 2172 contra
2748 2114 3160 2189 imperatorem
3210 2115 3480 2187 iverunt,
3525 2113 3604 2174 ad
3650 2112 3859 2173 Sedem

1881 2209 2279 2284 Apostolicam
2306 2211 2507 2269 venire
2532 2209 2864 2285 compellat.
3742 2217 3851 2268 531

1802 2335 1884 2350 -
1920 2303 2142 2381 Regem
2170 2304 2532 2364 Francorum
2570 2311 2771 2364 monet
2803 2320 2883 2364 ne
2921 2305 2984 2364 in
3022 2303 3221 2383 aliquo
3252 2303 3523 2365 turbetur
3561 2307 3862 2365 occasione

1881 2401 2243 2459 matrimonii
2282 2402 2435 2461 inter
2465 2400 2830 2461 Fridericum
2865 2402 3275 2478 imperatorem
3314 2406 3375 2460 et
3407 2416 3665 2460 sororem
3705 2402 3857 2479 regis

1877 2496 2125 2573 Angliae
2151 2496 2565 2569 contrahendi,
2594 2511 2781 2573 quum
2811 2497 2969 2557 idem
3001 2500 3318 2574 imperator
3354 2495 3593 2557 affectet
3627 2502 3693 2556 ut
3727 2512 3860 2573 spe-

1880 2584 2045 2653 cialis
2066 2595 2220 2652 inter
2244 2609 2308 2652 se
2331 2599 2392 2653 et
2413 2594 2609 2670 ipsum
2631 2607 2833 2670 regem
2853 2594 3217 2655 Francorum
3244 2594 3503 2653 amicitia
3521 2600 3859 2669 permaneat

1879 2695 1941 2749 et
1965 2689 2145 2749 etiam
2168 2689 2504 2766 amplietur.
3566 2698 3709 2764 536,
3741 2697 3853 2750 537

1800 2816 1882 2831 -
1921 2786 2295 2863 Principibus
2322 2786 2710 2847 Alamanniae
2736 2785 2984 2846 mandat
3016 2791 3086 2846 ut
3109 2801 3299 2861 quum
3321 2785 3636 2848 concordia
3672 2785 3856 2848 chris·

1876 2884 2026 2943 tiani
2050 2884 2255 2961 populi
2279 2885 2358 2943 sit
2383 2886 2619 2962 negotio
2637 2884 2852 2944 Terrae
2869 2882 3119 2943 Sanctae
3142 2882 3427 2959 perutilis,
3445 2883 3857 2958 imperatorem

1880 2980 1956 3041 ad
1991 2978 2106 3040 hoc
2147 2981 2435 3041 inducant
2476 2978 2637 3058 quod
2679 2981 2828 3056 ipsc,
2875 2978 3140 3055 deposito
3182 2980 3345 3038 omni
3385 2980 3447 3038 in
3491 2976 3857 3040 Lombardos

1876 3093 2144 3150 rancore,
2174 3079 2478 3156 negotium
2514 3077 2808 3136 societatis
2839 3075 3229 3137 Lombardiae
3260 3077 3325 3135 in
3346 3074 3619 3135 manibus
3644 3076 3854 3135 Eccle-

1878 3176 2000 3234 siae
2027 3177 2282 3250 praecise
2304 3177 2521 3234 iterum
2544 3188 2760 3249 ponere
2785 3189 2908 3232 non
2936 3175 3191 3233 omittat.
3738 3179 3850 3232 735

1798 3302 1882 3316 —-·
1920 3273 2205 3350 Magistro
2255 3280 2316 3334 et
2364 3271 2649 3333 fratribus
2702 3270 3008 3348 hospitalh
3058 3270 3428 3331 Hierusalem
3477 3269 3722 3330 mandat
3787 3277 3857 3331 ut

1876 3366 2080 3444 bajulo
2132 3374 2193 3428 et
2235 3370 2432 3446 iegato
2483 3368 2761 3428 Friderici
2812 3370 3180 3445 imperatoris
3222 3370 3286 3427 in
3333 3366 3605 3444 partibus
3651 3366 3855 3444 Syriae

1862 3464 2190 3525 'consilium
2225 3472 2287 3524 et
2332 3466 2620 3526 auxilium
2658 3464 3005 3542 praebeant,
3036 3471 3097 3524 et
3130 3464 3388 3524 Johauni
3421 3463 3497 3524 de
3524 3463 3748 3524 Ibelino
3784 3479 3854 3523 ac

1875 3559 2321 3622 Acconensibus
2369 3564 2594 3640 Tyrum
2639 3561 2910 3623 obsidere
2949 3559 3458 3638 praesumentibus
3502 3576 3568 3620 se
3610 3559 3855 3619 viriliter

1796 3665 2206 3832 -offixglgo
2250 3755 2659 3831 Ratisponensi
2708 3752 2957 3812 mandat
3003 3757 3074 3812 ut
3113 3752 3368 3812 Henrico
3407 3750 3533 3810 iilio
3572 3665 3854 3812 Pudeat-{33

1874 3854 2246 3930 imperatoris
2273 3852 2351 3912 ab
2377 3851 2813 3928 archiepiscopo
2840 3849 3296 3927 salzeburgense
3320 3850 3849 3921 excommunicato,

1876 3965 2013 4010 cum
2057 3951 2135 4009 sit
2166 3949 2241 4009 ad
2289 3951 2474 4026 patris
2514 3949 2762 4025 gratiam
2790 3951 2922 4025 jam
2965 3963 3265 4018 reversus,
3302 3945 3619 4006 sufficienti
3664 3944 3741 4004 ab
3783 3960 3851 4003 eo

1874 4048 2148 4105 cautione
2180 4051 2433 4120 recepta.
2459 4043 2807 4104 beueilcium
2832 4044 3219 4104 absolutionis
3243 4040 3569 4117 impendat.
3735 4048 3849 4099 738

1797 4175 1873 4188 -
1914 4142 2277 4203 Pridericum
2318 4143 2727 4218 imperatorem
2773 4146 2975 4202 monet
3015 4141 3344 4217 iniquitatis
3384 4137 3538 4197 filios
3584 4137 3687 4212 qui
3729 4152 3850 4195 non

1875 4239 2094 4299 veilent
2129 4239 2453 4316 Ecclesiam
2494 4239 2742 4314 imperio
2783 4239 2974 4311 uniri,
3015 4234 3275 4296 occultas
3316 4247 3588 4311 spargere
3630 4232 3852 4290 litteras

1876 4351 2027 4413 quas
2074 4333 2149 4393 de
2190 4335 2547 4394 conscientia
2590 4335 2804 4394 summi
2850 4330 3145 4409 pontificis
3185 4327 3543 4388 mendaciter
3584 4329 3852 4386 asserunt

1875 4446 2181 4501 emanare,
2211 4430 2352 4489 dum
2387 4430 2744 4490 collaterales
2786 4428 3153 4506 imperatoris
3184 4426 3410 4486 litteras
3434 4439 3672 4502 quoque
3706 4421 3851 4482 diri-

1875 4531 2020 4604 gant
2047 4526 2265 4602 quibus
2290 4542 2410 4602 pax
2434 4524 2659 4585 turbari
2685 4526 2890 4601 possit.
3732 4525 3841 4578 771

1794 4653 1876 4665 -
1914 4621 2209 4682 Friderico
2234 4622 2634 4684 Romanorum
2668 4624 3006 4698 imperatori
3042 4623 3277 4683 nuntiat
3303 4617 3468 4697 quod
3491 4632 3626 4678 cum
3657 4614 3846 4675 Theo-
