<?xml version="1.0" encoding="UTF-8"?>
<!DOCTYPE html PUBLIC "-//W3C//DTD XHTML 1.0 Transitional//EN"
    "http://www.w3.org/TR/xhtml1/DTD/xhtml1-transitional.dtd">
<html xmlns="http://www.w3.org/1999/xhtml" xml:lang="en" lang="en">
 <head>
  <title>
</title>
<meta http-equiv="Content-Type" content="text/html;charset=utf-8" />
  <meta name='ocr-system' content='tesseract 3.04.00' />
  <meta name='ocr-capabilities' content='ocr_page ocr_carea ocr_par ocr_line ocrx_word'/>
</head>
<body>
  <div class='ocr_page' id='page_1' title='image "./historiadiploma00empegoog_0333.png"; bbox 0 0 4500 5956; ppageno 0'>
   <div class='ocr_carea' id='block_1_1' title="bbox 640 575 3459 657">
    <p class='ocr_par' dir='ltr' id='par_1_1' title="bbox 640 575 3459 657">
     <span class='ocr_line' id='line_1_1' title="bbox 640 575 3459 657; baseline -0 -17"><span class='ocrx_word' id='word_1_1' title='bbox 640 582 834 642; x_wconf 65' lang='lat' dir='ltr'>Iunior.</span> <span class='ocrx_word' id='word_1_2' title='bbox 868 580 956 657; x_wconf 89' lang='grc'>9.]</span> <span class='ocrx_word' id='word_1_3' title='bbox 1532 575 1928 636; x_wconf 71' lang='lat' dir='ltr'>fllsroluA</span> <span class='ocrx_word' id='word_1_4' title='bbox 1981 577 2565 641; x_wconf 72' lang='lat' dir='ltr'>nlrLoMA&#39;rtcA.</span> <span class='ocrx_word' id='word_1_5' title='bbox 3339 579 3459 640; x_wconf 79' lang='lat'>875</span> 
     </span>
    </p>
   </div>
   <div class='ocr_carea' id='block_1_2' title="bbox 606 710 3459 3786">
    <p class='ocr_par' dir='ltr' id='par_1_2' title="bbox 606 710 3459 3786">
     <span class='ocr_line' id='line_1_2' title="bbox 643 710 3454 809; baseline -0.001 -23"><span class='ocrx_word' id='word_1_6' title='bbox 643 716 889 788; x_wconf 88' lang='lat' dir='ltr'>iterum</span> <span class='ocrx_word' id='word_1_7' title='bbox 934 711 1024 785; x_wconf 91' lang='lat' dir='ltr'>de</span> <span class='ocrx_word' id='word_1_8' title='bbox 1070 711 1355 784; x_wconf 86' lang='lat' dir='ltr'>consilio</span> <span class='ocrx_word' id='word_1_9' title='bbox 1401 710 1775 783; x_wconf 80' lang='lat' dir='ltr'>beatissimi</span> <span class='ocrx_word' id='word_1_10' title='bbox 1829 712 2038 806; x_wconf 88' lang='lat' dir='ltr'>patris</span> <span class='ocrx_word' id='word_1_11' title='bbox 2087 715 2300 785; x_wconf 79' lang='lat' dir='ltr'>nostri</span> <span class='ocrx_word' id='word_1_12' title='bbox 2341 714 2648 809; x_wconf 81' lang='lat' dir='ltr'>Gregorii</span> <span class='ocrx_word' id='word_1_13' title='bbox 2691 714 2942 786; x_wconf 92' lang='lat' dir='ltr'>summi</span> <span class='ocrx_word' id='word_1_14' title='bbox 2976 712 3315 809; x_wconf 87' lang='lat' dir='ltr'>pontificis</span> <span class='ocrx_word' id='word_1_15' title='bbox 3348 715 3454 784; x_wconf 92' lang='lat' dir='ltr'>in·</span> 
     </span>
     <span class='ocr_line' id='line_1_3' title="bbox 642 835 3447 928; baseline 0 -17"><span class='ocrx_word' id='word_1_16' title='bbox 642 839 951 913; x_wconf 81' lang='lat' dir='ltr'>diximus</span> <span class='ocrx_word' id='word_1_17' title='bbox 979 835 1243 909; x_wconf 90' lang='lat' dir='ltr'>curiam</span> <span class='ocrx_word' id='word_1_18' title='bbox 1265 836 1679 927; x_wconf 78' lang='lat' dir='ltr'>generalem,</span> <span class='ocrx_word' id='word_1_19' title='bbox 1699 836 1833 907; x_wconf 88' lang='lat' dir='ltr'>sub</span> <span class='ocrx_word' id='word_1_20' title='bbox 1857 836 2098 908; x_wconf 91' lang='lat' dir='ltr'>inermi</span> <span class='ocrx_word' id='word_1_21' title='bbox 2123 839 2600 911; x_wconf 90' lang='lat' dir='ltr'>tantummodo</span> <span class='ocrx_word' id='word_1_22' title='bbox 2623 848 2692 911; x_wconf 92' lang='lat' dir='ltr'>et</span> <span class='ocrx_word' id='word_1_23' title='bbox 2706 837 3082 910; x_wconf 87' lang='lat' dir='ltr'>domestico</span> <span class='ocrx_word' id='word_1_24' title='bbox 3099 839 3447 928; x_wconf 83' lang='lat' dir='ltr'>comitatu,</span> 
     </span>
     <span class='ocr_line' id='line_1_4' title="bbox 641 959 3453 1056; baseline 0 -22"><span class='ocrx_word' id='word_1_25' title='bbox 641 973 719 1034; x_wconf 92' lang='lat' dir='ltr'>ut</span> <span class='ocrx_word' id='word_1_26' title='bbox 754 964 958 1033; x_wconf 90' lang='lat' dir='ltr'>timor</span> <span class='ocrx_word' id='word_1_27' title='bbox 990 980 1335 1032; x_wconf 88' lang='lat' dir='ltr'>armorum</span> <span class='ocrx_word' id='word_1_28' title='bbox 1368 969 1440 1031; x_wconf 92' lang='lat' dir='ltr'>et</span> <span class='ocrx_word' id='word_1_29' title='bbox 1478 959 1746 1031; x_wconf 79' lang='lat' dir='ltr'>occasio</span> <span class='ocrx_word' id='word_1_30' title='bbox 1771 959 2016 1032; x_wconf 84' lang='lat' dir='ltr'>frivola</span> <span class='ocrx_word' id='word_1_31' title='bbox 2052 961 2423 1033; x_wconf 91' lang='lat' dir='ltr'>tolleretur.</span> <span class='ocrx_word' id='word_1_32' title='bbox 2468 964 2543 1031; x_wconf 91' lang='lat' dir='ltr'>Iu</span> <span class='ocrx_word' id='word_1_33' title='bbox 2576 984 2716 1054; x_wconf 88' lang='lat' dir='ltr'>qua</span> <span class='ocrx_word' id='word_1_34' title='bbox 2750 963 3007 1034; x_wconf 91' lang='lat' dir='ltr'>nedum</span> <span class='ocrx_word' id='word_1_35' title='bbox 3039 963 3231 1056; x_wconf 91' lang='lat' dir='ltr'>quod</span> <span class='ocrx_word' id='word_1_36' title='bbox 3257 965 3453 1035; x_wconf 90' lang='lat' dir='ltr'>Lom-</span> 
     </span>
     <span class='ocr_line' id='line_1_5' title="bbox 642 1082 3452 1178; baseline 0 -22"><span class='ocrx_word' id='word_1_37' title='bbox 642 1085 837 1156; x_wconf 89' lang='lat' dir='ltr'>bardi</span> <span class='ocrx_word' id='word_1_38' title='bbox 872 1083 1162 1178; x_wconf 82' lang='lat' dir='ltr'>predicti</span> <span class='ocrx_word' id='word_1_39' title='bbox 1202 1082 1587 1174; x_wconf 88' lang='lat' dir='ltr'>devotionis</span> <span class='ocrx_word' id='word_1_40' title='bbox 1611 1092 1681 1155; x_wconf 91' lang='lat' dir='ltr'>et</span> <span class='ocrx_word' id='word_1_41' title='bbox 1708 1083 2100 1156; x_wconf 79' lang='lat' dir='ltr'>obedientie</span> <span class='ocrx_word' id='word_1_42' title='bbox 2125 1085 2328 1157; x_wconf 89' lang='lat' dir='ltr'>nobis</span> <span class='ocrx_word' id='word_1_43' title='bbox 2358 1085 2557 1177; x_wconf 84' lang='lat' dir='ltr'>signa</span> <span class='ocrx_word' id='word_1_44' title='bbox 2594 1084 3104 1178; x_wconf 89' lang='lat' dir='ltr'>pretenderent,</span> <span class='ocrx_word' id='word_1_45' title='bbox 3143 1087 3352 1160; x_wconf 91' lang='lat' dir='ltr'>immo</span> <span class='ocrx_word' id='word_1_46' title='bbox 3381 1089 3452 1158; x_wconf 91' lang='lat' dir='ltr'>iu</span> 
     </span>
     <span class='ocr_line' id='line_1_6' title="bbox 638 1206 3454 1299; baseline 0.001 -18"><span class='ocrx_word' id='word_1_47' title='bbox 638 1209 859 1281; x_wconf 91' lang='lat' dir='ltr'>oculis</span> <span class='ocrx_word' id='word_1_48' title='bbox 893 1209 1140 1281; x_wconf 89' lang='lat' dir='ltr'>nostris</span> <span class='ocrx_word' id='word_1_49' title='bbox 1177 1209 1317 1280; x_wconf 86' lang='lat' dir='ltr'>fere</span> <span class='ocrx_word' id='word_1_50' title='bbox 1354 1206 1699 1279; x_wconf 84' lang='lat' dir='ltr'>civitatem</span> <span class='ocrx_word' id='word_1_51' title='bbox 1751 1209 2018 1280; x_wconf 91' lang='lat' dir='ltr'>Verone</span> <span class='ocrx_word' id='word_1_52' title='bbox 2073 1219 2142 1279; x_wconf 90' lang='lat' dir='ltr'>et</span> <span class='ocrx_word' id='word_1_53' title='bbox 2173 1209 2524 1281; x_wconf 89' lang='lat' dir='ltr'>Ezelinnm</span> <span class='ocrx_word' id='word_1_54' title='bbox 2578 1208 2667 1280; x_wconf 91' lang='lat' dir='ltr'>de</span> <span class='ocrx_word' id='word_1_55' title='bbox 2703 1208 3030 1299; x_wconf 88' lang='lat' dir='ltr'>Romano,</span> <span class='ocrx_word' id='word_1_56' title='bbox 3074 1218 3236 1282; x_wconf 90' lang='lat' dir='ltr'>tunc</span> <span class='ocrx_word' id='word_1_57' title='bbox 3266 1221 3454 1282; x_wconf 90' lang='lat' dir='ltr'>tem-</span> 
     </span>
     <span class='ocr_line' id='line_1_7' title="bbox 643 1329 3453 1427; baseline 0.001 -26"><span class='ocrx_word' id='word_1_58' title='bbox 643 1332 826 1427; x_wconf 90' lang='lat' dir='ltr'>poris</span> <span class='ocrx_word' id='word_1_59' title='bbox 876 1331 969 1403; x_wconf 88' lang='lat' dir='ltr'>ad</span> <span class='ocrx_word' id='word_1_60' title='bbox 1027 1340 1255 1404; x_wconf 76' lang='lat' dir='ltr'>nostre</span> <span class='ocrx_word' id='word_1_61' title='bbox 1317 1329 1668 1402; x_wconf 87' lang='lat' dir='ltr'>fidelitatis</span> <span class='ocrx_word' id='word_1_62' title='bbox 1726 1330 2135 1424; x_wconf 87' lang='lat' dir='ltr'>obsequium</span> <span class='ocrx_word' id='word_1_63' title='bbox 2192 1332 2460 1404; x_wconf 87' lang='lat' dir='ltr'>noviter</span> <span class='ocrx_word' id='word_1_64' title='bbox 2521 1340 2873 1403; x_wconf 87' lang='lat' dir='ltr'>revocatos</span> <span class='ocrx_word' id='word_1_65' title='bbox 2937 1330 3076 1426; x_wconf 77' lang='lat' dir='ltr'>(l),</span> <span class='ocrx_word' id='word_1_66' title='bbox 3126 1334 3453 1406; x_wconf 73' lang='lat' dir='ltr'>extractis</span> 
     </span>
     <span class='ocr_line' id='line_1_8' title="bbox 639 1454 3457 1544; baseline 0 -16"><span class='ocrx_word' id='word_1_67' title='bbox 639 1477 879 1528; x_wconf 89' lang='lat' dir='ltr'>eorum</span> <span class='ocrx_word' id='word_1_68' title='bbox 939 1455 1309 1528; x_wconf 88' lang='lat' dir='ltr'>carrochiis</span> <span class='ocrx_word' id='word_1_69' title='bbox 1367 1455 1705 1526; x_wconf 87' lang='lat' dir='ltr'>violenter</span> <span class='ocrx_word' id='word_1_70' title='bbox 1756 1454 2085 1528; x_wconf 86' lang='lat' dir='ltr'>invadere</span> <span class='ocrx_word' id='word_1_71' title='bbox 2134 1457 2551 1544; x_wconf 83' lang='lat' dir='ltr'>nitebantur,</span> <span class='ocrx_word' id='word_1_72' title='bbox 2589 1455 2680 1526; x_wconf 91' lang='lat' dir='ltr'>ad</span> <span class='ocrx_word' id='word_1_73' title='bbox 2723 1457 3172 1527; x_wconf 89' lang='lat' dir='ltr'>reverentiam</span> <span class='ocrx_word' id='word_1_74' title='bbox 3227 1467 3457 1529; x_wconf 89' lang='lat' dir='ltr'>nostre</span> 
     </span>
     <span class='ocr_line' id='line_1_9' title="bbox 639 1578 3455 1673; baseline 0.001 -23"><span class='ocrx_word' id='word_1_75' title='bbox 639 1581 981 1673; x_wconf 89' lang='lat' dir='ltr'>presentie</span> <span class='ocrx_word' id='word_1_76' title='bbox 1014 1580 1202 1650; x_wconf 91' lang='lat' dir='ltr'>nullo</span> <span class='ocrx_word' id='word_1_77' title='bbox 1254 1578 1491 1650; x_wconf 89' lang='lat' dir='ltr'>habito</span> <span class='ocrx_word' id='word_1_78' title='bbox 1537 1578 1821 1651; x_wconf 91' lang='lat' dir='ltr'>omnino</span> <span class='ocrx_word' id='word_1_79' title='bbox 1871 1588 2231 1673; x_wconf 82' lang='lat' dir='ltr'>respectu3</span> <span class='ocrx_word' id='word_1_80' title='bbox 2299 1600 2649 1651; x_wconf 91' lang='lat' dir='ltr'>accessum</span> <span class='ocrx_word' id='word_1_81' title='bbox 2703 1579 2910 1652; x_wconf 89' lang='lat' dir='ltr'>etiam</span> <span class='ocrx_word' id='word_1_82' title='bbox 2954 1578 3076 1650; x_wconf 88' lang='lat' dir='ltr'>filii</span> <span class='ocrx_word' id='word_1_83' title='bbox 3109 1579 3322 1652; x_wconf 89' lang='lat' dir='ltr'>nostri</span> <span class='ocrx_word' id='word_1_84' title='bbox 3362 1579 3455 1652; x_wconf 88' lang='lat' dir='ltr'>ad</span> 
     </span>
     <span class='ocr_line' id='line_1_10' title="bbox 640 1701 3459 1797; baseline 0 -24"><span class='ocrx_word' id='word_1_85' title='bbox 640 1725 765 1776; x_wconf 89' lang='lat' dir='ltr'>nos</span> <span class='ocrx_word' id='word_1_86' title='bbox 818 1705 933 1776; x_wconf 88' lang='lat' dir='ltr'>vel</span> <span class='ocrx_word' id='word_1_87' title='bbox 970 1711 1277 1774; x_wconf 89' lang='lat' dir='ltr'>nostrum</span> <span class='ocrx_word' id='word_1_88' title='bbox 1328 1701 1419 1774; x_wconf 89' lang='lat' dir='ltr'>ad</span> <span class='ocrx_word' id='word_1_89' title='bbox 1451 1723 1610 1774; x_wconf 91' lang='lat' dir='ltr'>eum</span> <span class='ocrx_word' id='word_1_90' title='bbox 1643 1724 1767 1797; x_wconf 91' lang='lat' dir='ltr'>per</span> <span class='ocrx_word' id='word_1_91' title='bbox 1818 1711 2030 1775; x_wconf 85' lang='lat' dir='ltr'>terras</span> <span class='ocrx_word' id='word_1_92' title='bbox 2078 1713 2149 1775; x_wconf 92' lang='lat' dir='ltr'>et</span> <span class='ocrx_word' id='word_1_93' title='bbox 2193 1702 2345 1775; x_wconf 87' lang='lat' dir='ltr'>vias</span> <span class='ocrx_word' id='word_1_94' title='bbox 2384 1703 2652 1797; x_wconf 89' lang='lat' dir='ltr'>imperii</span> <span class='ocrx_word' id='word_1_95' title='bbox 2700 1724 2838 1797; x_wconf 91' lang='lat' dir='ltr'>que</span> <span class='ocrx_word' id='word_1_96' title='bbox 2873 1704 2999 1776; x_wconf 89' lang='lat' dir='ltr'>etsi</span> <span class='ocrx_word' id='word_1_97' title='bbox 3045 1713 3270 1776; x_wconf 90' lang='lat' dir='ltr'>nostre</span> <span class='ocrx_word' id='word_1_98' title='bbox 3319 1706 3459 1775; x_wconf 89' lang='lat' dir='ltr'>sint</span> 
     </span>
     <span class='ocr_line' id='line_1_11' title="bbox 640 1826 3457 1922; baseline 0.001 -24"><span class='ocrx_word' id='word_1_99' title='bbox 640 1828 951 1922; x_wconf 83' lang='lat' dir='ltr'>proprie,</span> <span class='ocrx_word' id='word_1_100' title='bbox 1013 1837 1239 1899; x_wconf 89' lang='lat' dir='ltr'>tamen</span> <span class='ocrx_word' id='word_1_101' title='bbox 1276 1826 1602 1898; x_wconf 91' lang='lat' dir='ltr'>omuibus</span> <span class='ocrx_word' id='word_1_102' title='bbox 1658 1836 1818 1896; x_wconf 89' lang='lat' dir='ltr'>sunt</span> <span class='ocrx_word' id='word_1_103' title='bbox 1871 1847 2307 1917; x_wconf 87' lang='lat' dir='ltr'>communes,</span> <span class='ocrx_word' id='word_1_104' title='bbox 2368 1827 2599 1900; x_wconf 91' lang='lat' dir='ltr'>denuo</span> <span class='ocrx_word' id='word_1_105' title='bbox 2632 1827 3102 1922; x_wconf 89' lang='lat' dir='ltr'>prohibentes,</span> <span class='ocrx_word' id='word_1_106' title='bbox 3146 1827 3238 1898; x_wconf 91' lang='lat' dir='ltr'>ita</span> <span class='ocrx_word' id='word_1_107' title='bbox 3264 1826 3457 1920; x_wconf 90' lang='lat' dir='ltr'>quod</span> 
     </span>
     <span class='ocr_line' id='line_1_12' title="bbox 644 1949 3457 2045; baseline 0.001 -23"><span class='ocrx_word' id='word_1_108' title='bbox 644 1951 852 2045; x_wconf 89' lang='lat' dir='ltr'>patris</span> <span class='ocrx_word' id='word_1_109' title='bbox 875 1952 1118 2023; x_wconf 87' lang='lat' dir='ltr'>oculus</span> <span class='ocrx_word' id='word_1_110' title='bbox 1153 1960 1325 2021; x_wconf 90' lang='lat' dir='ltr'>tunc</span> <span class='ocrx_word' id='word_1_111' title='bbox 1350 1950 1677 2044; x_wconf 86' lang='lat' dir='ltr'>temporis</span> <span class='ocrx_word' id='word_1_112' title='bbox 1700 1950 1906 2022; x_wconf 89' lang='lat' dir='ltr'>etiam</span> <span class='ocrx_word' id='word_1_113' title='bbox 1942 1949 2159 2021; x_wconf 87' lang='lat' dir='ltr'>filium</span> <span class='ocrx_word' id='word_1_114' title='bbox 2191 1971 2329 2022; x_wconf 90' lang='lat' dir='ltr'>non</span> <span class='ocrx_word' id='word_1_115' title='bbox 2349 1951 2643 2024; x_wconf 88' lang='lat' dir='ltr'>vidisset</span> <span class='ocrx_word' id='word_1_116' title='bbox 2673 1951 2807 2023; x_wconf 90' lang='lat' dir='ltr'>nisi</span> <span class='ocrx_word' id='word_1_117' title='bbox 2844 1950 3033 2043; x_wconf 89' lang='lat' dir='ltr'>quod</span> <span class='ocrx_word' id='word_1_118' title='bbox 3053 1951 3281 2023; x_wconf 87' lang='lat' dir='ltr'>navali</span> <span class='ocrx_word' id='word_1_119' title='bbox 3305 1973 3457 2045; x_wconf 90' lang='lat' dir='ltr'>pre·</span> 
     </span>
     <span class='ocr_line' id='line_1_13' title="bbox 638 2074 3453 2170; baseline 0 -24"><span class='ocrx_word' id='word_1_120' title='bbox 638 2075 851 2166; x_wconf 90' lang='lat' dir='ltr'>sidio,</span> <span class='ocrx_word' id='word_1_121' title='bbox 899 2096 1131 2147; x_wconf 88' lang='lat' dir='ltr'>amore</span> <span class='ocrx_word' id='word_1_122' title='bbox 1167 2084 1451 2170; x_wconf 90' lang='lat' dir='ltr'>paterno</span> <span class='ocrx_word' id='word_1_123' title='bbox 1484 2074 1610 2168; x_wconf 88' lang='lat' dir='ltr'>qui</span> <span class='ocrx_word' id='word_1_124' title='bbox 1638 2075 1971 2147; x_wconf 89' lang='lat' dir='ltr'>contineri</span> <span class='ocrx_word' id='word_1_125' title='bbox 2003 2095 2142 2147; x_wconf 94' lang='lat' dir='ltr'>non</span> <span class='ocrx_word' id='word_1_126' title='bbox 2175 2084 2437 2170; x_wconf 88' lang='lat' dir='ltr'>poterat</span> <span class='ocrx_word' id='word_1_127' title='bbox 2470 2077 2830 2167; x_wconf 88' lang='lat' dir='ltr'>stimulati,</span> <span class='ocrx_word' id='word_1_128' title='bbox 2870 2097 2996 2148; x_wconf 89' lang='lat' dir='ltr'>nos</span> <span class='ocrx_word' id='word_1_129' title='bbox 3021 2075 3453 2170; x_wconf 86' lang='lat' dir='ltr'>Aquilegiam</span> 
     </span>
     <span class='ocr_line' id='line_1_14' title="bbox 606 2199 3458 2294; baseline 0.001 -27"><span class='ocrx_word' id='word_1_130' title='bbox 606 2259 611 2266; x_wconf 90' lang='lat'>.</span> <span class='ocrx_word' id='word_1_131' title='bbox 639 2200 772 2270; x_wconf 92' lang='lat' dir='ltr'>sub</span> <span class='ocrx_word' id='word_1_132' title='bbox 796 2202 1005 2270; x_wconf 90' lang='lat' dir='ltr'>maris</span> <span class='ocrx_word' id='word_1_133' title='bbox 1023 2199 1238 2272; x_wconf 90' lang='lat' dir='ltr'>dubia</span> <span class='ocrx_word' id='word_1_134' title='bbox 1262 2209 1443 2271; x_wconf 87' lang='lat' dir='ltr'>sorte</span> <span class='ocrx_word' id='word_1_135' title='bbox 1466 2200 1910 2289; x_wconf 88' lang='lat' dir='ltr'>contulimus,</span> <span class='ocrx_word' id='word_1_136' title='bbox 1938 2206 2011 2270; x_wconf 91' lang='lat' dir='ltr'>ut</span> <span class='ocrx_word' id='word_1_137' title='bbox 2036 2200 2420 2293; x_wconf 89' lang='lat' dir='ltr'>predictum</span> <span class='ocrx_word' id='word_1_138' title='bbox 2451 2199 2667 2271; x_wconf 87' lang='lat' dir='ltr'>filium</span> <span class='ocrx_word' id='word_1_139' title='bbox 2696 2211 3000 2272; x_wconf 86' lang='lat' dir='ltr'>nostrum</span> <span class='ocrx_word' id='word_1_140' title='bbox 3025 2210 3094 2272; x_wconf 92' lang='lat' dir='ltr'>et</span> <span class='ocrx_word' id='word_1_141' title='bbox 3116 2201 3458 2294; x_wconf 58' lang='lat' dir='ltr'>principos</span> 
     </span>
     <span class='ocr_line' id='line_1_15' title="bbox 637 2321 3457 2426; baseline 0.001 -33"><span class='ocrx_word' id='word_1_142' title='bbox 637 2322 759 2414; x_wconf 93' lang='lat' dir='ltr'>qui</span> <span class='ocrx_word' id='word_1_143' title='bbox 796 2321 886 2394; x_wconf 90' lang='lat' dir='ltr'>ad</span> <span class='ocrx_word' id='word_1_144' title='bbox 923 2343 1049 2395; x_wconf 92' lang='lat' dir='ltr'>uos</span> <span class='ocrx_word' id='word_1_145' title='bbox 1083 2322 1334 2395; x_wconf 88' lang='lat' dir='ltr'>devote</span> <span class='ocrx_word' id='word_1_146' title='bbox 1356 2336 1435 2394; x_wconf 70' lang='lat' dir='ltr'>se&#39;</span> <span class='ocrx_word' id='word_1_147' title='bbox 1463 2325 1896 2395; x_wconf 87' lang='lat' dir='ltr'>contulerant</span> <span class='ocrx_word' id='word_1_148' title='bbox 1924 2323 2348 2396; x_wconf 87' lang='lat' dir='ltr'>videremus.</span> <span class='ocrx_word' id='word_1_149' title='bbox 2390 2325 2530 2395; x_wconf 88' lang='lat' dir='ltr'>Nec</span> <span class='ocrx_word' id='word_1_150' title='bbox 2555 2323 2786 2395; x_wconf 90' lang='lat' dir='ltr'>adhuc</span> <span class='ocrx_word' id='word_1_151' title='bbox 2835 2322 3053 2395; x_wconf 85' lang='lat' dir='ltr'>defuit</span> <span class='ocrx_word' id='word_1_152' title='bbox 3098 2323 3457 2426; x_wconf 77' lang='lat' dir='ltr'>clementie</span> 
     </span>
     <span class='ocr_line' id='line_1_16' title="bbox 638 2446 3457 2541; baseline 0.001 -25"><span class='ocrx_word' id='word_1_153' title='bbox 638 2454 867 2517; x_wconf 88' lang='lat' dir='ltr'>nostre</span> <span class='ocrx_word' id='word_1_154' title='bbox 924 2447 1303 2526; x_wconf 83' lang='lat' dir='ltr'>constantia</span> <span class='ocrx_word' id='word_1_155' title='bbox 1355 2446 1524 2539; x_wconf 88' lang='lat' dir='ltr'>quin</span> <span class='ocrx_word' id='word_1_156' title='bbox 1577 2446 2039 2539; x_wconf 79' lang='lat' dir='ltr'>aggressionis</span> <span class='ocrx_word' id='word_1_157' title='bbox 2100 2447 2365 2519; x_wconf 85' lang='lat' dir='ltr'>hostilis</span> <span class='ocrx_word' id='word_1_158' title='bbox 2423 2449 2650 2519; x_wconf 86' lang='lat' dir='ltr'>furore</span> <span class='ocrx_word' id='word_1_159' title='bbox 2702 2446 3046 2541; x_wconf 90' lang='lat' dir='ltr'>deposito,</span> <span class='ocrx_word' id='word_1_160' title='bbox 3109 2447 3357 2519; x_wconf 88' lang='lat' dir='ltr'>iterum</span> <span class='ocrx_word' id='word_1_161' title='bbox 3388 2458 3457 2519; x_wconf 90' lang='lat' dir='ltr'>et</span> 
     </span>
     <span class='ocr_line' id='line_1_17' title="bbox 636 2570 3452 2664; baseline 0 -23"><span class='ocrx_word' id='word_1_162' title='bbox 636 2590 917 2641; x_wconf 90' lang='lat' dir='ltr'>causam</span> <span class='ocrx_word' id='word_1_163' title='bbox 950 2572 1171 2664; x_wconf 88' lang='lat' dir='ltr'>ipsam</span> <span class='ocrx_word' id='word_1_164' title='bbox 1195 2571 1774 2643; x_wconf 88' lang='lat' dir='ltr'>committeremus</span> <span class='ocrx_word' id='word_1_165' title='bbox 1790 2571 2070 2644; x_wconf 90' lang='lat' dir='ltr'>arbitrio</span> <span class='ocrx_word' id='word_1_166' title='bbox 2093 2572 2393 2644; x_wconf 85' lang='lat' dir='ltr'>Ecclesie</span> <span class='ocrx_word' id='word_1_167' title='bbox 2422 2570 2945 2643; x_wconf 87' lang='lat' dir='ltr'>terminandam.</span> <span class='ocrx_word' id='word_1_168' title='bbox 2973 2572 3082 2642; x_wconf 85' lang='lat' dir='ltr'>Ex</span> <span class='ocrx_word' id='word_1_169' title='bbox 3114 2593 3197 2644; x_wconf 92' lang='lat' dir='ltr'>eo</span> <span class='ocrx_word' id='word_1_170' title='bbox 3227 2583 3452 2644; x_wconf 89' lang='lat' dir='ltr'>tamen</span> 
     </span>
     <span class='ocr_line' id='line_1_18' title="bbox 637 2694 3457 2790; baseline 0.001 -28"><span class='ocrx_word' id='word_1_171' title='bbox 637 2695 825 2765; x_wconf 91' lang='lat' dir='ltr'>unde</span> <span class='ocrx_word' id='word_1_172' title='bbox 860 2694 1285 2766; x_wconf 90' lang='lat' dir='ltr'>credidimus</span> <span class='ocrx_word' id='word_1_173' title='bbox 1319 2694 1763 2767; x_wconf 87' lang='lat' dir='ltr'>humanitatis</span> <span class='ocrx_word' id='word_1_174' title='bbox 1808 2695 2067 2767; x_wconf 90' lang='lat' dir='ltr'>eisdem</span> <span class='ocrx_word' id='word_1_175' title='bbox 2126 2697 2450 2789; x_wconf 83' lang='lat' dir='ltr'>exempla</span> <span class='ocrx_word' id='word_1_176' title='bbox 2494 2694 2936 2790; x_wconf 88' lang='lat' dir='ltr'>protendere,</span> <span class='ocrx_word' id='word_1_177' title='bbox 2993 2715 3248 2766; x_wconf 90' lang='lat' dir='ltr'>cornua</span> <span class='ocrx_word' id='word_1_178' title='bbox 3291 2696 3457 2790; x_wconf 92' lang='lat' dir='ltr'>ipsis</span> 
     </span>
     <span class='ocr_line' id='line_1_19' title="bbox 638 2814 3455 2913; baseline 0.002 -28"><span class='ocrx_word' id='word_1_179' title='bbox 638 2814 1095 2889; x_wconf 89' lang='lat' dir='ltr'>indevotionis</span> <span class='ocrx_word' id='word_1_180' title='bbox 1132 2817 1519 2909; x_wconf 84' lang='lat' dir='ltr'>ereximus,</span> <span class='ocrx_word' id='word_1_181' title='bbox 1572 2818 1946 2891; x_wconf 84' lang='lat' dir='ltr'>referentes</span> <span class='ocrx_word' id='word_1_182' title='bbox 1982 2818 2072 2890; x_wconf 88' lang='lat' dir='ltr'>ab</span> <span class='ocrx_word' id='word_1_183' title='bbox 2107 2819 2205 2890; x_wconf 89' lang='lat' dir='ltr'>eis</span> <span class='ocrx_word' id='word_1_184' title='bbox 2248 2839 2371 2913; x_wconf 91' lang='lat' dir='ltr'>pro</span> <span class='ocrx_word' id='word_1_185' title='bbox 2408 2819 2640 2891; x_wconf 89' lang='lat' dir='ltr'>debita</span> <span class='ocrx_word' id='word_1_186' title='bbox 2670 2818 2809 2891; x_wconf 87' lang='lat' dir='ltr'>fide</span> <span class='ocrx_word' id='word_1_187' title='bbox 2844 2817 3199 2913; x_wconf 87' lang='lat' dir='ltr'>perfidiam</span> <span class='ocrx_word' id='word_1_188' title='bbox 3240 2828 3310 2890; x_wconf 90' lang='lat' dir='ltr'>et</span> <span class='ocrx_word' id='word_1_189' title='bbox 3331 2840 3455 2912; x_wconf 90' lang='lat' dir='ltr'>pro</span> 
     </span>
     <span class='ocr_line' id='line_1_20' title="bbox 637 2937 3453 3039; baseline 0.002 -29"><span class='ocrx_word' id='word_1_190' title='bbox 637 2937 1007 3013; x_wconf 86' lang='lat' dir='ltr'>devotione</span> <span class='ocrx_word' id='word_1_191' title='bbox 1039 2950 1542 3038; x_wconf 89' lang='lat' dir='ltr'>contemptum;</span> <span class='ocrx_word' id='word_1_192' title='bbox 1598 2964 1728 3017; x_wconf 89' lang='lat' dir='ltr'>nec</span> <span class='ocrx_word' id='word_1_193' title='bbox 1772 2944 1909 3015; x_wconf 91' lang='lat' dir='ltr'>ulla</span> <span class='ocrx_word' id='word_1_194' title='bbox 1943 2943 2273 3038; x_wconf 90' lang='lat' dir='ltr'>predictis</span> <span class='ocrx_word' id='word_1_195' title='bbox 2311 2944 2582 3017; x_wconf 89' lang='lat' dir='ltr'>vexatio</span> <span class='ocrx_word' id='word_1_196' title='bbox 2625 2941 2726 3039; x_wconf 87' lang='lat' dir='ltr'>(a)</span> <span class='ocrx_word' id='word_1_197' title='bbox 2763 2943 3004 3017; x_wconf 88' lang='lat' dir='ltr'>tribuit</span> <span class='ocrx_word' id='word_1_198' title='bbox 3040 2944 3453 3017; x_wconf 90' lang='lat' dir='ltr'>intellectum</span> 
     </span>
     <span class='ocr_line' id='line_1_21' title="bbox 633 3065 3453 3164; baseline 0.003 -30"><span class='ocrx_word' id='word_1_199' title='bbox 633 3065 803 3157; x_wconf 87' lang='lat' dir='ltr'>quin</span> <span class='ocrx_word' id='word_1_200' title='bbox 840 3067 933 3138; x_wconf 95' lang='lat' dir='ltr'>ob</span> <span class='ocrx_word' id='word_1_201' title='bbox 956 3067 1100 3156; x_wconf 88' lang='lat' dir='ltr'>jam</span> <span class='ocrx_word' id='word_1_202' title='bbox 1129 3067 1351 3139; x_wconf 90' lang='lat' dir='ltr'>dictas</span> <span class='ocrx_word' id='word_1_203' title='bbox 1382 3067 1678 3140; x_wconf 86' lang='lat' dir='ltr'>offensas</span> <span class='ocrx_word' id='word_1_204' title='bbox 1712 3068 1782 3138; x_wconf 90' lang='lat' dir='ltr'>iu</span> <span class='ocrx_word' id='word_1_205' title='bbox 1818 3069 2215 3162; x_wconf 84' lang='lat' dir='ltr'>quingentis</span> <span class='ocrx_word' id='word_1_206' title='bbox 2268 3069 2637 3160; x_wconf 84' lang='lat' dir='ltr'>militibus,</span> <span class='ocrx_word' id='word_1_207' title='bbox 2705 3070 2863 3142; x_wconf 91' lang='lat' dir='ltr'>licet</span> <span class='ocrx_word' id='word_1_208' title='bbox 2917 3091 3056 3141; x_wconf 93' lang='lat' dir='ltr'>non</span> <span class='ocrx_word' id='word_1_209' title='bbox 3099 3070 3296 3142; x_wconf 89' lang='lat' dir='ltr'>nobis</span> <span class='ocrx_word' id='word_1_210' title='bbox 3331 3071 3453 3164; x_wconf 92' lang='lat' dir='ltr'>qui</span> 
     </span>
     <span class='ocr_line' id='line_1_22' title="bbox 633 3189 3456 3286; baseline 0.003 -28"><span class='ocrx_word' id='word_1_211' title='bbox 633 3189 988 3261; x_wconf 83' lang='lat' dir='ltr'>fueramus</span> <span class='ocrx_word' id='word_1_212' title='bbox 1023 3191 1303 3277; x_wconf 82' lang='lat' dir='ltr'>offensi,</span> <span class='ocrx_word' id='word_1_213' title='bbox 1342 3192 1473 3263; x_wconf 89' lang='lat' dir='ltr'>sed</span> <span class='ocrx_word' id='word_1_214' title='bbox 1508 3214 1633 3286; x_wconf 91' lang='lat' dir='ltr'>pro</span> <span class='ocrx_word' id='word_1_215' title='bbox 1670 3194 1876 3264; x_wconf 89' lang='lat' dir='ltr'>Terre</span> <span class='ocrx_word' id='word_1_216' title='bbox 1903 3195 2148 3264; x_wconf 88' lang='lat' dir='ltr'>Sancte</span> <span class='ocrx_word' id='word_1_217' title='bbox 2183 3194 2530 3282; x_wconf 88' lang='lat' dir='ltr'>subsidio,</span> <span class='ocrx_word' id='word_1_218' title='bbox 2571 3197 2817 3267; x_wconf 90' lang='lat' dir='ltr'>iterum</span> <span class='ocrx_word' id='word_1_219' title='bbox 2856 3194 3332 3283; x_wconf 89' lang='lat' dir='ltr'>condemnati,</span> <span class='ocrx_word' id='word_1_220' title='bbox 3374 3194 3456 3265; x_wconf 86' lang='lat' dir='ltr'>fi-</span> 
     </span>
     <span class='ocr_line' id='line_1_23' title="bbox 633 3310 3457 3411; baseline 0.003 -29"><span class='ocrx_word' id='word_1_221' title='bbox 633 3310 909 3383; x_wconf 91' lang='lat' dir='ltr'>delibus</span> <span class='ocrx_word' id='word_1_222' title='bbox 938 3315 1187 3386; x_wconf 88' lang='lat' dir='ltr'>nostris</span> <span class='ocrx_word' id='word_1_223' title='bbox 1213 3317 1285 3385; x_wconf 93' lang='lat' dir='ltr'>in</span> <span class='ocrx_word' id='word_1_224' title='bbox 1321 3316 1628 3408; x_wconf 90' lang='lat' dir='ltr'>partibus</span> <span class='ocrx_word' id='word_1_225' title='bbox 1663 3317 2073 3389; x_wconf 90' lang='lat' dir='ltr'>Lombardie</span> <span class='ocrx_word' id='word_1_226' title='bbox 2120 3319 2369 3389; x_wconf 87' lang='lat' dir='ltr'>multas</span> <span class='ocrx_word' id='word_1_227' title='bbox 2416 3319 2774 3390; x_wconf 89' lang='lat' dir='ltr'>intulerint</span> <span class='ocrx_word' id='word_1_228' title='bbox 2826 3320 3165 3393; x_wconf 90' lang='lat' dir='ltr'>molestias</span> <span class='ocrx_word' id='word_1_229' title='bbox 3215 3329 3285 3392; x_wconf 87' lang='lat' dir='ltr'>et</span> <span class='ocrx_word' id='word_1_230' title='bbox 3309 3321 3457 3411; x_wconf 87' lang='lat' dir='ltr'>jac-</span> 
     </span>
     <span class='ocr_line' id='line_1_24' title="bbox 632 3437 3458 3536; baseline 0.005 -32"><span class='ocrx_word' id='word_1_231' title='bbox 632 3444 844 3508; x_wconf 90' lang='lat' dir='ltr'>turas.</span> <span class='ocrx_word' id='word_1_232' title='bbox 877 3437 1125 3510; x_wconf 89' lang='lat' dir='ltr'>Ultimo</span> <span class='ocrx_word' id='word_1_233' title='bbox 1158 3439 1475 3533; x_wconf 88' lang='lat' dir='ltr'>proinde,</span> <span class='ocrx_word' id='word_1_234' title='bbox 1508 3460 1667 3510; x_wconf 91' lang='lat' dir='ltr'>cum</span> <span class='ocrx_word' id='word_1_235' title='bbox 1699 3461 1825 3534; x_wconf 90' lang='lat' dir='ltr'>pro</span> <span class='ocrx_word' id='word_1_236' title='bbox 1849 3441 2148 3513; x_wconf 89' lang='lat' dir='ltr'>servitiis</span> <span class='ocrx_word' id='word_1_237' title='bbox 2173 3442 2480 3515; x_wconf 89' lang='lat' dir='ltr'>Ecclesie</span> <span class='ocrx_word' id='word_1_238' title='bbox 2511 3442 2584 3514; x_wconf 92' lang='lat' dir='ltr'>in</span> <span class='ocrx_word' id='word_1_239' title='bbox 2620 3444 2931 3536; x_wconf 89' lang='lat' dir='ltr'>partibus</span> <span class='ocrx_word' id='word_1_240' title='bbox 2954 3446 3200 3516; x_wconf 89' lang='lat' dir='ltr'>Tuscie</span> <span class='ocrx_word' id='word_1_241' title='bbox 3224 3465 3458 3517; x_wconf 88' lang='lat' dir='ltr'>mora-</span> 
     </span>
     <span class='ocr_line' id='line_1_25' title="bbox 631 3561 3453 3662; baseline 0.003 -33"><span class='ocrx_word' id='word_1_242' title='bbox 631 3580 899 3649; x_wconf 90' lang='lat' dir='ltr'>remur,</span> <span class='ocrx_word' id='word_1_243' title='bbox 935 3561 1028 3633; x_wconf 90' lang='lat' dir='ltr'>ad</span> <span class='ocrx_word' id='word_1_244' title='bbox 1063 3563 1578 3656; x_wconf 90' lang='lat' dir='ltr'>persuasionem</span> <span class='ocrx_word' id='word_1_245' title='bbox 1604 3573 1671 3636; x_wconf 87' lang='lat' dir='ltr'>et</span> <span class='ocrx_word' id='word_1_246' title='bbox 1706 3565 2072 3636; x_wconf 90' lang='lat' dir='ltr'>consilium</span> <span class='ocrx_word' id='word_1_247' title='bbox 2110 3566 2333 3660; x_wconf 92' lang='lat' dir='ltr'>primo</span> <span class='ocrx_word' id='word_1_248' title='bbox 2368 3567 2787 3641; x_wconf 84' lang='lat' dir='ltr'>venerabilis</span> <span class='ocrx_word' id='word_1_249' title='bbox 2815 3568 3023 3662; x_wconf 91' lang='lat' dir='ltr'>patris</span> <span class='ocrx_word' id='word_1_250' title='bbox 3053 3567 3453 3641; x_wconf 90' lang='lat' dir='ltr'>Sabinensis</span> 
     </span>
     <span class='ocr_line' id='line_1_26' title="bbox 630 3684 3452 3786; baseline 0.003 -33"><span class='ocrx_word' id='word_1_251' title='bbox 630 3684 938 3779; x_wconf 83' lang='lat' dir='ltr'>episcopi</span> <span class='ocrx_word' id='word_1_252' title='bbox 1004 3695 1073 3757; x_wconf 89' lang='lat' dir='ltr'>et</span> <span class='ocrx_word' id='word_1_253' title='bbox 1125 3687 1413 3758; x_wconf 91' lang='lat' dir='ltr'>aliorum</span> <span class='ocrx_word' id='word_1_254' title='bbox 1474 3688 1665 3782; x_wconf 91' lang='lat' dir='ltr'>apud</span> <span class='ocrx_word' id='word_1_255' title='bbox 1722 3710 1847 3761; x_wconf 90' lang='lat' dir='ltr'>nos</span> <span class='ocrx_word' id='word_1_256' title='bbox 1910 3690 2107 3762; x_wconf 87' lang='lat' dir='ltr'>Sedis</span> <span class='ocrx_word' id='word_1_257' title='bbox 2160 3690 2552 3784; x_wconf 86' lang='lat' dir='ltr'>Apostolice</span> <span class='ocrx_word' id='word_1_258' title='bbox 2612 3692 3025 3785; x_wconf 85' lang='lat' dir='ltr'>legatorum,</span> <span class='ocrx_word' id='word_1_259' title='bbox 3099 3691 3452 3786; x_wconf 88' lang='lat' dir='ltr'>negotium</span> 
     </span>
    </p>
   </div>
   <div class='ocr_carea' id='block_1_3' title="bbox 713 3853 2001 3951">
    <p class='ocr_par' dir='ltr' id='par_1_3' title="bbox 713 3853 2001 3951">
     <span class='ocr_line' id='line_1_27' title="bbox 713 3853 2001 3951; baseline 0.005 -21"><span class='ocrx_word' id='word_1_260' title='bbox 713 3868 800 3951; x_wconf 82' lang='lat' dir='ltr'>(a)</span> <span class='ocrx_word' id='word_1_261' title='bbox 845 3853 945 3935; x_wconf 82' lang='lat' dir='ltr'>Sic</span> <span class='ocrx_word' id='word_1_262' title='bbox 971 3877 1034 3934; x_wconf 79' lang='lat' dir='ltr'>in</span> <span class='ocrx_word' id='word_1_263' title='bbox 1063 3876 1339 3936; x_wconf 83' lang='lat' dir='ltr'>omnibus</span> <span class='ocrx_word' id='word_1_264' title='bbox 1373 3896 1389 3936; x_wconf 76' lang='grc' dir='ltr'><strong><em>ε</em></strong></span> <span class='ocrx_word' id='word_1_265' title='bbox 1420 3877 1669 3937; x_wconf 82' lang='lat' dir='ltr'>forsitan</span> <span class='ocrx_word' id='word_1_266' title='bbox 1695 3879 2001 3940; x_wconf 76' lang='lat' dir='ltr'>veneratio.</span> 
     </span>
    </p>
   </div>
   <div class='ocr_carea' id='block_1_4' title="bbox 3023 4078 3445 4091">
    <p class='ocr_par' dir='ltr' id='par_1_4' title="bbox 3023 4078 3445 4091">
     <span class='ocr_line' id='line_1_28' title="bbox 3023 4078 3445 4091; baseline 0 1865"><span class='ocrx_word' id='word_1_267' title='bbox 3023 4078 3445 4091; x_wconf 95' lang='lat' dir='ltr'> </span> 
     </span>
    </p>
   </div>
   <div class='ocr_carea' id='block_1_5' title="bbox 647 4077 1867 4093">
    <p class='ocr_par' dir='ltr' id='par_1_5' title="bbox 647 4077 1867 4093">
     <span class='ocr_line' id='line_1_29' title="bbox 647 4077 1867 4093; baseline 0.007 -8"><span class='ocrx_word' id='word_1_268' title='bbox 647 4077 1867 4093; x_wconf 50' lang='lat' dir='ltr'>”mm—mm——m—-n—</span> 
     </span>
    </p>
   </div>
   <div class='ocr_carea' id='block_1_6' title="bbox 625 4218 3453 4777">
    <p class='ocr_par' dir='ltr' id='par_1_6' title="bbox 625 4218 3453 4777">
     <span class='ocr_line' id='line_1_30' title="bbox 700 4218 3452 4296; baseline 0.003 -24"><span class='ocrx_word' id='word_1_269' title='bbox 700 4218 772 4289; x_wconf 76' lang='lat' dir='ltr'>(t)</span> <span class='ocrx_word' id='word_1_270' title='bbox 808 4218 1086 4275; x_wconf 84' lang='lat' dir='ltr'>Eccelinus</span> <span class='ocrx_word' id='word_1_271' title='bbox 1107 4218 1176 4275; x_wconf 89' lang='lat' dir='ltr'>de</span> <span class='ocrx_word' id='word_1_272' title='bbox 1197 4220 1452 4292; x_wconf 87' lang='lat' dir='ltr'>Romano,</span> <span class='ocrx_word' id='word_1_273' title='bbox 1476 4227 1538 4277; x_wconf 91' lang='lat' dir='ltr'>ut</span> <span class='ocrx_word' id='word_1_274' title='bbox 1563 4221 1755 4279; x_wconf 90' lang='lat' dir='ltr'>scribit</span> <span class='ocrx_word' id='word_1_275' title='bbox 1776 4222 2100 4281; x_wconf 83' lang='lat' dir='ltr'>Muratorius</span> <span class='ocrx_word' id='word_1_276' title='bbox 2123 4222 2177 4278; x_wconf 92' lang='lat' dir='ltr'>in</span> <span class='ocrx_word' id='word_1_277' title='bbox 2205 4220 2320 4278; x_wconf 88' lang='lat' dir='ltr'>suis</span> <span class='ocrx_word' id='word_1_278' title='bbox 2335 4218 2854 4291; x_wconf 79' lang='lat' dir='ltr'>Annalibus,mense</span> <span class='ocrx_word' id='word_1_279' title='bbox 2871 4221 3123 4294; x_wconf 85' lang='lat' dir='ltr'>januario</span> <span class='ocrx_word' id='word_1_280' title='bbox 3150 4224 3289 4280; x_wconf 74' lang='lat'>⁴232</span> <span class='ocrx_word' id='word_1_281' title='bbox 3308 4223 3452 4296; x_wconf 86' lang='lat' dir='ltr'>apud</span> 
     </span>
     <span class='ocr_line' id='line_1_31' title="bbox 629 4316 3453 4391; baseline 0.002 -20"><span class='ocrx_word' id='word_1_282' title='bbox 629 4316 937 4373; x_wconf 83' lang='lat' dir='ltr'>Ravennam</span> <span class='ocrx_word' id='word_1_283' title='bbox 963 4320 1017 4372; x_wconf 90' lang='lat' dir='ltr'>et</span> <span class='ocrx_word' id='word_1_284' title='bbox 1040 4316 1204 4373; x_wconf 81' lang='lat' dir='ltr'>frater</span> <span class='ocrx_word' id='word_1_285' title='bbox 1228 4318 1345 4390; x_wconf 87' lang='lat' dir='ltr'>ejus</span> <span class='ocrx_word' id='word_1_286' title='bbox 1367 4318 1677 4391; x_wconf 74' lang='lat' dir='ltr'>AlbericuS,</span> <span class='ocrx_word' id='word_1_287' title='bbox 1705 4324 1844 4376; x_wconf 80' lang='lat' dir='ltr'>teste</span> <span class='ocrx_word' id='word_1_288' title='bbox 1871 4325 2158 4377; x_wconf 85' lang='lat' dir='ltr'>coaetaneo</span> <span class='ocrx_word' id='word_1_289' title='bbox 2180 4317 2453 4387; x_wconf 83' lang='lat' dir='ltr'>Maurisi0‚</span> <span class='ocrx_word' id='word_1_290' title='bbox 2471 4333 2659 4374; x_wconf 89' lang='lat' dir='ltr'>mense</span> <span class='ocrx_word' id='word_1_291' title='bbox 2673 4319 2818 4373; x_wconf 83' lang='lat' dir='ltr'>maio</span> <span class='ocrx_word' id='word_1_292' title='bbox 2842 4317 2983 4391; x_wconf 87' lang='lat' dir='ltr'>apud</span> <span class='ocrx_word' id='word_1_293' title='bbox 3012 4317 3228 4374; x_wconf 88' lang='lat' dir='ltr'>Portum</span> <span class='ocrx_word' id='word_1_294' title='bbox 3252 4319 3453 4377; x_wconf 88' lang='lat' dir='ltr'>Naonis</span> 
     </span>
     <span class='ocr_line' id='line_1_32' title="bbox 629 4409 3452 4489; baseline 0.004 -24"><span class='ocrx_word' id='word_1_295' title='bbox 629 4409 954 4467; x_wconf 86' lang='lat' dir='ltr'>Fridericum</span> <span class='ocrx_word' id='word_1_296' title='bbox 972 4412 1348 4484; x_wconf 86' lang='lat' dir='ltr'>imperatorem</span> <span class='ocrx_word' id='word_1_297' title='bbox 1367 4414 1632 4483; x_wconf 86' lang='lat' dir='ltr'>adierunt,</span> <span class='ocrx_word' id='word_1_298' title='bbox 1657 4416 1920 4489; x_wconf 89' lang='lat' dir='ltr'>imperiali</span> <span class='ocrx_word' id='word_1_299' title='bbox 1938 4416 2077 4489; x_wconf 86' lang='lat' dir='ltr'>parti</span> <span class='ocrx_word' id='word_1_300' title='bbox 2093 4430 2237 4472; x_wconf 89' lang='lat' dir='ltr'>nunc</span> <span class='ocrx_word' id='word_1_301' title='bbox 2257 4420 2440 4489; x_wconf 86' lang='lat' dir='ltr'>aperte</span> <span class='ocrx_word' id='word_1_302' title='bbox 2460 4414 2828 4471; x_wconf 78' lang='lat' dir='ltr'>adhaerentes,</span> <span class='ocrx_word' id='word_1_303' title='bbox 2845 4415 2940 4470; x_wconf 91' lang='lat' dir='ltr'>Die</span> <span class='ocrx_word' id='word_1_304' title='bbox 2958 4421 3139 4471; x_wconf 87' lang='lat' dir='ltr'>autem</span> <span class='ocrx_word' id='word_1_305' title='bbox 3160 4418 3228 4471; x_wconf 73' lang='grc' dir='ltr'>Η</span> <span class='ocrx_word' id='word_1_306' title='bbox 3251 4418 3452 4475; x_wconf 86' lang='lat' dir='ltr'>mensis</span> 
     </span>
     <span class='ocr_line' id='line_1_33' title="bbox 628 4507 3452 4588; baseline 0.004 -27"><span class='ocrx_word' id='word_1_307' title='bbox 628 4507 827 4579; x_wconf 59' lang='lat' dir='ltr'>apulie,</span> <span class='ocrx_word' id='word_1_308' title='bbox 858 4508 1134 4566; x_wconf 84' lang='lat' dir='ltr'>Eccelinus</span> <span class='ocrx_word' id='word_1_309' title='bbox 1154 4510 1362 4567; x_wconf 84' lang='lat' dir='ltr'>Verona</span> <span class='ocrx_word' id='word_1_310' title='bbox 1394 4513 1597 4585; x_wconf 88' lang='lat' dir='ltr'>potitus</span> <span class='ocrx_word' id='word_1_311' title='bbox 1630 4519 1740 4583; x_wconf 88' lang='lat' dir='ltr'>est,</span> <span class='ocrx_word' id='word_1_312' title='bbox 1769 4514 1990 4586; x_wconf 81' lang='lat' dir='ltr'>expulso</span> <span class='ocrx_word' id='word_1_313' title='bbox 2019 4513 2260 4570; x_wconf 90' lang='lat' dir='ltr'>Guidone</span> <span class='ocrx_word' id='word_1_314' title='bbox 2285 4513 2355 4569; x_wconf 88' lang='lat' dir='ltr'>de</span> <span class='ocrx_word' id='word_1_315' title='bbox 2385 4512 2530 4584; x_wconf 87' lang='lat' dir='ltr'>Rho,</span> <span class='ocrx_word' id='word_1_316' title='bbox 2548 4519 2675 4569; x_wconf 90' lang='lat' dir='ltr'>tunc</span> <span class='ocrx_word' id='word_1_317' title='bbox 2701 4512 2955 4584; x_wconf 87' lang='lat' dir='ltr'>temporis</span> <span class='ocrx_word' id='word_1_318' title='bbox 2975 4528 3075 4585; x_wconf 87' lang='lat' dir='ltr'>pro</span> <span class='ocrx_word' id='word_1_319' title='bbox 3101 4519 3252 4588; x_wconf 79' lang='lat' dir='ltr'>parte</span> <span class='ocrx_word' id='word_1_320' title='bbox 3284 4514 3452 4572; x_wconf 84' lang='lat' dir='ltr'>Guel-</span> 
     </span>
     <span class='ocr_line' id='line_1_34' title="bbox 627 4603 3452 4683; baseline 0.003 -23"><span class='ocrx_word' id='word_1_321' title='bbox 627 4603 802 4660; x_wconf 83' lang='lat' dir='ltr'>forum</span> <span class='ocrx_word' id='word_1_322' title='bbox 848 4611 1130 4677; x_wconf 87' lang='lat' dir='ltr'>potestate.</span> <span class='ocrx_word' id='word_1_323' title='bbox 1165 4607 1243 4664; x_wconf 81' lang='lat' dir='ltr'>Cf.</span> <span class='ocrx_word' id='word_1_324' title='bbox 1292 4610 1477 4666; x_wconf 75' lang='lat' dir='ltr'>Pms.</span> <span class='ocrx_word' id='word_1_325' title='bbox 1522 4626 1596 4668; x_wconf 78' lang='lat' dir='ltr'>nn</span> <span class='ocrx_word' id='word_1_326' title='bbox 1632 4612 1877 4683; x_wconf 69' lang='lat' dir='ltr'>Cannu,</span> <span class='ocrx_word' id='word_1_327' title='bbox 1915 4610 2114 4668; x_wconf 77' lang='lat' dir='ltr'>Ghron.</span> <span class='ocrx_word' id='word_1_328' title='bbox 2158 4613 2348 4668; x_wconf 75' lang='lat' dir='ltr'>Veron.</span> <span class='ocrx_word' id='word_1_329' title='bbox 2386 4625 2476 4683; x_wconf 86' lang='lat' dir='ltr'>ap.</span> <span class='ocrx_word' id='word_1_330' title='bbox 2512 4611 2830 4682; x_wconf 63' lang='lat' dir='ltr'>Mun-ron„</span> <span class='ocrx_word' id='word_1_331' title='bbox 2872 4610 3099 4683; x_wconf 66' lang='lat' dir='ltr'>Script„</span> <span class='ocrx_word' id='word_1_332' title='bbox 3132 4617 3173 4667; x_wconf 90' lang='lat' dir='ltr'>t.</span> <span class='ocrx_word' id='word_1_333' title='bbox 3209 4610 3354 4683; x_wconf 87' lang='lat' dir='ltr'>v111,</span> <span class='ocrx_word' id='word_1_334' title='bbox 3393 4620 3452 4670; x_wconf 89' lang='lat' dir='ltr'>et</span> 
     </span>
     <span class='ocr_line' id='line_1_35' title="bbox 625 4706 1253 4777; baseline 0.011 -23"><span class='ocrx_word' id='word_1_335' title='bbox 625 4714 787 4773; x_wconf 88' lang='lat' dir='ltr'>supra</span> <span class='ocrx_word' id='word_1_336' title='bbox 815 4719 869 4774; x_wconf 88' lang='lat' dir='ltr'>p.</span> <span class='ocrx_word' id='word_1_337' title='bbox 900 4706 1003 4763; x_wconf 76' lang='lat'>362</span> <span class='ocrx_word' id='word_1_338' title='bbox 1031 4712 1085 4760; x_wconf 82' lang='lat' dir='ltr'>et</span> <span class='ocrx_word' id='word_1_339' title='bbox 1115 4707 1253 4777; x_wconf 56' lang='lat'>4074</span> 
     </span>
    </p>
   </div>
  </div>
 </body>
</html>
