4500 5956
543 563 742 625 lunio-r.
776 564 862 638 7.]
1442 562 1840 625 HISTORIA
1888 565 2471 629 DIPLOMATICA.
3250 570 3371 633 665

542 696 673 770 sibi
707 699 795 770 V.
845 696 1110 770 decano
1136 696 1403 790 totique
1432 697 1734 793 capitulo
1769 698 2176 773 Goslariensi
2200 702 2491 794 gratiam
2516 724 2714 774 suam
2741 713 2812 775 et
2842 724 3048 776 omne
3072 704 3360 779 bonum.

543 821 746 908 Quod
772 822 1135 895 ecclesiam
1159 830 1457 894 vestram
1479 832 1550 894 et
1575 842 1703 895 vos
1726 823 1907 896 bone
1939 823 2103 896 fidei
2137 824 2510 918 diligamus
2537 826 2781 900 affectu
2799 881 2819 919 ,
2867 849 2959 900 ex
2985 827 3220 901 studio
3252 850 3371 903 vo-

543 944 822 1017 luntatis
845 953 1076 1017 nostre
1099 943 1527 1040 perpendere
1552 946 1862 1040 poteritis
1893 946 2276 1022 evidenter.
2304 948 2486 1022 Ecce
2512 952 2698 1023 enim
2734 951 3022 1044 gratiam
3054 974 3095 1024 a
3129 953 3370 1047 primis

543 1068 829 1142 ecclesie
884 1077 1114 1141 vestre
1157 1067 1647 1141 fundatoribus
1695 1068 1898 1141 vobis
1952 1072 2200 1144 factam
2243 1093 2456 1167 super
2507 1073 2831 1145 omnibus
2865 1075 3044 1147 areis
3075 1075 3371 1148 civitatis

544 1191 994 1265 Goslariensis
1029 1198 1098 1263 et
1132 1191 1456 1264 censibus
1487 1190 1923 1284 earumdem,
1967 1194 2146 1266 sicut
2165 1195 2238 1265 in
2264 1196 2512 1267 vestris
2536 1196 2919 1290 privilegiis
2951 1197 3362 1289 continetur,

545 1314 944 1388 auctoritate
970 1315 1164 1406 regia
1195 1314 1710 1403 confirmantes,
1751 1317 2117 1388 statuimus
2144 1326 2212 1389 et
2257 1319 2604 1390 sancimus
2633 1328 2708 1390 ut
2730 1320 2899 1413 quia
2932 1320 3173 1392 eedem
3207 1342 3368 1394 aree

543 1440 632 1521 ad
663 1439 1023 1513 ecclesiam
1064 1448 1365 1512 vestram
1400 1448 1712 1535 spectant
1743 1451 1811 1513 et
1841 1463 2264 1536 possessores
2293 1464 2529 1515 earum
2555 1444 2828 1538 proprie
2846 1444 3088 1516 salutis
3123 1444 3367 1518 imme·

544 1585 769 1637 mores
794 1585 1081 1637 censum
1117 1563 1319 1635 vobis
1343 1563 1656 1636 debitum
1687 1563 1779 1637 de
1812 1564 2075 1638 eisdem
2114 1566 2186 1637 in
2217 1567 2418 1639 certis
2447 1568 2858 1662 pensionum
2894 1567 3203 1639 terminis
3223 1589 3373 1661 per-

545 1688 808 1758 solvere
847 1707 984 1759 non
1036 1695 1441 1781 procurant,
1500 1687 1559 1758 si
1602 1687 1761 1781 quis
1808 1689 2108 1760 monitus
2145 1698 2299 1782 post
2334 1689 2565 1763 debite
2615 1689 2974 1761 solutionis
3002 1690 3368 1760 terminum

546 1810 719 1880 infra
750 1831 1060 1882 mensem
1097 1830 1233 1881 non
1264 1811 1671 1904 persolverit
1704 1832 1990 1883 censum
2026 1834 2269 1901 suum,
2335 1812 2426 1885 ab
2476 1811 2815 1885 advocato
2860 1812 2982 1906 qui
3027 1832 3152 1906 pro
3182 1820 3372 1883 tem-

548 1953 710 2029 pore
735 1933 945 2004 suerit
975 1933 1377 2006 auctoritate
1408 1934 1600 2027 regia
1632 1934 1705 2005 in
1734 1936 2096 2028 sexaginta
2131 1935 2393 2008 solidos
2430 1935 2981 2031 condempnetur
2999 1989 3019 2025 ,
3072 1957 3370 2029 quorum

550 2055 876 2129 medietas
908 2056 1227 2147 ecclesie,
1270 2056 1539 2149 reliqua
1569 2079 1736 2131 vero
1772 2058 2104 2132 medietas
2138 2057 2307 2131 fisco
2339 2058 2564 2131 cedat.
2595 2058 2706 2132 Ad
2731 2059 2862 2131 hec
2896 2059 2956 2130 si
2987 2059 3112 2153 qui
3139 2060 3373 2153 plures

550 2200 739 2251 areas
774 2177 1170 2271 redegerint
1223 2180 1297 2251 in
1329 2202 1543 2252 unam
1597 2183 1706 2253 vel
1767 2182 1937 2254 forte
1992 2180 2409 2276 redegerunt
2445 2183 2518 2253 in
2555 2183 2899 2273 futurum,
2951 2182 3043 2255 de
3077 2184 3374 2276 singulis

548 2302 978 2397 singulariter
1008 2302 1318 2375 debitum
1352 2300 1520 2376 dare
1538 2325 1821 2376 censum
1849 2313 2184 2397 cogantur
2209 2325 2334 2399 per
2364 2304 2812 2394 advocatum,
2853 2305 3034 2377 sicut
3055 2308 3375 2400 superius

548 2434 642 2498 est
674 2448 1111 2521 expressum.
1164 2427 1253 2500 Ut
1300 2435 1533 2500 autem
1586 2426 1719 2500 hec
1773 2428 1992 2520 gratia
2039 2427 2245 2500 vobis
2297 2429 2475 2501 facta
2520 2428 2822 2501 debitam
2857 2439 2927 2502 et
2967 2440 3370 2525 perpetuam

547 2550 849 2622 obtineat
902 2547 1326 2640 firmitatem,
1383 2558 1770 2643 presentem
1824 2551 2152 2645 paginam
2205 2550 2373 2624 inde
2423 2552 2880 2648 conscriptam
2923 2552 3371 2647 impressione

548 2673 750 2766 sigilli
787 2674 999 2746 nostri
1025 2673 1314 2746 fecimus
1335 2674 1772 2745 communiri.

638 2796 890 2868 Actum
950 2796 1142 2892 apud
1191 2795 1681 2889 Aldenburch‚
1737 2818 1923 2869 anno
1960 2799 2178 2892 gratie
2221 2799 2312 2871 Μ.
2348 2797 2476 2870 CC.
2506 2798 2859 2889 XXXIIII,
2935 2798 3370 2894 presentibus

547 2920 844 3016 Sigfrido
889 2901 1405 3017 archiepiscopo
1454 2921 1963 3015 Moguntinensi
1980 2975 2000 3012 ,
2051 2921 2452 2996 Burchardo
2486 2922 2704 2997 electo
2738 2922 3362 3018 magdeburgensi,

547 3045 883 3118 Ekeberto
935 3045 1425 3139 Bambergensi
1442 3102 1460 3132 ,
1512 3045 1907 3118 Hermanno
1952 3046 2427 3141 Herbipolensi
2443 3099 2463 3135 ,
2513 3047 2950 3138 Engelhardo
2990 3049 3369 3121 Nuenbur-

549 3171 770 3262 gensi,
812 3169 1090 3241 Ekardo
1127 3169 1675 3263 mersburgensi,
1718 3168 2032 3242 Conrado
2066 3169 2583 3264 Osnabrugensi
2630 3171 3008 3268 episcopis,
3057 3171 3141 3244 A.
3187 3173 3368 3247 duce

549 3295 934 3384 Saxonum,
999 3293 1085 3365 H.
1138 3292 1390 3365 comite
1431 3290 1801 3384 Ascharie,
1852 3293 1933 3363 B.
2003 3292 2382 3386 burgravio
2418 3293 3039 3389 Magdeburgensi,
3089 3303 3160 3369 et
3211 3295 3367 3369 aliis

548 3417 1090 3513 quamplurimis.
1242 3503 1249 3512 .

636 3542 885 3613 Datum
927 3539 1225 3633 ibidem,
1265 3541 1328 3612 V
1358 3560 1578 3613 nonas
1596 3539 1789 3632 julii,
1829 3539 2209 3640 indictione
2238 3540 2386 3614 vn.

643 4104 1014 4189 Henricus
1038 4167 1062 4214 ,
1129 4107 1646 4191 Romanorum
1731 4132 1864 4189 rex
1883 4167 1909 4211 ,
1983 4105 2310 4190 Johanni
2388 4104 2646 4188 abbati
2723 4104 2979 4188 Sancti
3061 4105 3365 4217 Georgii

552 4234 1221 4349 Nuemburgensis,
1262 4240 1360 4322 ad
1396 4265 1654 4350 preces
1690 4239 2222 4349 Thegenhardi
2255 4239 2667 4348 imperialis
2724 4239 2944 4323 aulae
2977 4251 3359 4350 protono-

550 4369 738 4480 tarii,
795 4371 1145 4481 indulget
1195 4371 1634 4455 facultatem
1697 4371 2033 4481 eligendi
2097 4373 2548 4455 advocatum
2602 4399 2834 4483 quem
2886 4374 3256 4480 voluerit,
3286 4387 3362 4460 et

554 4503 933 4585 exercendi
969 4503 1316 4587 bannum
1351 4506 1679 4614 regium,
1722 4530 1967 4615 quum
1998 4505 2142 4614 ipsi
2195 4516 2270 4588 et
2304 4507 2660 4590 ecclesiae
2695 4506 2860 4618 ejus
2896 4508 2975 4590 id
3013 4507 3357 4592 bannum

553 4620 908 4738 pertinere
940 4635 1145 4719 velit.
1215 4625 1218 4630 ’
1312 4727 1318 4733 ,
3143 4737 3146 4740 Δ

697 4769 804 4831 lv.
844 4787 958 4831 Pu·
978 4788 1023 4830 a.
2970 4783 3043 4836 84

3451 4133 3694 4242 Altssfffirg
3703 4217 3717 4240 ,

3501 4241 3532 4283 4
3541 4241 3662 4295 jum.
