4500 5956
566 601 766 659 Iunior.
796 594 885 671 6.]
1466 583 1859 646 HISTORIA
1909 582 2493 644 DIPLOMATICA.
3273 573 3396 635 617

570 727 907 837 legitime
963 727 1543 823 excusaverant,
1601 716 2033 823 praedictus
2072 715 2476 797 Cunradus
2546 712 2642 792 de
2712 707 3068 793 Marburc
3110 704 3395 786 ibidem

569 859 942 971 populum
996 850 1572 959 crucesignavit.
1645 850 2124 957 Quapropter
2175 847 2282 926 illi
2342 845 2515 927 felle
2570 838 3099 924 amaritudinis
3161 861 3391 917 com-

572 992 791 1096 moti,
823 986 1196 1098 jamdicto
1235 981 1592 1065 Cunrado
1646 981 1725 1062 in
1780 980 2029 1062 reditu
2082 980 2399 1061 insidias
2435 986 2799 1086 ponentes
2826 1034 2849 1076 ‚
2902 971 3120 1079 juxta
3172 968 3394 1050 Mar-

576 1125 766 1207 burc
813 1123 1070 1229 ipsum
1108 1141 1264 1198 una
1318 1139 1496 1195 cum
1548 1112 1938 1195 Gerhardo
1991 1108 2301 1195 Minoris
2356 1107 2646 1189 ordinis
2700 1105 2932 1187 fratre
2953 1164 2976 1209 ,
3035 1098 3398 1210 probatae

578 1256 772 1340 vitae
799 1254 995 1353 viro,
1040 1249 1138 1331 III
1168 1246 1535 1328 kalendas
1574 1242 1880 1353 augusti
1925 1240 2330 1324 crudeliter
2375 1239 2814 1322 occiderunt
2852 1234 3002 1345 (1).
3050 1230 3390 1316 chronic.

585 1384 1134 1497 Erphordiense
1173 1406 1298 1488 ap.
1343 1378 1734 1483 Boanum,
1774 1383 2071 1472 Fontes,
2120 1373 2224 1479 ΙΙ,
2266 1373 2453 1453 590.

1015 1707 1132 1718 ...v-n·
1144 1705 1351 1715 -n—-ffl
1361 1700 1949 1712 ---——-——-———-

694 1965 1067 2047 Henricus
1084 2026 1107 2071 ,
1166 1965 1684 2048 Romanorum
1720 1985 1853 2042 rex
1869 2023 1892 2068 ,
1936 1961 2032 2041 ad
2086 1958 2579 2040 imitationem
2620 1958 2857 2066 patris
2904 1958 3023 2039 sui
3057 1958 3414 2042 Friderici
3494 1961 3800 2070 ...amm

599 2096 1116 2181 Romanorum
1140 2095 1651 2204 imperatoris,
1684 2092 2007 2175 Henrico
2033 2090 2574 2176 Wormatiensi
2594 2091 2943 2200 episcopo
2972 2100 3046 2172 et
3063 2091 3415 2174 ecclesiae
3551 2073 3605 2116 ’Β
3620 2069 3744 2124 '⁰¹³‘

603 2229 759 2338 ejus
787 2230 1051 2313 villam
1088 2229 1593 2337 Neckerauwe
1636 2225 2042 2332 contradit,
2086 2250 2131 2304 a
2167 2249 2324 2332 qua
2357 2249 2494 2331 per
2528 2222 2801 2315 ducem
2838 2223 3225 2310 Bawariae
3258 2250 3415 2332 pa—

603 2359 922 2443 latinum
958 2364 1311 2444 comitem
1348 2360 1593 2444 Rheni
1630 2359 1994 2442 violenter
2038 2355 2288 2438 fuerat
2322 2354 2630 2465 ejectuS.

763 2574 1011 2652 (Inedit.
1044 2594 1122 2638 ex
1148 2575 1519 2638 chartulario
1546 2574 2003 2644 wormatiensi,
2032 2571 2138 2632 fol.
2173 2579 2284 2632 881
2317 2577 2507 2642 recto,
2549 2572 2615 2629 in
2653 2569 2892 2630 archivo
2927 2567 3418 2647 Darmstadensi.)

697 2761 825 2852 H„
863 2762 989 2832 Dei
1029 2760 1247 2854 gratia
1282 2761 1744 2832 Romanorum
1782 2778 1907 2829 rex
1950 2767 2018 2828 et
2053 2777 2325 2851 semper
2360 2763 2731 2848 augustuS‚
2772 2753 3116 2825 universis
3151 2753 3425 2848 imperii

598 2881 930 2955 fidelibus
952 2884 1207 2976 quibus
1226 2903 1508 2977 presens
1528 2882 1751 2953 littera
1770 2881 1975 2953 fuerit
1995 2889 2264 2952 ostensa
2285 2879 2574 2972 gratiam
2598 2898 2793 2948 suam
2810 2885 2880 2947 et
2901 2898 3105 2948 omne
3133 2877 3420 2948 bonum.

592 3005 709 3080 Ne
740 3018 1019 3102 propter
1055 3006 1328 3078 labilem
1359 3007 1718 3077 hominum
1751 3005 2147 3076 memoriam
2176 3012 2589 3076 evanescant
2624 3023 2665 3072 a
2701 3009 2931 3073 nostra
2959 3000 3432 3074 munificentia

601 3139 803 3221 gesta
825 3187 843 3218 ,
888 3131 1180 3223 dignum
1221 3129 1555 3200 duximus
1581 3151 1664 3200 ea
1697 3133 2027 3220 scripture
2058 3127 2446 3199 testimonio
2482 3125 2941 3212 committere,
2983 3147 3122 3220 que
3157 3125 3250 3199 ad
3278 3146 3435 3198 nos-

605 3262 751 3325 tros
782 3261 1092 3348 posteros
1138 3253 1462 3324 volumus
1498 3251 1787 3324 certiora
1832 3250 2232 3345 pervenire,
2291 3259 2371 3322 ut
2405 3271 2528 3345 per
2556 3250 2774 3345 ipsius
2809 3250 3274 3321 testimonium
3312 3271 3437 3322 ca-

615 3373 950 3472 lumpniis
974 3376 1402 3470 quibuslibet
1423 3384 1844 3448 occurratur.
1872 3376 2037 3446 Tam
2064 3373 2415 3447 modernis
2443 3375 2652 3468 igitur
2686 3396 2900 3468 qnam
2930 3374 3178 3445 futuris
3205 3387 3438 3447 tenore

619 3501 1040 3590 presentium
1078 3500 1475 3571 intimamus
1528 3497 1721 3592 quod
1770 3519 1927 3586 ῃοε,
1977 3496 2069 3569 ad
2117 3498 2566 3570 imitationem
2603 3498 2832 3570 dilecti
2865 3498 3190 3592 genitoris
3230 3498 3442 3571 nostri

629 3619 884 3695 domini
913 3624 986 3694 F.
1012 3623 1473 3695 Romanorum
1506 3620 1937 3715 imperatoris
1965 3642 2235 3715 semper
2263 3622 2566 3714 augusti,
2603 3620 2852 3693 dilecto
2889 3621 3178 3715 principi
3211 3630 3442 3691 nostro

632 3743 706 3815 Η.
746 3745 1133 3818 venerabili
1173 3744 1657 3818 Wormatiensi
1699 3744 2026 3840 episcopo
2080 3745 2366 3838 suisque
2425 3744 2934 3816 successoribus
3015 3753 3083 3814 et
3156 3744 3443 3816 ecclesie

640 3865 1109 3941 Wormatiensi
1141 3869 1697 3962 recognoscimus
1731 3877 1801 3940 et
1826 3868 2292 3940 contradimus
2325 3869 2563 3940 villam
2593 3867 3064 3941 Neckerauwe
3091 3887 3250 3937 cum
3283 3866 3443 3937 uni-

648 3993 843 4063 versis
873 3991 1122 4064 nsibns
1145 4002 1215 4065 et
1248 3992 1675 4086 appendiciis
1715 3992 1896 4083 saie,
1955 3992 2391 4064 restituentes
2417 3992 2642 4083 ipsum
2681 3989 3093 4084 possessioni
3130 3989 3444 4079 ejusdem

715 4303 780 4373 (t)
822 4322 849 4355 α
876 4303 1065 4359 Frater
1086 4302 1361 4361 Conradus
1385 4302 1455 4359 de
1471 4302 1727 4376 Marburg
1748 4308 1807 4359 et
1830 4302 1992 4361 frater
2009 4302 2325 4360 Gerhardus
2346 4300 2682 4360 Lutzelcolbo
2708 4303 2776 4359 de
2803 4301 2988 4360 ordine
3005 4303 3292 4374 Minorum,
3321 4319 3454 4362 suus

661 4399 830 4470 socius,
854 4400 1097 4458 volentes
1116 4401 1197 4457 ire
1221 4401 1441 4459 domum
1467 4401 1626 4459 etsie
1646 4402 1968 4475 equitantes,
1994 4402 2212 4474 quidam
2228 4401 2427 4458 milites
2448 4407 2505 4459 et
2531 4400 2621 4457 alii
2645 4417 2783 4473 quos
2806 4401 2909 4473 ipsi
2933 4401 3119 4457 tamin
3145 4402 3459 4474 parentibus

664 4506 823 4552 eorum
847 4512 1013 4571 quam
1031 4497 1086 4553 in
1113 4498 1347 4572 propriis
1364 4499 1610 4572 personis
1638 4498 2029 4557 infamaverant
2054 4505 2111 4555 et
2138 4498 2669 4572 dampnificaverant,
2698 4499 2848 4572 ipsos
2872 4498 3211 4573 insequentes
3245 4499 3460 4556 occide-

669 4597 788 4647 runt.
822 4594 1006 4650 Frater
1041 4610 1171 4652 vero
1207 4595 1378 4653 Dorso
1417 4595 1518 4652 fuit
1561 4597 1769 4653 occisus
1806 4595 1949 4671 apud
1988 4597 2330 4670 Argentinam
2367 4602 2422 4654 et
2459 4596 2727 4653 lohannes
2759 4611 3052 4669 suspensus
3093 4595 3239 4670 apud
3277 4597 3461 4654 Fride·

673 4679 800 4758 berg.
828 4707 852 4739 ι
879 4691 1084 4748 Amul.
1119 4696 1393 4751 Wormat.
1413 4736 1427 4765 ,
1447 4693 1565 4752 loco
1584 4710 1735 4767 supr.
1764 4695 1884 4758 cit..
1903 4709 1961 4766 p.
1991 4695 2117 4752 ⁴77.
2139 4724 2211 4737 —
2228 4693 2308 4753 Cf.
2333 4695 2575 4752 Genua.
2606 4694 2831 4767 Conon„
2858 4693 3085 4765 ibidem,
3112 4710 3170 4766 p.
3201 4697 3327 4752 365.

812 4787 914 4852 Iv.
955 4806 1068 4851 Pan
1091 4809 1135 4851 2.
3080 4805 3153 4855 78
