4500 5956
575 579 778 638 Innuet.
809 577 899 656 8.]
1490 575 1883 639 HISTORIA
1932 572 2520 636 mPLOMA'rch.
3275 576 3396 636 695

575 708 1004 794 Walterum
1066 710 1165 790 de
1218 708 1682 816 Thannberg
1730 708 2210 816 capellanum
2256 731 2485 787 suum
2533 704 2841 787 nuntios
2891 706 3161 814 mittit,
3221 732 3399 788 mo—

577 865 769 924 nens
803 849 892 924 ut
924 840 1037 924 eis
1071 849 1444 950 tanquam
1479 840 1800 949 sibiipsi
1836 839 2067 922 fidem
2103 840 2184 921 in
2222 838 2581 921 omnibus
2618 837 3054 920 adhibeant.

742 1055 1013 1134 (Edider.
1045 1057 1325 1136 fimum,
1351 1056 1594 1119 Memor.
1625 1054 1689 1116 di
1712 1052 1958 1128 Milano,
1988 1062 2036 1117 t.
2066 1055 2203 1129 VII,
2235 1072 2297 1131 Ρ.
2329 1061 2561 1116 592.-
2581 1053 2856 1127 sumu,
2885 1049 3102 1112 Amal.
3128 1050 3395 1134 Boloqn„

820 1168 871 1225 t.
898 1163 1015 1239 111,
1044 1179 1184 1242 pars
1212 1172 1296 1240 2⁸,
1331 1181 1396 1242 Ρ.
1427 1164 1666 1227 1584-
1685 1164 1902 1237 Pau,
1933 1161 2195 1225 Monum.
2222 1161 2416 1222 Germ·
2443 1158 2674 1232 histor„
2703 1165 2753 1221 t.
2780 1158 2885 1234 IV,
2913 1176 2973 1235 Ρ.
3010 1158 3179 1238 306.)

679 1348 1079 1433 Heinricus,
1116 1350 1240 1421 Dei
1293 1350 1512 1443 gratia
1564 1347 2024 1421 Romanorum
2073 1369 2198 1419 rex
2249 1355 2320 1417 et
2371 1368 2642 1441 semper
2696 1355 3033 1437 angustus
3056 1398 3078 1436 ,
3141 1345 3408 1419 dilectis

589 1472 729 1545 suis
755 1471 1082 1546 fidelibus
1121 1472 1392 1569 imperii
1428 1470 1533 1567 (l)
1563 1474 1856 1566 gratiam
1890 1493 2087 1543 snam
2132 1480 2201 1542 et
2257 1491 2461 1542 omne
2496 1470 2781 1541 bonum.
2835 1468 3130 1541 Dilectos
3167 1468 3407 1544 fideles

588 1606 857 1668 nostros
880 1596 1292 1669 *Anselmum
1322 1595 1412 1669 de
1428 1596 1793 1685 lustingen
1817 1594 2193 1689 imperialis
2219 1593 2378 1665 aule
2400 1593 2887 1665 marescalcum
2914 1601 2983 1663 et
3006 1593 3405 1668 familiarem

590 1721 1017 1815 capellanum
1068 1730 1373 1792 nostrum
1428 1720 1838 1812 magistrum
1884 1719 2263 1791 Walterum
2307 1718 2396 1790 de
2442 1717 2791 1808 Tanburc,
2841 1716 3405 1789 archidiaconum

590 1842 1103 1938 Herbipolensis
1154 1844 1473 1935 ecclesie,
1535 1844 1817 1916 nuntios
1863 1843 1935 1915 in
1992 1843 2332 1938 legatione
2398 1850 2629 1913 nostra
2692 1841 3122 1913 universitati
3185 1854 3410 1915 vestre

597 1966 930 2039 duximus
962 1968 1556 2060 transmittendos,
1608 1968 1868 2061 quibus
1899 1968 2105 2039 etiam
2149 1966 2600 2060 exposuimus
2634 1974 2864 2037 nostre
2901 1965 3412 2060 beneplacitum

592 2091 989 2173 voluntatis.
1025 2091 1223 2165 Unde
1257 2102 1581 2186 rogamus
1624 2101 1695 2164 et
1729 2112 2095 2164 monemus
2135 2090 2576 2185 prudentiam
2611 2098 2909 2161 vestram
2929 2142 2950 2178 ,
3010 2089 3416 2164 mandantes

595 2214 788 2297 vobis
816 2222 1163 2309 quatenus
1200 2216 1432 2287 verbis
1465 2215 1774 2310 ipsorum
1794 2237 1934 2309 qne
1960 2214 2162 2286 vobis
2185 2235 2277 2286 ex
2301 2222 2493 2308 parte
2520 2223 2752 2284 nostra
2789 2213 3093 2285 dixerint
3117 2216 3226 2285 vel
3253 2236 3411 2310 pro·
3460 2203 3468 2212 ’

596 2339 974 2431 posuerint,
1003 2337 1212 2411 fidem
1240 2339 1630 2413 adhibeatis
1650 2339 1725 2411 in
1754 2336 2106 2430 omnibns,
2132 2346 2465 2432 tanquam
2489 2357 2572 2409 ea
2595 2337 2800 2411 vobis
2830 2339 3326 2431 presentialiter
3348 2349 3415 2411 et

596 2462 1041 2555 personaliter
1065 2464 1526 2556 loqueremur.

687 2586 941 2658 Datum
969 2586 1161 2681 apud
1186 2587 1554 2682 Ezlingen,
1592 2585 1830 2658 idibus
1862 2584 2297 2673 novembris,
2339 2581 2717 2658 indictione
2753 2592 3022 2657 octava.

2515 2890 2984 2901 -——-—-——-———

700 3132 1072 3216 Henricus
1088 3192 1112 3236 ,
1164 3131 1685 3213 Romanorum
1734 3153 1907 3239 reX,
1964 3128 2383 3213 rectoribus
2418 3139 2494 3212 et
2529 3129 2998 3212 universitati
3035 3129 3421 3212 civitatum
3530 3164 3764 3313 Εεὲξιιέω
3662 3162 3723 3204 ιιιι

603 3265 980 3348 societatis
1015 3264 1531 3347 Lombardiae
1564 3263 1875 3346 nuntios
1911 3263 2387 3371 supradictos
2423 3272 2791 3371 tanquam
2838 3263 3199 3372 speciales
3245 3289 3424 3346 suos
3495 3272 3594 3313 ¹³¹²
3621 3226 3828 3313 '‘W‘'-

602 3397 894 3505 legatos
942 3396 1467 3502 commendat,
1508 3397 1695 3477 dum
1735 3395 1915 3478 velit
1950 3394 2330 3505 quidquid
2374 3396 2606 3478 iidem
2641 3396 2931 3506 egerint
2975 3407 3226 3479 ratum
3264 3398 3423 3479 ha-

604 3527 824 3633 bere3
866 3537 944 3610 et
979 3527 1268 3611 nuntiis
1304 3551 1501 3635 quos
1540 3527 1639 3607 ad
1676 3551 1757 3608 se
1792 3525 2205 3609 Lombardi
2238 3553 2380 3635 pro
2434 3537 2649 3636 parte
2699 3527 3044 3636 ipsorum
3096 3530 3428 3613 vicissim

606 3661 903 3744 mittere
939 3659 1490 3768 disposuerint,
1531 3683 1753 3742 suam
1787 3660 2333 3767 protectionem
2371 3671 2446 3744 et
2480 3660 2780 3745 salvum
2824 3661 2903 3742 in
2949 3661 3153 3745 exitu
3191 3672 3266 3743 et
3298 3688 3432 3743 re—

605 3819 876 3902 gressu
910 3793 1378 3877 conductum
1413 3791 1809 3899 promittit.

767 4005 1019 4085 (Inedit.
1051 4023 1124 4066 ex
1154 4005 1303 4066 libro
1338 4007 1550 4082 copiali
1589 4006 1936 4079 chartaceo,
1964 4005 2077 4068 sub
2104 4004 2222 4065 fine
2261 4005 2442 4067 seculi
2486 4004 2627 4067 XIV
2664 4009 2905 4065 exarato
2916 4046 2938 4078 ,
2969 4007 3033 4065 in
3074 4004 3431 4068 bibliotheca

845 4113 1171 4174 Mediolani
1202 4112 1626 4186 Ambrosiam,
1655 4112 1727 4173 B.
1766 4109 1889 4190 19.)

706 4305 962 4373 Datum
996 4299 1192 4396 apud
1218 4301 1586 4395 Ezlingen,
1624 4297 1859 4373 idibus
1885 4298 2316 4392 novembriS,
2357 4297 2732 4374 indictione
2763 4308 3032 4373 octava.

1316 4500 1383 4507 ..-

686 4605 760 4679 (4)
798 4607 882 4663 lta
906 4607 1011 4665 sub
1044 4609 1277 4680 generali
1303 4608 1474 4665 forma
1495 4613 1552 4665 et
1576 4607 1936 4666 verisimiliter
1961 4606 2030 4665 ad
2055 4609 2377 4680 cautionem,
2402 4607 2532 4666 dum
2554 4623 2615 4667 re
2635 4623 2766 4667 vera
2789 4609 3088 4668 rectoribus
3106 4615 3163 4668 et
3183 4612 3446 4669 universis

612 4704 713 4778 qui
739 4705 980 4762 societati
1008 4705 1361 4763 Lombardiae
1386 4703 1779 4778 adhaerebant,
1804 4704 2016 4764 litterae
2037 4703 2331 4762 destinatae
2353 4705 2567 4765 fuerint.
