4500 5956
705 3906 834 3962 Apud

668 3961 869 4017 Spiram‚

962 576 1085 638 832
1965 568 2407 631 anmuct
2464 569 2814 632 SECUNDI
3410 573 3575 651 [An.
3613 572 3792 636 1236.

965 704 1836 805 videmus]transeundam‚
1884 704 1954 777 in
1988 728 2128 800 qua
2165 715 2401 779 contra
2434 693 2863 781 veronenses
2893 707 3013 801 qui
3049 706 3591 782 Lombardorum
3639 730 3798 783 ver-

972 837 1172 909 sutiis
1197 832 1525 923 involuti,
1571 830 1801 925 ejectis
1843 829 1934 903 de
1974 829 2252 903 civitate
2281 831 2414 903 illis
2449 833 2572 927 qui
2609 832 2913 928 corrupti
2942 833 3085 925 jam
3134 835 3403 906 fuerant
3428 832 3793 907 fraudibus

971 969 1039 1034 et
1078 957 1369 1056 pecunia
1396 952 1968 1042 Lombardorum,
2003 975 2253 1027 nomen
2291 966 2603 1028 nostrum
2635 964 2704 1028 et
2739 956 3005 1052 imperii
3049 956 3326 1051 publice
3348 957 3788 1046 invocarunt,

974 1083 1068 1156 ad
1089 1076 1821 1155 excommunicationis
1852 1077 2262 1149 sententiam
2294 1099 2423 1151 vos
2453 1080 2633 1152 velle
2665 1077 3035 1174 procedere
3058 1077 3374 1169 dixistis;
3415 1100 3547 1152 nec
3572 1079 3645 1150 in
3661 1078 3798 1152 boc

974 1204 1411 1280 commodum
1463 1210 1773 1274 nostrum
1822 1199 2258 1274 solummodo
2282 1255 2304 1293 ‚
2345 1201 2474 1276 sed
2509 1203 2838 1275 honorem
2874 1202 3176 1276 Ecclesia
3222 1204 3792 1299 contemplamur.

969 1327 1297 1402 Nonnulli
1331 1332 1495 1397 sunt
1524 1324 1778 1396 etenim
1816 1323 1965 1419 qui,
2004 1324 2286 1396 forsitan
2319 1325 2733 1397 zizaniorum
2767 1324 2918 1417 filii,
2949 1325 3040 1398 ad
3067 1324 3588 1420 aggregandum
3617 1326 3794 1400 civi·

974 1463 1180 1526 tatem
1215 1451 1435 1545 ipsam
1471 1447 1776 1520 societati
1807 1445 2353 1520 Lombardorum
2389 1448 2521 1521 sub
2554 1457 2872 1544 pretextu
2908 1449 3254 1544 petitionis
3280 1449 3636 1539 obsidum,
3667 1472 3802 1523 vos

975 1576 1313 1650 extimant
1335 1572 1700 1668 aspirasse.
1726 1571 1811 1643 Et
1833 1592 2261 1665 quanquam,
2287 1582 2489 1667 prout
2510 1571 2793 1646 firmiter
2826 1573 3201 1665 credimus,
3228 1573 3535 1669 ipsorum
3564 1573 3801 1669 opinio

979 1722 1022 1771 a
1056 1697 1334 1770 veritate
1376 1693 1710 1784 discedat,
1748 1694 1914 1788 quia
1953 1704 2179 1767 tamen
2215 1703 2448 1767 tantus
2493 1707 2598 1769 est
2642 1717 2975 1770 numerus
3018 1697 3423 1770 eorumdem
3470 1695 3663 1792 quod
3702 1706 3805 1771 tot

983 1819 1420 1894 mendacium
1475 1818 1783 1915 dispersa
1837 1818 2075 1891 relatio
2117 1818 2373 1891 habere
2414 1822 2559 1913 Jam
2608 1821 2853 1916 incipit
2893 1820 3080 1894 vires
3124 1822 3345 1914 fame,
3395 1823 3802 1895 constantis·

978 1946 1150 2017 sime
1191 1942 1535 2017 credimus
1568 1942 1812 2014 honori
1848 1950 2082 2014 vestro
2113 1944 2473 2016 consulere
2502 1998 2522 2032 ,
2572 1944 2742 2017 dum
2774 1967 3100 2038 rogamus
3129 1944 3322 2040 quod
3353 1968 3476 2041 per
3518 1945 3806 2019 exhibi-

980 2071 1232 2142 tionem
1268 2067 1492 2163 operis
1525 2067 1942 2139 contrarium
1978 2065 2483 2140 demonstretis.
2521 2069 2664 2140 Hec
2702 2068 2911 2162 igitur
2947 2070 3205 2152 omnia,
3236 2068 3808 2142 reverendissime

981 2203 1197 2289 pater,
1238 2192 1296 2263 si
1328 2191 1396 2261 in
1441 2190 2063 2263 considerationum
2089 2200 2474 2263 vestrarum
2521 2191 2696 2263 libra
2739 2191 3105 2287 diligenter
3154 2191 3583 2289 appenditie,
3636 2191 3805 2264 dum

981 2316 1304 2391 affectum
1360 2315 1709 2410 purissimi
1771 2313 1892 2386 filii
1951 2314 2132 2388 circa
2163 2336 2292 2388 vos
2325 2325 2396 2388 et
2443 2325 2732 2388 matrem
2775 2316 3187 2404 Ecclesiam,
3252 2316 3422 2389 dum
3470 2316 3808 2410 justitiam

983 2440 1417 2514 rescribentis
1474 2438 1952 2535 perspicaciter
2020 2437 2424 2513 discernetis
2444 2493 2463 2530 ,
2515 2440 2957 2513 acerbitatem
3013 2440 3206 2513 verbi
3259 2440 3451 2535 quod
3496 2448 3810 2513 extrema

980 2566 1356 2638 litterarum
1417 2573 1797 2637 vestrarum
1854 2563 2205 2635 conclusio
2259 2563 2653 2637 continebat
2701 2590 2740 2634 α
2779 2586 2908 2638 vos
2964 2564 3330 2637 observare
3380 2564 3809 2637 tolerantiam

989 2690 1277 2763 ulterius
1314 2708 1453 2760 non
1494 2688 1723 2760 valere
1759 2712 1793 2756 »
1816 2740 1836 2778 ,
1880 2687 2092 2760 vestri
2124 2687 2453 2760 conclave
2504 2688 2770 2760 consilii
2830 2688 3108 2760 forsitan
3163 2697 3629 2783 temperasset.
3673 2689 3816 2759 De-

987 2814 1199 2909 nique
1246 2833 1455 2907 super
1490 2812 1762 2904 negotio
1811 2810 2010 2905 regni
2045 2811 2254 2907 Cypri
2300 2819 2370 2884 et
2415 2867 2431 2882 .
2471 2865 2488 2882 .
2531 2866 2545 2881 .
2590 2811 2972 2906 patriarche
3013 2811 3587 2884 Hierosolimitani
3629 2809 3815 2884 deli-

987 2936 1309 3011 beratiori
1372 2934 1659 3009 consilio
1713 2934 1889 3010 illud
1952 2934 2342 3030 paternitati
2402 2944 2631 3008 vestre
2689 2935 3108 3031 respondere
3161 2935 3554 3008 curabimus
3579 2990 3597 3025 ,
3653 2956 3813 3007 cum

995 3062 1177 3135 duce
1218 3062 1516 3132 Domino
1563 3060 1635 3131 in
1681 3059 1944 3132 Italiam
1997 3060 2421 3132 cismontana
2456 3058 2811 3154 provincia
2845 3081 2972 3132 nos
3021 3059 3155 3133 sub
3198 3067 3434 3156 optata
3479 3068 3658 3132 sorte
3704 3080 3816 3131 re·

996 3184 1318 3273 duxerit,
1361 3182 1552 3278 quod
1601 3183 1847 3255 honori
1881 3191 2111 3256 vestro
2150 3191 2217 3255 et
2253 3181 2557 3254 Ecclesie
2604 3203 2686 3255 ac
2732 3183 3004 3279 imperii
3037 3183 3420 3257 viderimus
3455 3182 3814 3278 expedire.

1092 3308 1345 3379 Datum
1384 3304 1574 3402 apud
1608 3305 1904 3400 Spiram‚
1940 3305 2095 3377 XVI
2132 3305 2394 3400 aprilis,
2433 3307 2526 3377 IX
2561 3305 2985 3381 indictionis,

3041 3603 3370 3614 m

1104 3887 1529 3972 Fridericus
1544 3950 1568 3996 ‚
1633 3886 2152 3971 Romanorum
2225 3887 2638 3998 imperator
2653 3949 2677 3996 ,
2744 3889 3206 3973 monasterio
3270 3887 3827 3973 paterniacensi

997 4020 1560 4131 (Peterlingen)
1608 4019 2009 4105 confirmat
2053 4019 2537 4131 privilegium
2590 4021 2838 4104 eidem
2882 4048 2928 4104 a
2972 4020 3352 4105 Friderico
3386 4021 3638 4130 primo
3684 4043 3827 4101 avo

994 4179 1135 4237 suo
1167 4157 1265 4235 15
1291 4153 1654 4237 februarii
1686 4157 1891 4238 1155
1919 4180 2398 4261 concessum,
2431 4179 2588 4264 quo
2616 4153 2794 4263 jura
2821 4161 2896 4235 et
2929 4154 3444 4263 possessiones
3480 4152 3828 4263 ejusdem

998 4294 1510 4367 recensentur.

1170 4471 1359 4551 (Edit.
1387 4489 1487 4549 ap.
1510 4473 1899 4553 Gmcmmon,
1929 4469 2078 4536 Bibl.
2116 4470 2347 4549 Sabus„
2378 4489 2477 4550 ap.
2508 4473 2876 4547 Romam,
2903 4479 2950 4533 t.
2980 4473 3033 4547 1,
3062 4490 3125 4551 p.
3159 4481 3296 4534 315.
3318 4504 3397 4519 —
3425 4470 3833 4543 smonmu,

1236 4574 1428 4638 Alsat.
1460 4575 1760 4656 diplomat.
1783 4584 1830 4638 t.
1852 4578 1909 4652 1,
1929 4597 1991 4656 p.
2019 4587 2134 4640 239
2163 4585 2223 4641 et
2254 4588 2394 4650 377,
2418 4594 2494 4639 ex
2517 4578 2859 4659 apographo
2888 4572 3831 4641 Beruensl.—EtlnSolotl1w·n.

1248 4680 1662 4764 walamunt,
1686 4701 1827 4746 ann.
1864 4693 2042 4765 1830,
2071 4703 2132 4765 p.
2168 4684 2296 4764 48.)
