4500 5956
1070 591 1191 652 878
2071 588 2496 650 FRIDERICI
2547 585 2886 647 SECUNDI
3515 578 3676 657 [Ama.
3714 575 3886 637 1236.

1073 724 1268 821 quod
1303 731 1660 819 propterea
1691 743 2009 795 accessus
2055 744 2296 795 eorum
2340 722 2434 796 ad
2478 724 2855 795 Romanam
2887 718 3149 791 curiam
3189 715 3450 788 inutilis
3483 714 3883 803 baberetur,

1078 847 1560 921 nichilominus
1591 849 1795 941 longe
1824 858 1981 919 ante
2021 847 2203 919 diem
2242 854 2572 920 statutum
2598 845 2908 941 partibus
2933 865 3057 940 per
3089 841 3546 938 patriarcham
3569 837 3893 912 eumdem

1078 973 1302 1069 papali
1360 971 1756 1066 conspectui
1818 970 1917 1065 (a)
1982 972 2349 1065 presentati
2415 993 2499 1043 ac
2555 971 2849 1041 multum
2906 975 3065 1062 post
3128 966 3316 1038 diem
3376 971 3893 1058 procuratorum

1078 1096 1370 1168 adverse
1426 1095 1640 1189 partis
1688 1095 2066 1167 adventum
2089 1153 2105 1183 ,
2174 1116 2310 1168 non
2372 1095 2522 1167 sine
2578 1092 3119 1166 murmuratione
3177 1092 3548 1161 multorum
3609 1087 3894 1183 proinde

1082 1219 1283 1291 nobis
1319 1228 1390 1292 et
1428 1219 1715 1314 imperio
1754 1221 2078 1292 honorem
2122 1220 2435 1292 debitum
2481 1217 2619 1292 ledi
2675 1216 3136 1307 credentium,
3171 1221 3646 1311 expectanteS‚
3688 1212 3776 1283 de
3811 1213 3896 1281 li-

1081 1342 1299 1413 centia
1333 1362 1461 1413 sua
1489 1350 1559 1413 et
1593 1344 1875 1413 fratrum
1915 1364 2037 1438 per
2074 1352 2340 1415 nostras
2378 1340 2820 1435 postmodum
2851 1340 3111 1413 litteras
3134 1339 3438 1412 revocati
3473 1337 3567 1411 ad
3599 1345 3890 1408 nostram

1083 1466 1492 1559 presentiam
1544 1463 1936 1552 redierunt3
1995 1486 2263 1536 moram
2314 1466 2621 1559 ipsorum
2670 1463 2930 1537 nedum
2978 1486 3098 1558 per
3152 1463 3503 1534 illusiones
3534 1458 3895 1552 jamdictas

1087 1589 1394 1661 inutilem
1433 1589 1881 1676 arbitrantes,
1924 1587 2049 1661 sed
2078 1588 2268 1682 quod
2304 1591 2508 1680 juxta
2539 1589 2950 1684 petitionem
2986 1608 3191 1684 pape,
3223 1586 3312 1658 de
3345 1585 3599 1657 honore
3642 1594 3710 1655 et
3746 1584 3898 1674 jure

1090 1713 1355 1806 imperii
1396 1713 1740 1785 mentione
1771 1735 1911 1785 non
1947 1714 2124 1814 facta
2163 1736 2292 1786 nec
2322 1715 2592 1808 adJecto
2635 1741 2670 1782 ε(
2703 1713 2796 1788 de
2831 1713 3115 1786 consilio
3148 1711 3241 1808 (b)
3299 1710 3686 1806 principum
3726 1730 3895 1780 nos-

1086 1845 1379 1925 trorum,
1417 1861 1454 1905 »
1490 1838 1694 1928 juxta
1731 1839 2017 1909 formam
2056 1838 2362 1910 mandati
2401 1839 2647 1928 nostri,
2692 1835 2764 1908 in
2800 1859 3147 1910 summum
3180 1833 3566 1931 pontificem
3598 1853 3900 1926 compro·

1087 1960 1354 2031 mittere
1389 1982 1526 2031 non
1561 1961 1911 2032 valebant.
1954 1962 2094 2033 Nec
2127 1983 2495 2055 possumus
2530 1961 2649 2054 huj
2664 1984 2742 2032 us
2779 1962 3069 2034 verbum
3103 1960 3321 2055 patris
3350 1959 3483 2031 sub
3514 1956 3898 2030 dissimula-

1087 2084 1274 2156 tione
1335 2083 1660 2178 preterire
1709 2083 1900 2176 quod
1950 2083 2413 2158 conditionem
2469 2085 2692 2180 ipsam
2748 2111 2783 2154 α
2827 2084 2918 2158 de
2965 2085 3228 2156 honore
3284 2082 3554 2177 imperii
3603 2106 3638 2150 »
3693 2102 3901 2174 quem

1089 2206 1484 2280 immediate
1509 2208 1812 2281 Ecclesie
1847 2208 2192 2280 credimus
2228 2208 2582 2304 deputari,
2620 2209 2893 2304 scripsit
2921 2210 3156 2280 tollere
3185 2205 3749 2300 compromissum
3765 2201 3895 2298 (⁴).

1085 2330 1195 2403 Ad
1235 2333 1435 2422 cujus
1471 2332 1986 2427 expressionem
2014 2331 2104 2403 de
2135 2354 2322 2405 mero
2350 2333 2509 2423 jure
2548 2341 2862 2405 tenemur
2910 2341 2980 2404 et
3013 2332 3250 2404 debito
3289 2339 3357 2403 et
3386 2339 3679 2423 auguste
3712 2327 3904 2399 titulo

1087 2455 1481 2546 dignitatiS‚
1520 2479 1734 2549 quum
1766 2457 2092 2528 bonorem
2132 2457 2403 2550 imperii
2449 2478 2579 2528 nec
2617 2457 2818 2528 tacite
2852 2477 2980 2528 nec
3009 2477 3338 2549 expresse
3380 2455 3686 2525 minuere
3734 2472 3906 2546 pos-

1088 2601 1362 2667 sumuS,
1401 2579 1524 2651 sed
1555 2602 1837 2673 augere.
1888 2581 2122 2674 Nuper
2155 2590 2388 2652 autem
2422 2590 2574 2675 post
2612 2580 2914 2652 reditum
2953 2580 3259 2674 magistri
3288 2578 3561 2672 prefati,
3616 2575 3904 2671 Aposto-

1091 2704 1218 2775 lica
1254 2704 1502 2796 scripta
1535 2705 1923 2798 recepimus
1951 2703 2057 2799 (2)
2086 2726 2211 2799 per
2246 2726 2386 2798 que
2422 2703 2512 2775 ad
2551 2702 3243 2798 compromittentium
3294 2705 3366 2773 in
3406 2724 3568 2774 eum
3605 2701 3900 2795 precise,

1089 2827 1396 2919 magistri
1436 2827 1656 2900 reditu
1690 2829 1998 2922 repetito,
2031 2829 2123 2899 ad
2158 2829 2291 2899 hoc
2318 2837 2395 2899 ut
2427 2828 2757 2921 propositi
2788 2828 3003 2898 nostri
3024 2827 3484 2899 constanciam
3511 2826 3600 2897 ab
3629 2824 3910 2896 introitu

1091 2949 1317 3039 ltalie‚
1385 2973 1591 3045 quem
1640 2953 1878 3047 procul
1926 2952 2141 3025 dubio
2190 2951 2633 3046 imperialiter
2685 2947 2864 3024 duce
2899 2953 3189 3025 Domino
3226 2951 3399 3024 inire
3431 2950 3903 3045 disponimu5‚

1093 3075 1306 3166 possit
1337 3084 1675 3161 avertere,
1722 3077 2226 3148 constitutionis
2264 3086 2566 3149 tenorem
2600 3075 2691 3169 (c)
2727 3076 2817 3148 de
2851 3075 3289 3148 discordibus
3322 3096 3445 3171 pro
3480 3075 3766 3147 utilitate
3791 3095 3910 3144 ne·

1095 3196 1267 3285 gotii
1332 3197 1535 3267 Terre
1565 3198 1811 3268 Sancte
1854 3198 1943 3268 ad
2002 3208 2312 3291 treugam
2355 3200 2464 3269 vel
2522 3198 2961 3270 concordiam
3013 3199 3421 3271 revocandis
3455 3196 3647 3292 apud
3706 3197 3914 3268 Reate

1096 3318 1294 3389 nobis
1319 3319 1747 3411 presentibus
1774 3319 1960 3391 edite
1991 3320 2082 3392 ad
2122 3330 2419 3393 nostram
2449 3323 2848 3393 memoriam
2876 3323 3267 3410 revocavit,
3302 3323 3432 3393 hoc
3460 3319 3698 3393 addito
3724 3319 3915 3412 quod

1096 3440 1189 3511 ad
1216 3441 1345 3512 boc
1378 3442 1591 3535 aliqui
1620 3465 1712 3513 ex
1749 3445 2020 3536 magnis
2055 3455 2232 3516 terre
2271 3446 2696 3539 principibus
2722 3455 2884 3519 sunt
2916 3447 3270 3541 compulsi.
3312 3446 3498 3518 Licet
3531 3455 3765 3517 autem
3793 3465 3915 3539 per

1096 3585 1178 3635 ea
1213 3586 1351 3657 que
1386 3566 1817 3660 prediximus
1852 3569 1909 3639 si
1952 3570 2246 3663 placeret
2272 3571 2654 3664 potuissent
2688 3571 2944 3644 habere
2971 3572 3221 3666 scripta
3258 3592 3663 3665 responsum
3684 3623 3703 3659 ,
3747 3569 3913 3641 dum

1094 3688 1341 3761 frustra
1379 3710 1503 3783 pro
1541 3690 1813 3762 illorum
1840 3713 2012 3787 pace
2048 3712 2176 3765 sua
2208 3692 2308 3791 (d)
2334 3693 2672 3767 laboraret
2717 3694 3005 3767 intentio
3045 3695 3169 3788 qui
3212 3716 3446 3790 pacem
3505 3694 3720 3765 verbo
3771 3692 3916 3764 solo

1099 3865 1845 3886 ..........
1904 3813 2029 3912 (e),
2073 3826 2152 3888 ut
2181 3818 2506 3911 temporis
2544 3820 3076 3913 oportunitatem
3112 3819 3497 3912 inquirant,
3554 3839 3689 3890 non
3734 3816 3913 3887 facto

1177 3960 1259 4039 (a)
1303 3962 1372 4022 In
1397 3963 1597 4024 codice
1621 3971 1983 4044 consumpta.

1177 4065 1256 4145 (b)
1301 4070 1372 4129 In
1396 4070 1595 4130 codice
1622 4068 1847 4151 abjecta
1871 4069 2134 4133 consilia.

1179 4172 1252 4251 (c)
1297 4175 1368 4234 In
1396 4176 1594 4236 codice
1621 4174 1911 4240 honorem.

1179 4276 1266 4357 (d)
1305 4280 1376 4339 In
1403 4283 1603 4342 codice
1627 4283 1760 4344 sita.

1180 4382 1259 4462 (e)
1303 4387 1499 4446 Hicin
1524 4388 1722 4448 codice
1746 4389 2037 4466 quaedam
2063 4391 2499 4454 desiderantur:
2531 4392 2804 4453 videlicet
2824 4388 3174 4471 affectantes,
3195 4392 3289 4451 vel
3316 4392 3673 4469 hujusmodi.

1170 4591 1240 4664 (4)
1277 4590 1413 4648 Vide
1438 4608 1602 4667 supra
1625 4594 1826 4654 litteras
1850 4598 2096 4673 Gregorii
2118 4601 2219 4673 lx,
2237 4618 2295 4674 p.
2328 4604 2453 4659 825.

1173 4687 1243 4760 (Ξ)
1279 4687 1416 4746 Vide
1442 4704 1639 4763 supra,
1666 4692 1878 4751 ibidem.
