4500 5956
564 596 765 656 Inter.
795 590 883 674 9.]
1459 586 1856 650 HISTORIA
1909 582 2501 646 DIPLOMATmA.
3271 580 3392 643 869

673 1201 1099 1287 Fridericus
1116 1264 1138 1308 ,
1207 1205 1722 1287 Romanorum
1781 1206 2217 1313 imperator,
2268 1203 2666 1286 confirmat
2719 1203 3199 1287 collationem
3251 1230 3385 1287 ec-

570 1333 841 1416 clesiae
905 1335 1228 1418 Cellensi
1266 1335 1624 1446 (Altzell)
1647 1398 1673 1437 ‚
1715 1336 2079 1420 dioecesis
2111 1336 2552 1442 MisnensiS‚
2609 1335 2710 1419 ab
2757 1336 3227 1418 Hartmanno
3289 1337 3386 1419 de

570 1464 903 1577 Salburg
936 1467 1211 1550 factam
1252 1469 1348 1552 de
1401 1470 1712 1578 triginta
1756 1467 2154 1578 jugeribus
2192 1468 2580 1578 lignorum
2629 1493 2865 1577 prope
2916 1469 3380 1578 Tutenberg,

573 1600 672 1682 ad
709 1625 938 1682 usum
972 1603 1418 1686 comandiae
1453 1603 1551 1685 de
1587 1603 1923 1687 Zwelsen
1961 1611 2323 1712 perpetuo
2361 1602 2837 1685 servituram.

735 1838 988 1920 (Inedlt.
1016 1860 1090 1903 ex
1117 1843 1389 1921 originali
1413 1845 1479 1902 ln
1508 1842 1747 1904 arohlvo
1768 1845 1931 1921 regio
1957 1842 2299 1904 Dresdensi.
2326 1843 2473 1903 Filis
2500 1844 2702 1903 sericis
2728 1840 2873 1903 flavi
2901 1848 2962 1903 ct
2985 1844 3232 1905 violacei
3277 1860 3388 1906 co-

819 1946 959 2007 loris
985 1948 1203 2025 pendet
1226 1950 1485 2028 sigillum
1507 1966 1740 2010 cereum
1766 1951 1831 2009 in
1856 1950 2051 2010 media
2081 1951 2174 2009 sui
2199 1955 2365 2025 parte
2389 1948 2644 2009 fractum
2669 1954 2729 2009 et
2751 1949 3171 2029 deperditum.)

673 2159 752 2230 In
783 2160 1062 2232 nomine
1095 2170 1331 2233 sancte
1379 2170 1448 2233 et
1489 2160 1854 2234 individue
1889 2161 2261 2233 Trinitatis
2305 2160 2550 2233 Amen.
2589 2161 2974 2234 Fridericus
3009 2164 3383 2255 secundus,

577 2284 818 2358 divina
856 2287 1131 2358 favente
1173 2288 1532 2359 clementia
1565 2288 2026 2359 Romanorum
2069 2288 2443 2381 imperator
2471 2307 2741 2381 semper
2773 2297 3143 2381 augustae,
3185 2290 3392 2362 Jeru-

575 2410 786 2481 salem
827 2419 897 2481 et
945 2409 1174 2483 Sicilie
1217 2431 1373 2482 rex.
1438 2410 1776 2496 Quoniam
1831 2410 2086 2504 pietate
2136 2410 2471 2483 suadente
2523 2411 3027 2505 imperatoriam
3067 2413 3393 2486 condecet

576 2534 995 2623 majestatem
1052 2533 1520 2606 claustralium
1579 2535 1886 2606 virorum
1936 2530 2036 2630 (a)
2083 2531 2357 2604 utilitati
2402 2533 2763 2628 providere
2817 2545 2886 2607 et
2921 2537 3183 2608 cautele
3231 2559 3390 2630 pro·

576 2658 878 2750 spicere,
948 2656 1105 2729 ideo
1165 2656 1659 2729 notificandum
1712 2657 2047 2729 duximus
2098 2657 2440 2729 universis
2500 2669 2635 2729 tam
2696 2658 3131 2752 presentibus
3180 2682 3392 2753 quam

578 2781 823 2851 futuris
859 2783 1050 2873 quod
1102 2782 1536 2853 collationem
1578 2803 1786 2875 quam
1838 2782 2123 2854 contulit
2170 2781 2421 2853 nobilis
2471 2781 2579 2852 vir
2614 2782 3071 2853 Hartmannus
3110 2782 3199 2854 de
3245 2786 3393 2855 Sal-

576 2905 748 2975 burc
816 2904 1045 2978 dictus
1112 2905 1184 2976 in
1256 2906 1460 2998 lignis
1525 2905 1717 2977 XXX
1771 2907 2098 2999 jugerum
2168 2927 2380 3001 prope
2441 2906 2821 2977 Tutenberc
2897 2928 3022 3001 pro
3091 2908 3393 2981 remedio

576 3030 806 3101 anime
862 3050 989 3101 sue
1047 3030 1334 3102 ecclesie
1377 3030 1663 3101 Cellensi
1698 3030 2166 3102 Cisterciensis
2189 3030 2488 3116 ordinis,
2531 3029 2896 3102 Misnensis
2934 3030 3264 3123 diocesis,
3299 3031 3393 3105 ad

577 3175 783 3225 usum
816 3152 1178 3225 comandie
1212 3175 1351 3248 que
1393 3164 1679 3226 vocatur
1713 3156 1970 3226 Suesen
2010 3154 2105 3248 (b)
2140 3163 2474 3247 perpetuo
2515 3153 2853 3225 servitura
2887 3153 3064 3247 (sic),
3101 3175 3228 3227 nos
3262 3157 3394 3229 im-

574 3277 818 3371 periali
882 3276 1283 3349 auctoritate
1352 3277 1668 3350 eamdem
1725 3278 2154 3349 collationem
2201 3278 2419 3349 libere
2471 3285 2685 3349 ratam
2746 3276 3104 3366 habentes,
3167 3280 3392 3353 eidem

573 3402 862 3475 ecclesie
916 3400 1427 3474 confirmamus.
1489 3401 1601 3475 Ad
1658 3401 1864 3496 huJus
1913 3410 2144 3473 autem
2210 3411 2438 3474 nostre
2501 3400 3035 3474 confirmationis
3094 3403 3394 3477 futuram

574 3526 974 3598 memoriam
1042 3535 1111 3598 et
1168 3527 1378 3599 robur
1450 3536 1783 3622 perpetuo
1846 3526 2221 3597 valiturum
2247 3579 2269 3615 ‚
2329 3537 2718 3620 presentem
2774 3526 3068 3599 litteram
3127 3525 3274 3601 fieri
3327 3539 3396 3602 et

577 3650 768 3722 bulla
803 3647 896 3745 (c)
932 3651 1307 3742 majestatis
1348 3660 1579 3723 nostre
1602 3650 1934 3742 jussimus
1969 3649 2307 3743 insigniri.

677 3775 899 3866 Hujus
942 3786 1172 3848 autem
1220 3776 1318 3848 rei
1375 3784 1577 3847 testes
1613 3783 1775 3846 sunt
1817 3801 1834 3844 ε
1879 3775 2294 3847 venerabilis
2332 3774 2757 3846 Eckebertus
2797 3774 3393 3867 Babenburgensis

578 3899 977 3993 episcopus,
1030 3900 1285 3994 Syboto
1340 3898 1791 3992 Augustensis
1838 3899 2245 3994 episcopus,
2283 3897 2721 3971 Bernhardus
2773 3897 2989 3969 abbas
3033 3897 3124 3970 de
3165 3898 3390 3987 Buch,

578 4020 732 4095 Otto
760 4042 990 4094 comes
1021 4023 1366 4117 palatinus
1389 4022 1585 4114 Reni,
1615 4022 1947 4095 Henricus
1976 4021 2403 4114 lantgravius
2434 4020 2831 4114 Thuringie,
2856 4020 3206 4094 Conradus
3232 4022 3396 4093 bur·

580 4144 861 4236 gravius
897 4144 988 4218 de
1017 4145 1449 4235 Nurenberc‚
1485 4145 1809 4217 Albertus
1852 4145 2270 4239 burgravius
2309 4144 2401 4217 de
2431 4143 2876 4236 Magdeburc,
2919 4144 3272 4217 Conradus
3307 4146 3396 4218 de

661 4371 745 4454 (a)
788 4376 1175 4452 Pergamena,
1206 4378 1514 4451 praecipue
1534 4376 1599 4434 in
1621 4374 1736 4435 hac
1763 4380 1948 4452 parte,
1969 4380 2303 4451 temporum
2327 4374 2546 4451 injuria
2572 4371 2762 4433 deleta
2784 4377 2906 4444 est;
2935 4371 3038 4432 sed
3064 4372 3260 4433 adhuc
3286 4374 3401 4453 legi

579 4485 771 4556 potest
785 4523 804 4551 ‚
835 4482 887 4540 si
917 4482 1251 4540 accuratius
1273 4480 1496 4541 litteras
1519 4483 1868 4558 inspexeris.

666 4582 743 4664 (b)
785 4585 977 4646 Hodie
1002 4582 1275 4646 Zwelsen.

664 4690 738 4771 (c)
782 4693 955 4755 Bulla
979 4692 1221 4768 dicitur,
1251 4695 1387 4755 licet
1409 4710 1617 4756 revera
1640 4694 1900 4773 sigillum
1925 4709 2161 4755 cereum
2189 4707 2517 4771 appensum
2543 4690 2742 4753 fuerit.

3495 1222 3676 1319 wsspgd

3539 1289 3709 1386 5221?
3722 1306 3735 1329 ’
