4500 5956
764 569 957 629 tamer.
987 566 1076 644 8.]
1661 561 2050 630 HISTORIA
2103 562 2686 626 mPLOMA'rch.
3463 562 3582 623 707

761 703 907 793 nie,
946 724 1108 774 cum
1147 701 1350 773 fuerit
1381 701 1751 795 imperator
1788 702 1936 797 ipse
1968 701 2294 775 dominus
2336 721 2461 770 rex
2500 700 2742 770 factus.
2783 698 3201 770 lui-averunt
3229 697 3578 793 predictus

761 825 1081 897 dominus
1122 846 1352 897 eomes
1389 824 1787 897 Manfredns
1821 835 2118 919 potestas
2161 821 2535 897 Mediolani
2579 829 2650 892 et
2689 821 2954 893 nobiles
2982 821 3109 893 viri
3156 821 3449 893 Ubertus
3485 820 3576 893 de

759 949 1094 1021 Extenate
1119 956 1189 1019 et
1214 946 1717 1038 Mudalburgus
1736 948 1959 1038 judex
1972 946 2367 1036 Mediolani,
2401 948 2492 1021 de
2519 947 2873 1018 voluntate
2904 945 3164 1016 consilii
3194 944 3579 1016 eommunis

762 1072 1124 1144 Mediolani
1156 1082 1224 1144 et
1258 1072 1718 1166 predictorum
1756 1074 2282 1142 ambasiatorum
2324 1072 2587 1156 Brixie,
2631 1070 2947 1154 Novarie,
2990 1068 3219 1138 Laude
3249 1078 3577 1138 eteorum

762 1194 1106 1284 mandato,
1148 1216 1356 1288 super
1394 1216 1760 1264 commune
1804 1194 2166 1266 Mediolani
2202 1196 2388 1288 quod
2422 1194 2745 1286 predictis
2787 1192 3137 1284 completis
3165 1214 3283 1284 per
3315 1192 3573 1262 dictum

762 1342 990 1412 regem
1032 1330 1100 1390 et
1134 1320 1476 1412 principes
1510 1320 1952 1405 Alemannis,
2018 1340 2380 1388 commune
2428 1318 2789 1388 Mediolani
2827 1328 2892 1386 ot
2933 1316 3063 1384 alia
3095 1318 3481 1386 communia
3511 1326 3577 1386 et

762 1464 1050 1536 persone
1078 1464 1216 1535 que
1254 1442 1532 1512 venient
1564 1454 1630 1512 et
1664 1442 1918 1534 quibus
1948 1444 2276 1534 placuerit
2318 1444 2623 1534 predicta
2663 1444 2881 1510 facere
2911 1452 2977 1508 et
3005 1440 3337 1531 recipere,
3371 1442 3577 1530 jura—

764 1568 931 1636 bunt
970 1568 1154 1636 illam
1192 1564 1584 1636 fidelitatem
1634 1588 1772 1658 que
1820 1568 1887 1634 in
1940 1566 2120 1636 dicta
2164 1568 2525 1636 concordia
2561 1568 2945 1636 continetur
2969 1566 2991 1654 ιζ
3003 1564 3097 1658 l).
3145 1562 3341 1634 Unde
3379 1566 3573 1656 plura

763 1690 1208 1760 instrumenta
1252 1712 1386 1760 uno
1430 1700 1660 1758 tenore
1698 1688 1842 1758 fieri
1876 1700 2148 1780 rogata,
2190 1690 2621 1782 presentibus
2655 1690 2745 1756 ibi
2791 1710 2909 1780 pro
2939 1690 3217 1758 notariis
3245 1688 3575 1758 Gulielmo

764 1812 848 1884 de
880 1814 1386 1900 vicomercato,
1430 1812 1744 1882 Conrado
1778 1812 1868 1882 de
1896 1812 2212 1882 Varadeo
2246 1814 2509 1882 notario
2543 1812 2795 1904 pallatii
2821 1812 3229 1898 Mediolani,
3275 1822 3403 1882 ete.

854 1936 1314 2006 Interfuerunt
1372 1946 1576 2006 testes
1622 1934 1988 2006 Anselmus
2034 1934 2120 2004 de
2172 1936 2527 2024 Just-ingen
2587 1934 2765 2002 filius
2813 1934 3253 2026 suprascripti
3313 1934 3571 2006 domini

762 2058 1228 2148 marescalchi,
1272 2066 1338 2130 et
1390 2060 1548 2128 item
1608 2060 1930 2130 dominus
1992 2061 2308 2150 Paganus
2356 2062 2609 2126 Burrus
2675 2058 2855 2126 filius
2923 2056 3271 2148 qnondam
3313 2058 3575 2128 domini

766 2182 1018 2270 Uberti,
1056 2192 1122 2252 et
1151 2182 1498 2252 ,lohannes
1532 2182 1620 2252 de
1636 2182 1874 2252 Raude
1896 2182 2248 2252 filiusitem
2270 2180 2619 2272 quondam
2645 2180 2899 2250 domini
2927 2182 3281 2268 Iohannis,
3317 2192 3379 2252 et
3405 2184 3573 2252 Boc-

762 2306 984 2375 casins
1012 2308 1274 2388 Brema‚
1318 2314 1382 2376 et
1412 2306 1696 2376 Pei-inus
1732 2308 2140 2392 Incoardus,
2178 2316 2244 2374 et
2272 2306 2567 2376 Iacobus
2597 2306 2683 2374 de
2713 2306 3033 2395 TerzagO,
3065 2316 3131 2376 et
3161 2306 3453 2376 Iacobus
3485 2306 3573 2376 de

760 2428 1124 2516 Modoetia,
1158 2440 1224 2498 et
1252 2430 1660 2500 Berbontius
1694 2428 1782 2500 de
1804 2430 2216 2516 LandrianO,
2256 2440 2320 2498 et
2352 2428 2675 2498 Albertus
2697 2428 3117 2518 vicecomes,
3157 2440 3223 2498 et
3247 2430 3573 2500 Miramus

760 2552 1072 2643 Morigia,
1106 2563 1172 2624 et
1200 2552 1426 2625 Guido
1454 2554 1766 2645 (ἐι-355115,
1814 2565 1878 2623 et
1908 2552 2240 2625 Ricardus
2260 2554 2615 2639 CrivelluS,
2647 2563 2711 2623 et
2733 2552 3071 2623 lohannes
3087 2554 3463 2645 Pasqualis,
3505 2567 3571 2625 et

756 2675 1214 2769 Menadragus
1240 2679 1328 2747 de
1354 2677 1720 2765 Mandello,
1762 2691 1830 2749 et
1858 2679 2172 2767 paganus
2200 2679 2288 2747 de
2318 2681 2378 2747 la
2400 2679 2635 2763 Turre,
2663 2677 3129 2747 etBonisacius
3149 2677 3327 2747 filius
3347 2699 3569 2769 quon-

762 2797 920 2869 dam
946 2797 1548 2871 dominiGulielmi
1588 2803 1676 2873 de
1704 2803 2032 2889 pusterla,
2070 2813 2135 2871 et
2172 2801 2525 2869 Abiaticus
2541 2801 2971 2869 Marcellinus
3007 2801 3189 2869 filius
3219 2801 3571 2893 quondam

760 2919 1014 2991 domini
1050 2919 1300 3009 Drudi,
1346 2931 1412 2991 et
1444 2923 1780 2993 Henricus
1803 2921 2220 3011 GambaruS,
2262 2945 2499 2991 omnes
2531 2921 2621 2993 de
2649 2923 2923 2993 civitate
2959 2923 3347 2993 Mediolani.

848 3043 996 3135 Ego
1028 3043 1410 3113 Gulielmus
1468 3045 1648 3115 filius
1694 3045 2048 3139 quondam
2088 3047 2444 3115 Petrobelli
2485 3045 2573 3115 de
2611 3045 3075 3117 Vicomcrcato
3125 3047 3213 3117 de
3261 3047 3573 3117 Contrata

758 3167 842 3237 de
878 3167 1296 3255 CornaredO,
1336 3169 1632 3239 civitatis
1666 3169 2032 3239 Mediolani
2074 3171 2376 3239 notarius
2412 3179 2477 3237 ct
2509 3169 2711 3241 modo
2733 3169 2953 3241 scriba
2989 3171 3223 3264 palatii
3257 3193 3575 3243 commu-

758 3293 864 3361 nis
898 3293 1303 3379 Mediolani,
1340 3293 1620 3363 interfui
1646 3305 1714 3365 et
1746 3293 2146 3385 subscripsi.

844 3415 994 3507 Ego
1028 3417 1382 3489 Conradus
1416 3417 1596 3487 filius
1634 3419 1866 3487 Jacobi
1902 3417 1988 3487 de
2010 3415 2322 3487 Vtar-adeo
2360 3415 2448 3487 de
2481 3417 2819 3489 Contrada
2853 3417 2941 3489 de
2975 3419 3039 3487 la
3067 3419 3337 3507 Pesina,
3371 3441 3573 3489 com-

824 3721 890 3791 (t)
929 3721 1008 3775 De
1056 3721 1256 3775 nuntiis
1302 3721 1720 3779 Lombardorum
1764 3725 1816 3779 in
1854 3725 2168 3781 Teutoniam
2212 3725 2491 3781 destinatis
2535 3725 2665 3779 haec
2705 3725 3061 3795 comperimus
3111 3743 3123 3779 :
3169 3747 3191 3775 c<
3237 3727 3379 3781 Misit
3421 3725 3569 3799 [rex]

754 3815 1104 3871 marscalcum
1148 3817 1214 3871 de
1242 3819 1516 3889 lustingen
1546 3821 1600 3873 in
1642 3821 2017 3875 Lombardiam
2050 3829 2108 3875 ut
2136 3821 2557 3877 Mediolanenses
2587 3819 2686 3875 sibi
2713 3821 3127 3875 confoederaret.
3151 3821 3249 3887 Qui
3279 3821 3437 3875 ctiam
3477 3823 3559 3877 ad-

749 3911 894 3967 duxit
916 3929 1102 3968 secum
1142 3915 1400 3985 quosdam
1430 3917 1494 3971 de
1528 3917 1834 3973 melioribus
1868 3917 2336 3973 Mediolanensium
2374 3925 2428 3971 et
2469 3917 2631 3987 partis
2665 3931 2849 3971 eorum
2891 3917 2957 3969 ad
2999 3915 3129 3971 fines
3166 3917 3313 3985 istos,
3351 3919 3563 3973 utinter

752 4025 928 4079 regem
962 4017 1018 4065 et
1042 4011 1188 4080 ipsos
1232 4019 1446 4083 pactum
1478 4013 1704 4069 foederis
1728 4014 2122 4069 confirmarent.
2150 4039 2174 4063 υ
2204 4015 2398 4067 Annei.
2436 4015 2651 4081 Argiam.
2689 4029 2775 4083 ap.
2817 4013 3115 4079 Boenasa,
3145 4013 3365 4077 Fontes,
3401 4021 3439 4069 t.
3477 4017 3563 4085 ΙΙΙ,

751 4119 804 4176 p.
833 4108 958 4162 408.
983 4137 1058 4147 -
1082 4126 1108 4159 α
1130 4107 1333 4165 Eodem
1355 4124 1498 4165 anno
1521 4109 1589 4166 ad
1612 4110 1923 4185 petitionem
1955 4112 2097 4183 regis
2122 4110 2333 4167 Henrici
2360 4108 2452 4165 filii
2486 4108 2740 4164 Friderici
2763 4108 3117 4181 imperatorie,
3144 4107 3571 4169 Mediolanenses

751 4207 803 4257 et
837 4203 927 4259 alii
961 4204 1204 4261 odientes
1240 4205 1525 4279 imperium
1563 4207 1768 4280 legatos
1794 4210 1850 4265 in
1875 4208 2247 4266 Alemanniam
2286 4208 2592 4264 direxerunt
2622 4211 2679 4263 et
2708 4221 2833 4262 cum
2863 4221 2929 4263 eo
2970 4212 3152 4263 eontra
3193 4206 3567 4281 imperatorem

749 4300 1056 4358 societatem
1095 4301 1459 4360 firmissimam
1487 4310 1809 4362 statuerunt.
1837 4305 2090 4379 Concepit
2117 4305 2260 4363 enim
2291 4320 2386 4361 rex
2428 4303 2665 4361 dolorem
2701 4309 2756 4359 et
2782 4302 2992 4377 peperit
3016 4303 3345 4377 iniquitatem
3383 4312 3568 4363 contra

749 4397 1020 4471 proprium
1051 4398 1365 4471 genitorem,
1396 4401 1515 4458 ideo
1541 4403 1665 4475 quia
1690 4402 1976 4460 videbatur
2002 4403 2147 4476 quod
2184 4402 2474 4475 imperator
2509 4401 2629 4474 plus
2661 4417 2727 4457 eo
2754 4416 2978 4473 puerum
3001 4399 3304 4458 conradum
3330 4402 3572 4476 diligeret

750 4499 801 4548 et
820 4493 1044 4551 foveret.
1070 4513 1097 4547 n
1119 4496 1369 4553 Momch.
1405 4499 1599 4555 Patav.
1636 4499 1888 4557 Chronic.
1918 4516 2008 4574 ap.
2035 4502 2332 4569 Mum'ron,
2354 4499 2644 4572 scriptor„
2664 4503 2704 4554 t.
2734 4499 2871 4568 vm,
2893 4514 2950 4571 p.
2979 4500 3102 4563 674,
3130 4513 3416 4572 perperam
3435 4516 3565 4557 vero

751 4589 812 4644 ad
842 4606 972 4648 ann.
1020 4594 1180 4647 ⁴23⁴.
1210 4593 1327 4664 Qua
1368 4594 1649 4652 clementia
1689 4597 1789 4654 hos
1829 4597 2033 4671 legatos
2056 4598 2112 4653 in
2144 4596 2459 4654 Alemannia
2502 4602 2745 4669 repertos
2781 4602 2837 4653 et
2858 4596 3168 4671 captivitate
3191 4597 3433 4654 detentos
3454 4597 3564 4653 Fri-

752 4685 956 4745 dericus
974 4687 1252 4761 habuerit,
1292 4690 1427 4749 infra
1452 4692 1807 4751 monebimus.
