4500 5956
1031 541 1150 603 718
2072 537 2415 600 namuel
2466 537 2801 600 SEP'rtm
3468 540 3627 624 [Anu.
3665 538 3837 601 1235.

1505 860 1809 872 m

702 1187 876 1285 ³⁸13}ss
886 1270 901 1294 .
1143 1164 1510 1249 Henricus
1525 1226 1549 1272 ,
1604 1164 2121 1248 Romanorum
2176 1190 2308 1247 rex
2329 1226 2352 1272 ,
2402 1165 2891 1248 donationem
2942 1164 3181 1273 partis
3233 1188 3419 1247 suae
3467 1163 3550 1246 in
3601 1172 3854 1247 castro

649 1297 707 1340 ²⁴
747 1294 955 1339 ‘hm’
1044 1297 1538 1406 Calwenberg
1602 1295 1956 1380 ecclesiae
2015 1296 2538 1407 Herbipolensi
2598 1296 2786 1380 olim
2848 1322 2895 1380 a
2950 1322 3031 1380 se
3082 1297 3364 1381 factam
3405 1297 3722 1382 innovat
3779 1306 3853 1380 et

1037 1432 1460 1516 confirmat.
2495 1425 2497 1427 ’
2845 1452 2850 1465 ·

1202 1671 1397 1748 (Edit.
1423 1686 1522 1748 ap.
1552 1672 1809 1730 Manum.
1840 1669 2025 1741 Boio„
2055 1674 2203 1729 tom.
2232 1667 2466 1742 XXXI,
2496 1684 2636 1745 pars
2665 1677 2740 1742 1⁸,
2772 1684 2834 1747 p.
2868 1678 3010 1743 562,
3043 1669 3255 1731 alibro
3285 1686 3412 1747 cop.
3442 1669 3651 1733 eccles.
3685 1670 3853 1731 Wit-

1276 1775 1520 1855 ceburg.
1562 1807 1644 1821 —
1682 1775 2018 1848 Senam,
2069 1772 2312 1854 Coburq.
2361 1771 2773 1856 Landesyescli.
2816 1772 3215 1857 urkundenb„
3260 1794 3322 1854 p.
3369 1786 3476 1851 ιο,
3532 1784 3601 1837 n·
3641 1785 3733 1838 ιο.
3775 1807 3853 1821 -

1142 1926 1175 1975 -Ι
1279 1882 1500 1959 hen,
1531 1879 1721 1943 Gaea.
1753 1880 1850 1943 des
1873 1879 2346 1957 Franknlands,
2378 1888 2425 1942 t.
2454 1881 2570 1956 111,
2600 1900 2657 1960 p.
2696 1880 2861 1962 881.)

1140 2094 1475 2197 Henricus
1518 2094 1890 2188 septimuS‚
1936 2094 2060 2166 Dei
2116 2094 2336 2188 gratia
2381 2095 2842 2167 Romanorum
2884 2116 3007 2168 rex
3060 2104 3130 2168 et
3175 2116 3450 2191 semper
3491 2105 3850 2190 augustuS.

1043 2219 1370 2292 Noverint
1405 2217 1712 2290 universi
1740 2227 2090 2312 presentes
2122 2240 2206 2291 ac
2244 2218 2497 2314 posteri
2534 2218 2744 2311 hujus
2779 2218 3031 2313 pagine
3065 2220 3481 2315 inspectores
3510 2219 3701 2313 quod
3735 2240 3859 2291 nos

1045 2342 1207 2415 olim
1227 2340 1320 2414 ad
1334 2341 1726 2412 instantiam
1744 2340 1992 2413 nobilis
2015 2341 2147 2413 viri
2163 2343 2243 2413 B.
2265 2339 2369 2438 (a)
2385 2342 2653 2414 comitis
2671 2342 2761 2416 de
2776 2341 3305 2433 Hennenberch,
3331 2342 3859 2436 recognovimus

1049 2456 1118 2539 et
1154 2465 1506 2561 protestati
1550 2463 1809 2535 fuimus
1851 2485 1973 2558 per
2007 2460 2268 2538 litteras
2307 2473 2575 2539 nostras
2615 2485 2740 2537 nos
2784 2465 2995 2537 nichil
3021 2468 3199 2558 juris
3238 2465 3496 2540 habere
3534 2466 3606 2536 in
3642 2474 3862 2538 castro

1046 2588 1498 2681 Calwenberg
1538 2587 1653 2659 vel
1686 2588 1838 2679 ejus
1874 2587 2284 2676 attinentiis,
2324 2597 2394 2659 et
2425 2588 2486 2660 si
2517 2586 2689 2681 quid
2707 2588 2886 2678 juris
2924 2568 3074 2661 sive
3110 2568 3183 2659 in
3224 2597 3365 2661 toto
3391 2588 3640 2660 sivein
3674 2598 3864 2684 parte

1057 2710 1368 2805 ejusdem
1400 2712 1601 2785 castri
1633 2713 1747 2784 vel
1783 2712 1929 2785 suis
1960 2711 2334 2785 attinentiis
2366 2711 2766 2803 habuimus,
2799 2700 3595 2804 dedimus,-donavimus
3627 2722 3697 2785 et
3730 2723 3864 2811 tra-

1045 2836 1352 2909 didimus
1386 2834 1861 2929 Herbipolensi
1909 2834 2230 2917 ecclesie;
2274 2843 2344 2906 et
2378 2855 2567 2905 nunc
2608 2835 2829 2930 ipsam
2872 2834 3405 2925 recognitionem
3437 2844 3504 2908 et
3533 2844 3862 2931 protesta-

1052 2960 1302 3034 tionem
1328 2982 1464 3058 per
1509 2981 1636 3031 nos
1681 2970 1846 3031 tunc
1878 2960 2122 3031 factam
2161 2967 2228 3031 et
2261 2957 2700 3032 donationem
2731 2981 2941 3054 quam
2980 2969 3146 3031 tunc
3180 2959 3494 3032 similiter
3530 2960 3861 3052 fecimuS,

1051 3106 1171 3178 per
1218 3095 1567 3179 presentes
1603 3083 1860 3156 litteras
1906 3085 2343 3156 innovamus.
2409 3085 2697 3180 Insuper
2741 3084 2832 3156 ob
2885 3086 3188 3157 favorem
3247 3084 3479 3158 dilecti
3542 3084 3868 3180 principis

1052 3193 1264 3278 nostri
1299 3206 1715 3278 venerabilis
1744 3206 2257 3301 Herbipolensis
2297 3206 2630 3302 episcopi,
2657 3208 2838 3280 sicut
2861 3191 3210 3302 quidquid
3230 3208 3406 3298 juris
3425 3185 3589 3281 ‘sive
3623 3210 3694 3280 in
3728 3216 3867 3281 toto

1053 3315 1166 3403 v'el
1204 3329 1275 3400 in
1318 3341 1512 3425 parte
1554 3329 1849 3425 predicti
1888 3330 2088 3401 castri
2120 3331 2232 3403 vel
2268 3329 2412 3401 suis
2442 3330 2821 3403 attinentiis
2854 3331 3229 3403 habuimus
3263 3328 3393 3428 [et]
3417 3332 3714 3416 ecclesie
3748 3354 3872 3405 sue

1053 3454 1469 3526 contulimus
1503 3450 2092 3547 quemadmodum
2147 3453 2469 3548 superius
2510 3455 2928 3546 continetur,
2967 3455 3070 3527 sic
3114 3463 3183 3527 et
3232 3477 3384 3528 eam
3419 3467 3679 3549 partem
3713 3478 3871 3528 cum

1055 3576 1200 3647 s'uis
1235 3575 1664 3671 pertinentiis
1694 3573 2037 3646 universis
2060 3596 2199 3668 que
2218 3575 2309 3648 ad
2347 3598 2474 3648 nos
2500 3576 2892 3650 crederetur
2928 3576 3206 3650 forsitan
3230 3578 3598 3673 pertinere,
3641 3578 3772 3649 sibi
3807 3586 3878 3650 et

1056 3699 1341 3773 ecclesie
1384 3719 1510 3771 sue
1547 3700 1616 3769 in
1673 3697 2157 3793 proprietatem
2199 3711 2268 3772 et
2308 3701 2429 3791 jus
2472 3709 2878 3796 perpetuum
2924 3700 3207 3785 damus,
3259 3702 3596 3774 tradimus
3631 3711 3701 3773 et
3735 3700 3876 3774 do-

1060 3845 1333 3915 namus,
1369 3822 1551 3893 hanc
1587 3822 1876 3915 gratiam
1910 3822 2044 3893 sibi
2080 3822 2330 3894 factam
2366 3825 2668 3916 presenti
2704 3833 2935 3896 nostro
2963 3823 3333 3918 privilegio
3369 3823 3868 3896 confirmantes.

1156 3947 1388 4019 Testes
1442 3948 1651 4039 hujus
1709 3948 1807 4019 rei
1852 3956 2016 4019 sunt
2062 3973 2079 4017 ε
2132 3947 2206 4019 C.
2264 3947 2629 4043 Spyrensis
2669 3947 3085 4041 episcopus,
3144 3946 3520 4021 Landolsus
3565 3948 3877 4022 Worma·

1060 4070 1309 4152 ciensis
1355 4073 1641 4163 electus,
1679 4070 2219 4165 'thegenhardus
2259 4071 2630 4165 imperialis
2672 4071 2832 4143 aule
2873 4072 3404 4164 protonotarius,
3436 4070 3756 4143 Albertus
3786 4069 3879 4143 de

1060 4191 1364 4284 Vipeche
1392 4193 2004 4287 magdeburgensis
2047 4191 2495 4291 [prepositus]
2518 4248 2536 4282 ,
2582 4192 2944 4266 Heinricus
2976 4192 3278 4266 marchio
3327 4194 3417 4267 de
3448 4192 3881 4265 Burchouwe

1061 4314 1424 4410 (Burgau),
1458 4316 1847 4388 Guntherus
1884 4317 1973 4390 de
1990 4318 2463 4411 Kevernberg‚
2503 4317 2861 4390 Heinricus
2893 4317 3126 4408 junior
3161 4319 3251 4398 de
3286 4318 3702 4412 Suarzburg,
3737 4316 3882 4388 Fri-

1064 4436 1337 4509 dericus
1375 4436 1467 4510 de
1508 4436 1987 4533 Bichelingen,
2044 4442 2363 4530 comites,
2411 4425 2770 4515 Heinricus
2834 4440 2927 4516 de
2973 4442 3425 4535 Rabensburg
3470 4440 3887 4515 camerarius

1143 4635 1232 4719 (a)
1271 4637 1503 4701 Scilicet
1540 4639 1850 4720 Boppom‘s.
