4500 5956
1064 639 1188 701 572
2112 640 2457 702 nsslvmcl
2506 640 2844 702 SEPTm!
3508 637 3667 722 [Axia.
3704 638 3879 703 1232.

1068 769 1509 843 excludimus
1543 770 1729 865 ipsos
1763 791 1806 844 a
1837 771 2056 865 gratia
2076 782 2333 861 nostra,
2368 795 2577 867 quam
2609 795 2747 846 non
2776 780 3291 866 consequentur
3323 770 3458 844 nisi
3491 773 3763 846 solvant
3798 771 3890 847 de

1069 892 1366 989 pecnnia
1401 893 1600 966 nobis
1644 892 1890 967 datura
1935 895 2101 990 ipsis
2154 896 2449 991 inposita
2483 908 2552 970 et
2596 896 2929 989 injuncta.
2969 897 3057 968 Et
3090 905 3321 969 tamen
3357 896 3562 970 vobis
3588 897 3891 992 precipi-

1070 1038 1228 1088 mus
1261 1037 1386 1111 per
1421 1017 1707 1110 gratiam
1746 1028 2047 1091 nostram
2080 1027 2158 1091 ut
2207 1021 2393 1116 ipsos
2433 1020 2527 1095 ad
2559 1019 2634 1094 id
2680 1020 3135 1115 compellatis,
3177 1019 3670 1094 nichilominus
3704 1020 3892 1115 ipsos

1070 1161 1117 1212 a
1144 1147 1373 1213 vestro
1400 1141 1751 1215 consorcio
1776 1141 2230 1216 excludentes
2253 1153 2602 1238 tamquam
2636 1144 2916 1217 frivolos
2943 1152 3210 1217 nostros
3240 1152 3311 1216 et
3340 1144 3609 1241 imperii
3631 1152 3703 1217 et
3724 1164 3891 1217 con·

1073 1269 1412 1354 tumaceS,
1450 1263 1891 1338 vendicando
1912 1265 2095 1339 bona
2132 1267 2438 1363 ipsorum
2473 1275 2703 1340 nostre
2736 1266 3078 1362 potestati.

1166 1386 1415 1459 Datum
1441 1388 1633 1483 apud
1665 1388 1955 1483 Egram,
1996 1388 2312 1462 kalendis
2334 1390 2529 1482 julii,
2568 1389 2947 1464 indictione
2978 1390 3085 1463 V·.

664 1972 1019 2083 Aqffffiffm:
1175 1952 1545 2037 Henricus
1566 2016 1591 2063 ,
1658 1955 2178 2039 Romanorum
2232 1983 2364 2040 rex
2387 2020 2411 2065 ,
2504 1957 2702 2041 cives
2769 1957 3351 2067 Ratisponenses
3413 1958 3494 2041 in
3559 1961 3885 2070 gratiam

1068 2110 1290 2168 suam
1326 2086 1601 2170 iterum
1636 2089 2042 2197 recipien8‚
2081 2116 2215 2198 per
2250 2092 2572 2174 nuncios
2603 2117 2873 2175 eorum
2907 2093 3226 2175 modum
3260 2092 3371 2174 eis
3406 2093 3879 2202 praescribit,

1067 2245 1224 2327 quo
1259 2244 1353 2302 ex
1406 2221 1777 2303 sententia
1809 2221 2237 2331 principum
2276 2249 2416 2332 pro
2453 2225 2873 2307 temeritate
2922 2250 3189 2308 eorum
3251 2226 3330 2306 in
3378 2250 3459 2308 se
3494 2225 3694 2308 facta
3740 2250 3882 2307 sa—

1065 2349 1474 2434 tisfaciant.

1226 2576 1416 2652 (Edit.
1448 2596 1549 2657 ap.
1581 2578 1847 2644 Monam.
1878 2581 2062 2659 Boia,
2091 2587 2237 2644 tom.
2267 2583 2481 2659 XXX,
2508 2600 2646 2663 pars
2672 2585 2748 2659 1⁸,
2776 2593 2847 2645 n·
2876 2593 3017 2666 71⁴,
3043 2602 3104 2664 p.
3138 2594 3288 2666 203,
3318 2602 3394 2647 ex
3422 2587 3689 2665 originali
3727 2586 3889 2648 unde

1307 2687 1573 2765 sigillum
1616 2688 1793 2748 valde
1833 2689 2059 2750 laesum
2103 2689 2396 2767 appendet
2439 2706 2517 2750 ex
2560 2696 2860 2769 segmento
2898 2690 3370 2753 membranaceo.
3389 2723 3473 2738 —
3494 2691 3888 2754 Memoratum

1306 2808 1543 2872 quoqne
1568 2808 1606 2853 a
1633 2792 1977 2869 Gmmmx,
2015 2793 2290 2876 Reqensb.
2325 2792 2756 2872 scedula-onst,
2784 2795 2838 2871 1,
2869 2805 3019 2871 830,
3048 2798 3114 2857 in
3147 2795 3338 2873 nota.)

1162 2981 1576 3084 H[einricus]
1596 3040 1619 3080 ,
1670 2989 1795 3061 Dei
1843 2989 2062 3083 gratia
2107 2990 2568 3062 Romanorum
2603 3010 2733 3063 rex
2773 2998 2845 3063 et
2889 3010 3159 3086 semper
3189 3000 3561 3084 augustu8‚
3615 2987 3883 3064 dilectis

1074 3106 1397 3181 fidelibus
1462 3110 1610 3182 suis
1648 3110 2039 3205 jndicibnS,
2092 3114 2375 3186 consilio
2429 3122 2498 3187 et
2553 3114 2895 3187 universis
2945 3113 3222 3186 civibus
3273 3114 3883 3209 Ratisponensibus

1065 3233 1358 3327 gratiam
1389 3255 1586 3307 suam
1620 3243 1690 3308 et
1717 3256 1921 3309 omne
1949 3237 2236 3309 bonum.
2267 3237 2748 3309 Ammovimus
2781 3236 3096 3310 funditus
3122 3259 3166 3310 a
3194 3236 3405 3310 corde
3425 3246 3656 3311 nostro
3677 3237 3877 3330 iram,

1065 3355 1308 3431 odium
1339 3364 1410 3430 et
1445 3378 1799 3431 rancorem
1842 3380 2051 3453 quem
2079 3381 2203 3454 pro
2232 3361 2736 3456 multiplicibus
2768 3362 3172 3435 excessibus
3206 3370 3440 3435 contra
3473 3382 3602 3435 vos
3627 3383 3884 3435 conce-

1065 3501 1413 3576 peramus,
1446 3479 1692 3554 dantes
1704 3481 1906 3553 vobis
1934 3482 2220 3574 gratiam
2236 3492 2534 3556 nostram
2556 3483 3148 3578 quemadmodum
3178 3486 3388 3559 vestri
3416 3484 3653 3557 nuncii
3675 3487 3885 3560 vobis

1066 3602 1305 3678 dicent
1328 3602 1495 3677 viva
1517 3623 1718 3677 voce.
1760 3601 1875 3676 Ad
1904 3624 2199 3699 qnorum
2233 3605 2597 3679 instantem
2645 3607 3174 3704 requisicionem
3219 3608 3375 3681 talis
3409 3629 3639 3681 coram
3680 3608 3885 3682 nobis

1064 3726 1203 3800 lata
1237 3735 1342 3798 est
1372 3727 1708 3801 sententia
1729 3734 1799 3801 et
1826 3727 1919 3799 ab
1954 3728 2280 3801 omnibus
2312 3729 2738 3825 principibus
2773 3741 2844 3804 et
2870 3731 3309 3824 magnatibus
3331 3731 3601 3827 imperii
3631 3753 3881 3828 appro-

1066 3851 1232 3927 bata
1267 3878 1287 3923 :
1326 3852 1518 3948 quod
1551 3851 1845 3948 quilibet
1879 3851 2193 3926 vendens
2226 3862 2298 3926 et
2345 3875 2581 3926 emens
2626 3864 2695 3928 et
2731 3876 2980 3927 nomen
3015 3854 3408 3927 mercatoris
3432 3853 3696 3927 habens
3728 3875 3883 3950 pro·

1065 3976 1347 4049 missam
1395 3975 1596 4050 nobis
1625 3975 1991 4071 pecuniam
2037 3977 2644 4072 proporcionaliter
2689 3979 2991 4051 solveret
3034 3999 3246 4072 quam
3289 3976 3520 4050 daturi
3560 3977 3725 4049 estis
3756 3997 3882 4070 pro

1067 4102 1597 4193 recuperacione
1630 4103 1849 4194 gratie
1874 4109 2136 4193 nostre,
2174 4112 2244 4175 et
2270 4098 2675 4198 quicunque
2709 4112 2982 4176 recuset
3013 4101 3179 4176 dare
3202 4101 3293 4176 de
3319 4100 3655 4196 promissa
3680 4099 3883 4173 nobis

1068 4223 1366 4317 pecnnia
1402 4233 1662 4318 partem
1696 4247 1834 4317 que
1880 4221 2106 4319 ipsum
2149 4226 2435 4318 contigit
2480 4235 2552 4298 et
2588 4226 2770 4298 sicut
2802 4226 2934 4320 ipsi
2985 4225 3192 4298 fuerit
3224 4223 3632 4319 inpositum,
3688 4221 3882 4316 quod

1069 4344 1404 4417 exclusus
1437 4345 1526 4415 sit
1555 4365 1598 4416 a
1632 4347 1853 4439 gratia
1886 4354 2115 4419 nostre
2149 4348 2553 4439 majestatis,
2611 4358 2679 4421 et
2722 4358 2954 4420 tamen
2997 4348 3446 4444 compellatur
3485 4368 3699 4420 manu
3724 4344 3885 4418 forti

1069 4467 1164 4542 ad
1195 4465 1502 4538 dandum
1522 4466 1714 4561 qnod
1738 4469 1870 4565 ipsi
1901 4469 2281 4542 dinoscitur
2314 4471 2733 4566 impositum,
2767 4480 2835 4543 et
2856 4471 3145 4567 proinde
3175 4493 3290 4545 res
3306 4492 3433 4544 sue
3463 4478 3694 4543 nostre
3712 4490 3885 4542 ven·

1070 4591 1388 4666 dicentur
1433 4592 1778 4686 potestati.
1828 4591 2201 4664 Statuimus
2252 4594 2462 4688 igitur
2514 4604 2584 4667 et
2630 4596 2764 4668 sub
2811 4595 3354 4669 interminatione
3401 4580 3621 4689 gratie
3653 4601 3883 4666 nostre

1066 4713 1485 4810 precipimus
1521 4713 1907 4789 firmissime
1941 4724 2017 4786 ut
2037 4715 2098 4787 si
2125 4725 2288 4789 sunt
2313 4718 2528 4812 aliqui
2553 4719 2674 4815 qui
2700 4718 2772 4790 in
2794 4718 3198 4811 hujusmodi
3228 4739 3305 4792 se
3333 4718 3554 4791 velint
3575 4717 3883 4790 eximere
