4500 5956
639 582 840 645 lxnrcr.
869 577 955 664 9.]
1540 582 1934 644 HISTORIA
1985 584 2566 650 mPLouA'rch.
3339 588 3464 651 895

742 1093 1168 1178 Fridericus
1193 1155 1216 1201 ,
1273 1094 1798 1180 Romanorum
1846 1096 2262 1204 imperator
2275 1157 2300 1206 ,
2354 1094 2694 1201 oblatam
2759 1091 2901 1175 sibi
2955 1118 3001 1174 a
3053 1092 3462 1177 Bertholdo

635 1225 909 1309 abbate
946 1226 1580 1311 Ottobeuernensi
1617 1227 2090 1311 advocatiam
2130 1225 2420 1336 praedii
2465 1224 2937 1308 Helchenriet
2973 1232 3346 1333 acceptat,
3385 1234 3460 1307 et

634 1368 806 1468 post
854 1368 1156 1468 tempus
1201 1369 1549 1442 accurate
1592 1358 2079 1469 designatum
2124 1384 2281 1441 uua
2332 1383 2511 1443 cum
2567 1354 2958 1440 advocatia
3018 1356 3455 1440 monasterii

636 1491 906 1575 usibus
940 1490 1102 1574 suis
1138 1489 1563 1600 subjectam
1597 1516 1765 1575 esse
1798 1491 2162 1574 declarat.

796 1702 1068 1782 (Editum
1094 1707 1158 1766 in
1182 1704 1588 1766 numm
1607 1747 1625 1777 ,
1661 1702 2081 1767 ottenbemm
2102 1701 2483 1779 Jahrbitcloer,
2513 1710 2556 1764 t.
2589 1704 2685 1777 11,
2714 1721 2775 1781 p.
2812 1711 3088 1764 373-375
3109 1746 3126 1774 ,
3156 1736 3238 1747 -
3267 1709 3326 1764 et
3350 1719 3448 1779 ap.

872 1809 1137 1872 Monam.
1165 1811 1351 1883 Boia„
1376 1818 1423 1871 t.
1446 1809 1642 1888 XXX,
1665 1827 1729 1888 p.
1758 1819 1898 1885 249,
1920 1827 2084 1871 num.
2109 1809 2449 1888 DCCXLII,
2476 1826 2549 1870 ex
2579 1806 2845 1889 originali
2873 1811 3045 1885 quus
3071 1809 3328 1887 sigillum
3354 1825 3454 1885 pe-

873 1919 973 1978 riit
989 1961 1007 1991 ,
1038 1924 1380 1980 remanente
1404 1921 1670 1980 maxima
1694 1925 1859 1995 parte
1886 1917 2123 1979 filorum
2148 1921 2467 1979 sericorum
2488 1916 2652 1979 rubri
2678 1914 2939 1994 coloris.)

728 2097 1206 2201 Fr[idericus],
1254 2104 1377 2176 Dei
1425 2105 1643 2197 gratia
1685 2106 2148 2177 Romanorum
2201 2104 2570 2198 imperator
2614 2123 2881 2197 semper
2926 2111 3299 2196 augustus,
3350 2103 3460 2174 Je-

632 2226 930 2298 rusalem
965 2236 1037 2299 et
1070 2228 1324 2323 Sicylie
1359 2248 1514 2299 rex.
1555 2229 1816 2301 Tenore
1848 2228 2266 2322 presentium
2301 2234 2539 2298 notum
2577 2246 2730 2298 esse
2765 2227 3089 2297 volumus
3121 2224 3460 2298 universis

634 2347 905 2443 imperii
931 2347 1257 2423 fidelibus
1283 2359 1423 2424 tam
1458 2351 1896 2446 presentibus
1934 2373 2148 2446 quam
2191 2350 2440 2422 futuris
2487 2349 2679 2442 quod
2725 2349 3136 2421 constitutus
3177 2349 3248 2420 in
3291 2372 3456 2444 pre-

631 2472 852 2544 sentia
879 2482 1113 2546 nostra
1144 2473 1556 2547 Bertboldus
1587 2475 2002 2547 venerabilis
2033 2475 2254 2548 abbas
2283 2473 2372 2546 de
2398 2473 2908 2562 Utenbuoeren‚
2940 2471 3163 2545 fidelis
3200 2484 3455 2564 noster,

630 2599 858 2668 future
902 2595 1384 2691 indempnitati
1435 2598 1546 2669 sui
1610 2597 2009 2669 monasterii
2063 2598 2430 2670 consulens
2477 2617 2689 2690 super
2736 2595 2977 2691 predio
3028 2596 3459 2669 Helchenriet

629 2719 821 2814 quod
855 2740 1088 2792 comes
1115 2719 1463 2792 Gotfridus
1493 2718 1583 2792 de
1614 2720 1897 2793 Marstet
1927 2730 1996 2792 et
2023 2742 2203 2793 uxor
2231 2721 2384 2812 ejus
2412 2719 2703 2791 Bercbta
2734 2740 2860 2813 pro
2891 2718 3198 2792 remedio
3230 2721 3460 2793 anime

628 2864 756 2915 sue
793 2841 980 2914 dicto
1033 2842 1444 2915 monasterio
1496 2844 1969 2934 contulerunt,
2012 2842 2517 2937 imperatoriam
2552 2843 2974 2934 majestatem
3023 2851 3319 2914 nostram
3365 2844 3455 2916 ad

630 2964 764 3038 hoc
796 2965 1059 3060 eligens
1090 2964 1433 3038 concessit
1459 2963 1660 3036 nobis
1684 2964 2115 3038 advocatiam
2154 2964 2244 3037 de
2281 2964 2521 3060 predio
2549 2973 2922 3038 memorato
2956 2992 2973 3036 ε
3012 2987 3094 3037 eo
3130 2965 3456 3039 videlicet

630 3097 830 3182 pacto
867 3098 945 3161 ut
989 3087 1326 3182 quamdiu
1381 3088 1731 3182 predictus
1781 3109 2013 3161 comes
2061 3098 2132 3161 et
2182 3111 2363 3161 uxor
2413 3091 2564 3181 ejus
2614 3088 2863 3161 Bertha
2904 3090 3450 3185 supervixerint,

628 3211 886 3305 quibus
933 3212 1199 3283 ratione
1249 3211 1562 3303 ejusdem
1612 3211 1980 3284 advocatie
2029 3210 2119 3283 de
2169 3209 2479 3306 predicto
2524 3213 2935 3283 monasterio
2985 3222 3170 3285 certa
3214 3213 3455 3306 pensio

627 3344 733 3406 est
770 3333 1166 3428 designata,
1205 3336 1316 3406 vel
1356 3334 1693 3428 quamdiu
1726 3358 1769 3408 a
1816 3334 2210 3431 receptione
2246 3334 2430 3406 dicte
2477 3335 2832 3428 pensionis
2874 3335 3264 3408 voluntarie
3315 3357 3450 3407 non

629 3457 962 3530 duxerint
1002 3457 1505 3550 recedendum,
1562 3459 1842 3532 nomine
1890 3458 2201 3554 predicte
2243 3458 2607 3531 advocatie
2654 3460 2865 3530 nichil
2913 3461 3191 3555 penitus
3235 3461 3455 3555 perci-

631 3602 790 3676 pere
835 3581 1238 3655 debeamus,
1289 3582 1654 3655 Ambobus
1688 3604 1854 3656 vero
1888 3593 1955 3655 et
2007 3584 2257 3656 comite
2301 3591 2371 3656 et
2402 3583 2747 3654 comitissa
2797 3581 3294 3655 decedentibus
3342 3585 3453 3655 vel

629 3706 943 3800 pensioni
992 3727 1121 3778 sue
1159 3706 1453 3777 totaliter
1495 3706 2083 3798 renuntiantibus,
2122 3708 2239 3798 J'us
2287 3705 2791 3779 advocaticium
2842 3704 2932 3777 de
2979 3705 3167 3777 totali
3216 3705 3454 3798 predio

628 3831 909 3902 transiet
958 3830 1029 3900 in
1084 3851 1256 3901 usus
1307 3838 1612 3916 nostroe,
1649 3849 1732 3901 eo
1774 3829 1933 3920 jure
1978 3838 2048 3901 et
2089 3828 2486 3901 conditione
2526 3827 2784 3919 quibus
2827 3826 3189 3900 advocatia
3236 3828 3456 3922 preli-

629 3953 773 4026 bati
810 3954 1204 4027 monasterii
1254 3953 1504 4025 nostris
1550 3952 1793 4025 usibus
1841 3962 1946 4025 est
1974 3952 2307 4045 subjecta.
2349 3951 2464 4024 Ad
2518 3952 2728 4043 hujus
2774 3952 3008 4044 itaque
3050 3952 3151 4023 rei
3194 3972 3454 4024 memo-

629 4075 799 4147 riam
834 4085 905 4148 et
929 4075 1142 4148 robur
1176 4075 1250 4146 in
1288 4086 1639 4169 posterum
1671 4075 2072 4161 valiturum,
2111 4095 2396 4167 presens
2426 4075 2756 4166 scriptum
2786 4073 3014 4165 sigillo
3046 4083 3275 4147 nostre
3308 4075 3456 4146 cel-

629 4193 950 4266 situdinis
978 4194 1270 4267 fecimus
1307 4194 1643 4266 roborari.

725 4318 975 4389 Datum
1038 4317 1229 4412 apud
1291 4316 1638 4389 Gunzenle
1695 4314 1802 4412 (l)
1856 4315 1927 4386 in
1984 4315 2264 4406 castris,
2321 4335 2505 4387 anno
2563 4313 2905 4387 dominice
2967 4315 3453 4392 incarnationis

633 4440 993 4514 millesimo
1033 4439 1507 4515 ducentesimo
1542 4439 1887 4513 tricesimo
1920 4447 2157 4531 sexto,
2211 4459 2448 4511 mense
2479 4437 2673 4531 julii,
2717 4458 2901 4511 none
2931 4437 3351 4514 indictionis.

2164 4610 2332 4619 -———-

644 4608 968 4620 m·—

704 4693 778 4769 (t)
816 4693 989 4754 Locus
1010 4696 1164 4771 juxta
1191 4694 1414 4755 fluvium
1440 4694 1582 4755 Lech
1609 4710 1778 4771 prope
1803 4694 2119 4768 Augustam,
2139 4693 2302 4754 hodie
2324 4694 2572 4754 desertus
2597 4693 2803 4753 scilicet
2823 4699 3042 4770 propter
3062 4695 3454 4768 inundationes,

3542 1102 3769 1200 Gutzffilie
3796 1158 3843 1200 in

3528 1211 3686 1253 castrt·
3697 1240 3710 1261 ‚
3725 1209 3859 1264 lullo.
