<?xml version="1.0" encoding="UTF-8"?>
<!DOCTYPE html PUBLIC "-//W3C//DTD XHTML 1.0 Transitional//EN"
    "http://www.w3.org/TR/xhtml1/DTD/xhtml1-transitional.dtd">
<html xmlns="http://www.w3.org/1999/xhtml" xml:lang="en" lang="en">
 <head>
  <title>
</title>
<meta http-equiv="Content-Type" content="text/html;charset=utf-8" />
  <meta name='ocr-system' content='tesseract 3.04.00' />
  <meta name='ocr-capabilities' content='ocr_page ocr_carea ocr_par ocr_line ocrx_word'/>
</head>
<body>
  <div class='ocr_page' id='page_1' title='image "./historiadiploma00empegoog_0321.png"; bbox 0 0 4500 5956; ppageno 0'>
   <div class='ocr_carea' id='block_1_1' title="bbox 663 612 3482 693">
    <p class='ocr_par' dir='ltr' id='par_1_1' title="bbox 663 612 3482 693">
     <span class='ocr_line' id='line_1_1' title="bbox 663 612 3482 693; baseline -0.001 -14"><span class='ocrx_word' id='word_1_1' title='bbox 663 619 865 679; x_wconf 73' lang='lat' dir='ltr'>lumcr.</span> <span class='ocrx_word' id='word_1_2' title='bbox 895 615 985 693; x_wconf 85' lang='grc'>9.]</span> <span class='ocrx_word' id='word_1_3' title='bbox 1560 612 1962 688; x_wconf 60' lang='lat' dir='ltr'>marolus</span> <span class='ocrx_word' id='word_1_4' title='bbox 2000 612 2589 676; x_wconf 75' lang='lat' dir='ltr'>mPLOMA&#39;rch.</span> <span class='ocrx_word' id='word_1_5' title='bbox 3360 615 3482 677; x_wconf 80' lang='lat'>863</span> 
     </span>
    </p>
   </div>
   <div class='ocr_carea' id='block_1_2' title="bbox 668 746 3503 4434">
    <p class='ocr_par' dir='ltr' id='par_1_2' title="bbox 668 746 3492 1937">
     <span class='ocr_line' id='line_1_2' title="bbox 668 746 3487 845; baseline 0 -22"><span class='ocrx_word' id='word_1_6' title='bbox 668 748 962 825; x_wconf 80' lang='lat' dir='ltr'>fideliter</span> <span class='ocrx_word' id='word_1_7' title='bbox 994 748 1331 822; x_wconf 85' lang='lat' dir='ltr'>hactenns</span> <span class='ocrx_word' id='word_1_8' title='bbox 1376 746 1829 840; x_wconf 87' lang='lat' dir='ltr'>adheserunt,</span> <span class='ocrx_word' id='word_1_9' title='bbox 1886 750 2265 821; x_wconf 89' lang='lat' dir='ltr'>recolentes</span> <span class='ocrx_word' id='word_1_10' title='bbox 2314 749 2762 823; x_wconf 89' lang='lat' dir='ltr'>nihilominus</span> <span class='ocrx_word' id='word_1_11' title='bbox 2795 750 2983 843; x_wconf 88' lang='lat' dir='ltr'>quod</span> <span class='ocrx_word' id='word_1_12' title='bbox 3030 771 3155 845; x_wconf 92' lang='lat' dir='ltr'>pro</span> <span class='ocrx_word' id='word_1_13' title='bbox 3186 751 3487 824; x_wconf 82' lang='lat' dir='ltr'>servitiis</span> 
     </span>
     <span class='ocr_line' id='line_1_3' title="bbox 669 871 3484 970; baseline -0.001 -22"><span class='ocrx_word' id='word_1_14' title='bbox 669 887 978 969; x_wconf 91' lang='lat' dir='ltr'>tempore</span> <span class='ocrx_word' id='word_1_15' title='bbox 1019 871 1404 945; x_wconf 83' lang='lat' dir='ltr'>necessario</span> <span class='ocrx_word' id='word_1_16' title='bbox 1447 871 1649 944; x_wconf 85' lang='lat' dir='ltr'>nobis</span> <span class='ocrx_word' id='word_1_17' title='bbox 1699 881 1769 944; x_wconf 92' lang='lat' dir='ltr'>et</span> <span class='ocrx_word' id='word_1_18' title='bbox 1822 872 2111 968; x_wconf 91' lang='lat' dir='ltr'>imperio</span> <span class='ocrx_word' id='word_1_19' title='bbox 2158 873 2452 967; x_wconf 84' lang='lat' dir='ltr'>prestitis</span> <span class='ocrx_word' id='word_1_20' title='bbox 2499 874 2670 970; x_wconf 88' lang='lat' dir='ltr'>ipsis</span> <span class='ocrx_word' id='word_1_21' title='bbox 2727 882 3083 946; x_wconf 88' lang='lat' dir='ltr'>teneamur</span> <span class='ocrx_word' id='word_1_22' title='bbox 3129 873 3224 947; x_wconf 92' lang='lat' dir='ltr'>ad</span> <span class='ocrx_word' id='word_1_23' title='bbox 3273 872 3484 969; x_wconf 89' lang='lat' dir='ltr'>digna</span> 
     </span>
     <span class='ocr_line' id='line_1_4' title="bbox 670 995 3488 1096; baseline -0.001 -24"><span class='ocrx_word' id='word_1_24' title='bbox 670 999 933 1096; x_wconf 89' lang='lat' dir='ltr'>premia</span> <span class='ocrx_word' id='word_1_25' title='bbox 981 995 1428 1091; x_wconf 89' lang='lat' dir='ltr'>respondere,</span> <span class='ocrx_word' id='word_1_26' title='bbox 1473 1006 1551 1067; x_wconf 92' lang='lat' dir='ltr'>ut</span> <span class='ocrx_word' id='word_1_27' title='bbox 1597 1017 1839 1069; x_wconf 90' lang='lat' dir='ltr'>eorum</span> <span class='ocrx_word' id='word_1_28' title='bbox 1876 996 2150 1070; x_wconf 92' lang='lat' dir='ltr'>devotio</span> <span class='ocrx_word' id='word_1_29' title='bbox 2185 1006 2256 1068; x_wconf 91' lang='lat' dir='ltr'>et</span> <span class='ocrx_word' id='word_1_30' title='bbox 2289 998 2513 1070; x_wconf 88' lang='lat' dir='ltr'>virtus</span> <span class='ocrx_word' id='word_1_31' title='bbox 2564 995 2845 1071; x_wconf 87' lang='lat' dir='ltr'>laudata</span> <span class='ocrx_word' id='word_1_32' title='bbox 2896 1019 3245 1090; x_wconf 87' lang='lat' dir='ltr'>crescens,</span> <span class='ocrx_word' id='word_1_33' title='bbox 3304 1020 3488 1091; x_wconf 88' lang='lat' dir='ltr'>gau-</span> 
     </span>
     <span class='ocr_line' id='line_1_5' title="bbox 671 1118 3488 1216; baseline -0.002 -18"><span class='ocrx_word' id='word_1_34' title='bbox 671 1124 845 1199; x_wconf 90' lang='lat' dir='ltr'>dens</span> <span class='ocrx_word' id='word_1_35' title='bbox 886 1123 959 1194; x_wconf 91' lang='lat' dir='ltr'>in</span> <span class='ocrx_word' id='word_1_36' title='bbox 1008 1119 1294 1216; x_wconf 89' lang='lat' dir='ltr'>posteris</span> <span class='ocrx_word' id='word_1_37' title='bbox 1345 1129 1414 1193; x_wconf 91' lang='lat' dir='ltr'>et</span> <span class='ocrx_word' id='word_1_38' title='bbox 1456 1118 1764 1212; x_wconf 85' lang='lat' dir='ltr'>jocunda</span> <span class='ocrx_word' id='word_1_39' title='bbox 1806 1130 2073 1193; x_wconf 87' lang='lat' dir='ltr'>nostros</span> <span class='ocrx_word' id='word_1_40' title='bbox 2120 1121 2330 1193; x_wconf 91' lang='lat' dir='ltr'>etiam</span> <span class='ocrx_word' id='word_1_41' title='bbox 2373 1129 2670 1195; x_wconf 83' lang='lat' dir='ltr'>transeat</span> <span class='ocrx_word' id='word_1_42' title='bbox 2720 1122 2812 1195; x_wconf 98' lang='lat' dir='ltr'>ad</span> <span class='ocrx_word' id='word_1_43' title='bbox 2848 1119 3173 1213; x_wconf 91' lang='lat' dir='ltr'>heredes,</span> <span class='ocrx_word' id='word_1_44' title='bbox 3217 1121 3488 1194; x_wconf 90' lang='lat' dir='ltr'>devotis</span> 
     </span>
     <span class='ocr_line' id='line_1_6' title="bbox 670 1244 3487 1341; baseline -0 -22"><span class='ocrx_word' id='word_1_45' title='bbox 670 1268 909 1321; x_wconf 90' lang='lat' dir='ltr'>eorum</span> <span class='ocrx_word' id='word_1_46' title='bbox 953 1244 1568 1341; x_wconf 79' lang='lat' dir='ltr'>supplicationibus</span> <span class='ocrx_word' id='word_1_47' title='bbox 1606 1245 2071 1316; x_wconf 78' lang='lat' dir='ltr'>favorabiliter</span> <span class='ocrx_word' id='word_1_48' title='bbox 2103 1255 2525 1337; x_wconf 89' lang='lat' dir='ltr'>annuentes,</span> <span class='ocrx_word' id='word_1_49' title='bbox 2577 1246 2668 1319; x_wconf 91' lang='lat' dir='ltr'>de</span> <span class='ocrx_word' id='word_1_50' title='bbox 2701 1246 3132 1340; x_wconf 86' lang='lat' dir='ltr'>plenitudine</span> <span class='ocrx_word' id='word_1_51' title='bbox 3180 1246 3487 1340; x_wconf 90' lang='lat' dir='ltr'>impera-</span> 
     </span>
     <span class='ocr_line' id='line_1_7' title="bbox 672 1367 3482 1463; baseline -0.001 -20"><span class='ocrx_word' id='word_1_52' title='bbox 672 1371 845 1443; x_wconf 92' lang='lat' dir='ltr'>torie</span> <span class='ocrx_word' id='word_1_53' title='bbox 911 1367 1266 1462; x_wconf 82' lang='lat' dir='ltr'>dignitatis</span> <span class='ocrx_word' id='word_1_54' title='bbox 1325 1388 1608 1462; x_wconf 90' lang='lat' dir='ltr'>presens</span> <span class='ocrx_word' id='word_1_55' title='bbox 1662 1368 2104 1463; x_wconf 89' lang='lat' dir='ltr'>privilegium</span> <span class='ocrx_word' id='word_1_56' title='bbox 2152 1369 2486 1441; x_wconf 90' lang='lat' dir='ltr'>innovare</span> <span class='ocrx_word' id='word_1_57' title='bbox 2544 1369 2876 1442; x_wconf 87' lang='lat' dir='ltr'>duximus</span> <span class='ocrx_word' id='word_1_58' title='bbox 2937 1381 3005 1441; x_wconf 90' lang='lat' dir='ltr'>et</span> <span class='ocrx_word' id='word_1_59' title='bbox 3051 1368 3482 1442; x_wconf 85' lang='lat' dir='ltr'>confirmare.</span> 
     </span>
     <span class='ocr_line' id='line_1_8' title="bbox 668 1491 3490 1586; baseline -0.001 -20"><span class='ocrx_word' id='word_1_60' title='bbox 668 1493 850 1566; x_wconf 89' lang='lat' dir='ltr'>Nulli</span> <span class='ocrx_word' id='word_1_61' title='bbox 902 1513 1068 1586; x_wconf 89' lang='lat' dir='ltr'>ergo</span> <span class='ocrx_word' id='word_1_62' title='bbox 1117 1492 1397 1565; x_wconf 91' lang='lat' dir='ltr'>omnino</span> <span class='ocrx_word' id='word_1_63' title='bbox 1431 1491 1787 1563; x_wconf 90' lang='lat' dir='ltr'>hominum</span> <span class='ocrx_word' id='word_1_64' title='bbox 1827 1492 2028 1562; x_wconf 92' lang='lat' dir='ltr'>liceat</span> <span class='ocrx_word' id='word_1_65' title='bbox 2063 1491 2243 1563; x_wconf 91' lang='lat' dir='ltr'>hanc</span> <span class='ocrx_word' id='word_1_66' title='bbox 2276 1500 2578 1563; x_wconf 89' lang='lat' dir='ltr'>nostram</span> <span class='ocrx_word' id='word_1_67' title='bbox 2618 1492 3080 1564; x_wconf 86' lang='lat' dir='ltr'>renovationis</span> <span class='ocrx_word' id='word_1_68' title='bbox 3111 1504 3179 1567; x_wconf 85' lang='lat' dir='ltr'>et</span> <span class='ocrx_word' id='word_1_69' title='bbox 3223 1493 3490 1565; x_wconf 87' lang='lat' dir='ltr'>confir-</span> 
     </span>
     <span class='ocr_line' id='line_1_9' title="bbox 668 1615 3490 1709; baseline 0 -20"><span class='ocrx_word' id='word_1_70' title='bbox 668 1616 991 1691; x_wconf 86' lang='lat' dir='ltr'>mationis</span> <span class='ocrx_word' id='word_1_71' title='bbox 1021 1625 1252 1688; x_wconf 83' lang='lat' dir='ltr'>nostre</span> <span class='ocrx_word' id='word_1_72' title='bbox 1289 1615 1613 1709; x_wconf 79' lang='lat' dir='ltr'>paginam</span> <span class='ocrx_word' id='word_1_73' title='bbox 1650 1616 2021 1707; x_wconf 91' lang='lat' dir='ltr'>infringere</span> <span class='ocrx_word' id='word_1_74' title='bbox 2053 1616 2164 1687; x_wconf 91' lang='lat' dir='ltr'>vel</span> <span class='ocrx_word' id='word_1_75' title='bbox 2197 1616 2262 1687; x_wconf 93' lang='lat' dir='ltr'>ei</span> <span class='ocrx_word' id='word_1_76' title='bbox 2300 1637 2475 1688; x_wconf 90' lang='lat' dir='ltr'>ausu</span> <span class='ocrx_word' id='word_1_77' title='bbox 2505 1616 2864 1688; x_wconf 87' lang='lat' dir='ltr'>temerario</span> <span class='ocrx_word' id='word_1_78' title='bbox 2898 1617 3258 1688; x_wconf 89' lang='lat' dir='ltr'>contraire.</span> <span class='ocrx_word' id='word_1_79' title='bbox 3286 1617 3490 1702; x_wconf 88' lang='lat' dir='ltr'>Quod</span> 
     </span>
     <span class='ocr_line' id='line_1_10' title="bbox 670 1736 3492 1835; baseline 0 -23"><span class='ocrx_word' id='word_1_80' title='bbox 670 1741 794 1835; x_wconf 89' lang='lat' dir='ltr'>qui</span> <span class='ocrx_word' id='word_1_81' title='bbox 849 1739 1346 1834; x_wconf 83' lang='lat' dir='ltr'>presumpserit</span> <span class='ocrx_word' id='word_1_82' title='bbox 1397 1737 1943 1832; x_wconf 83' lang='lat' dir='ltr'>indignationem</span> <span class='ocrx_word' id='word_1_83' title='bbox 1992 1739 2243 1810; x_wconf 88' lang='lat' dir='ltr'>summi</span> <span class='ocrx_word' id='word_1_84' title='bbox 2278 1736 2533 1830; x_wconf 86' lang='lat' dir='ltr'>judicis</span> <span class='ocrx_word' id='word_1_85' title='bbox 2584 1749 3026 1832; x_wconf 86' lang='lat' dir='ltr'>nostramque</span> <span class='ocrx_word' id='word_1_86' title='bbox 3077 1740 3248 1812; x_wconf 91' lang='lat' dir='ltr'>iram</span> <span class='ocrx_word' id='word_1_87' title='bbox 3297 1741 3370 1812; x_wconf 93' lang='lat' dir='ltr'>in</span> <span class='ocrx_word' id='word_1_88' title='bbox 3417 1762 3492 1813; x_wconf 91' lang='lat' dir='ltr'>se</span> 
     </span>
     <span class='ocr_line' id='line_1_11' title="bbox 672 1864 1350 1937; baseline -0.004 0"><span class='ocrx_word' id='word_1_89' title='bbox 672 1866 919 1937; x_wconf 90' lang='lat' dir='ltr'>sentiet</span> <span class='ocrx_word' id='word_1_90' title='bbox 955 1864 1350 1936; x_wconf 90' lang='lat' dir='ltr'>incurrisse.</span> 
     </span>
    </p>

    <p class='ocr_par' dir='ltr' id='par_1_3' title="bbox 673 1987 3496 2330">
     <span class='ocr_line' id='line_1_12' title="bbox 767 1987 3495 2083; baseline -0 -22"><span class='ocrx_word' id='word_1_91' title='bbox 767 1991 918 2082; x_wconf 91' lang='lat' dir='ltr'>Ego</span> <span class='ocrx_word' id='word_1_92' title='bbox 951 1988 1249 2060; x_wconf 88' lang='lat' dir='ltr'>Sifridus</span> <span class='ocrx_word' id='word_1_93' title='bbox 1285 1988 1798 2083; x_wconf 87' lang='lat' dir='ltr'>Ratisponensis</span> <span class='ocrx_word' id='word_1_94' title='bbox 1829 1988 2119 2060; x_wconf 86' lang='lat' dir='ltr'>ecclesie</span> <span class='ocrx_word' id='word_1_95' title='bbox 2163 1988 2565 2083; x_wconf 90' lang='lat' dir='ltr'>episcopus,</span> <span class='ocrx_word' id='word_1_96' title='bbox 2606 1987 2980 2081; x_wconf 89' lang='lat' dir='ltr'>imperialis</span> <span class='ocrx_word' id='word_1_97' title='bbox 3018 1989 3175 2060; x_wconf 90' lang='lat' dir='ltr'>aule</span> <span class='ocrx_word' id='word_1_98' title='bbox 3210 1988 3495 2060; x_wconf 91' lang='lat' dir='ltr'>cancel—</span> 
     </span>
     <span class='ocr_line' id='line_1_13' title="bbox 674 2109 3496 2207; baseline 0.001 -24"><span class='ocrx_word' id='word_1_99' title='bbox 674 2113 919 2202; x_wconf 90' lang='lat' dir='ltr'>larius,</span> <span class='ocrx_word' id='word_1_100' title='bbox 965 2113 1123 2185; x_wconf 90' lang='lat' dir='ltr'>vice</span> <span class='ocrx_word' id='word_1_101' title='bbox 1159 2111 1422 2186; x_wconf 90' lang='lat' dir='ltr'>domini</span> <span class='ocrx_word' id='word_1_102' title='bbox 1472 2112 1708 2185; x_wconf 90' lang='lat' dir='ltr'>Sifridi</span> <span class='ocrx_word' id='word_1_103' title='bbox 1739 2109 2143 2207; x_wconf 86' lang='lat' dir='ltr'>Maguntine</span> <span class='ocrx_word' id='word_1_104' title='bbox 2173 2111 2360 2184; x_wconf 87' lang='lat' dir='ltr'>sedis</span> <span class='ocrx_word' id='word_1_105' title='bbox 2396 2109 2892 2207; x_wconf 89' lang='lat' dir='ltr'>archiepiscopi</span> <span class='ocrx_word' id='word_1_106' title='bbox 2928 2120 2996 2182; x_wconf 91' lang='lat' dir='ltr'>et</span> <span class='ocrx_word' id='word_1_107' title='bbox 3031 2111 3104 2181; x_wconf 91' lang='lat' dir='ltr'>in</span> <span class='ocrx_word' id='word_1_108' title='bbox 3134 2112 3496 2185; x_wconf 88' lang='lat' dir='ltr'>Germania</span> 
     </span>
     <span class='ocr_line' id='line_1_14' title="bbox 673 2236 1721 2330; baseline -0.003 -21"><span class='ocrx_word' id='word_1_109' title='bbox 673 2236 1286 2328; x_wconf 86' lang='lat' dir='ltr'>archicancellarii,</span> <span class='ocrx_word' id='word_1_110' title='bbox 1322 2236 1721 2330; x_wconf 86' lang='lat' dir='ltr'>recognovi.</span> 
     </span>
    </p>

    <p class='ocr_par' dir='ltr' id='par_1_4' title="bbox 673 2358 3498 3444">
     <span class='ocr_line' id='line_1_15' title="bbox 767 2358 3491 2454; baseline 0 -21"><span class='ocrx_word' id='word_1_111' title='bbox 767 2361 1001 2433; x_wconf 88' lang='lat' dir='ltr'>Testes</span> <span class='ocrx_word' id='word_1_112' title='bbox 1041 2361 1252 2454; x_wconf 88' lang='lat' dir='ltr'>hujus</span> <span class='ocrx_word' id='word_1_113' title='bbox 1298 2361 1396 2433; x_wconf 91' lang='lat' dir='ltr'>rei</span> <span class='ocrx_word' id='word_1_114' title='bbox 1449 2370 1613 2432; x_wconf 90' lang='lat' dir='ltr'>sunt</span> <span class='ocrx_word' id='word_1_115' title='bbox 1651 2387 1670 2431; x_wconf 76' lang='grc' dir='ltr'><strong><em>ε</em></strong></span> <span class='ocrx_word' id='word_1_116' title='bbox 1712 2358 2143 2432; x_wconf 86' lang='lat' dir='ltr'>venerabiles</span> <span class='ocrx_word' id='word_1_117' title='bbox 2174 2358 2473 2432; x_wconf 89' lang='lat' dir='ltr'>Sifridus</span> <span class='ocrx_word' id='word_1_118' title='bbox 2519 2358 2989 2450; x_wconf 88' lang='lat' dir='ltr'>Maguntinus‚</span> <span class='ocrx_word' id='word_1_119' title='bbox 3030 2359 3491 2433; x_wconf 89' lang='lat' dir='ltr'>Theodericus</span> 
     </span>
     <span class='ocr_line' id='line_1_16' title="bbox 673 2483 3496 2579; baseline -0.001 -22"><span class='ocrx_word' id='word_1_120' title='bbox 673 2486 1095 2558; x_wconf 87' lang='lat' dir='ltr'>Trevirensis</span> <span class='ocrx_word' id='word_1_121' title='bbox 1128 2483 1665 2579; x_wconf 89' lang='lat' dir='ltr'>archiepiscopi,</span> <span class='ocrx_word' id='word_1_122' title='bbox 1703 2485 1860 2556; x_wconf 90' lang='lat' dir='ltr'>Otto</span> <span class='ocrx_word' id='word_1_123' title='bbox 1905 2484 2058 2557; x_wconf 83' lang='lat' dir='ltr'>dux</span> <span class='ocrx_word' id='word_1_124' title='bbox 2089 2483 2179 2556; x_wconf 91' lang='lat' dir='ltr'>de</span> <span class='ocrx_word' id='word_1_125' title='bbox 2209 2484 2643 2572; x_wconf 87' lang='lat' dir='ltr'>Bruneswic,</span> <span class='ocrx_word' id='word_1_126' title='bbox 2683 2483 2839 2554; x_wconf 89' lang='lat' dir='ltr'>Otto</span> <span class='ocrx_word' id='word_1_127' title='bbox 2888 2503 3117 2554; x_wconf 90' lang='lat' dir='ltr'>comes</span> <span class='ocrx_word' id='word_1_128' title='bbox 3152 2484 3496 2577; x_wconf 87' lang='lat' dir='ltr'>palatinus</span> 
     </span>
     <span class='ocr_line' id='line_1_17' title="bbox 673 2605 3498 2700; baseline -0.001 -18"><span class='ocrx_word' id='word_1_129' title='bbox 673 2608 891 2682; x_wconf 83' lang='lat' dir='ltr'>Rheni</span> <span class='ocrx_word' id='word_1_130' title='bbox 923 2618 996 2681; x_wconf 90' lang='lat' dir='ltr'>et</span> <span class='ocrx_word' id='word_1_131' title='bbox 1023 2607 1179 2681; x_wconf 82' lang='lat' dir='ltr'>dux</span> <span class='ocrx_word' id='word_1_132' title='bbox 1201 2607 1543 2698; x_wconf 85' lang='lat' dir='ltr'>Bawarie,</span> <span class='ocrx_word' id='word_1_133' title='bbox 1577 2607 1913 2678; x_wconf 91' lang='lat' dir='ltr'>Henricus</span> <span class='ocrx_word' id='word_1_134' title='bbox 1942 2606 2374 2699; x_wconf 89' lang='lat' dir='ltr'>lantgravius</span> <span class='ocrx_word' id='word_1_135' title='bbox 2401 2605 2800 2700; x_wconf 88' lang='lat' dir='ltr'>Thuringie,</span> <span class='ocrx_word' id='word_1_136' title='bbox 2833 2608 3039 2678; x_wconf 89' lang='lat' dir='ltr'>frater</span> <span class='ocrx_word' id='word_1_137' title='bbox 3064 2608 3498 2679; x_wconf 89' lang='lat' dir='ltr'>Hermannus</span> 
     </span>
     <span class='ocr_line' id='line_1_18' title="bbox 674 2729 3498 2825; baseline 0 -23"><span class='ocrx_word' id='word_1_138' title='bbox 674 2732 996 2825; x_wconf 88' lang='lat' dir='ltr'>magister</span> <span class='ocrx_word' id='word_1_139' title='bbox 1026 2730 1639 2821; x_wconf 89' lang='lat' dir='ltr'>Theutonicorum,</span> <span class='ocrx_word' id='word_1_140' title='bbox 1679 2731 2111 2801; x_wconf 90' lang='lat' dir='ltr'>Hermannus</span> <span class='ocrx_word' id='word_1_141' title='bbox 2147 2729 2453 2802; x_wconf 90' lang='lat' dir='ltr'>marchio</span> <span class='ocrx_word' id='word_1_142' title='bbox 2489 2729 2578 2802; x_wconf 93' lang='lat' dir='ltr'>de</span> <span class='ocrx_word' id='word_1_143' title='bbox 2621 2729 2883 2819; x_wconf 92' lang='lat' dir='ltr'>Baden,</span> <span class='ocrx_word' id='word_1_144' title='bbox 2925 2729 3282 2801; x_wconf 91' lang='lat' dir='ltr'>Conradus</span> <span class='ocrx_word' id='word_1_145' title='bbox 3323 2731 3498 2802; x_wconf 90' lang='lat' dir='ltr'>bur-</span> 
     </span>
     <span class='ocr_line' id='line_1_19' title="bbox 675 2853 3494 2948; baseline -0.002 -18"><span class='ocrx_word' id='word_1_146' title='bbox 675 2855 959 2948; x_wconf 85' lang='lat' dir='ltr'>gravius</span> <span class='ocrx_word' id='word_1_147' title='bbox 1002 2855 1093 2929; x_wconf 92' lang='lat' dir='ltr'>de</span> <span class='ocrx_word' id='word_1_148' title='bbox 1138 2855 1593 2945; x_wconf 90' lang='lat' dir='ltr'>Nuremberc,</span> <span class='ocrx_word' id='word_1_149' title='bbox 1644 2875 1878 2927; x_wconf 89' lang='lat' dir='ltr'>comes</span> <span class='ocrx_word' id='word_1_150' title='bbox 1931 2853 2322 2926; x_wconf 89' lang='lat' dir='ltr'>Fridericns</span> <span class='ocrx_word' id='word_1_151' title='bbox 2369 2853 2460 2926; x_wconf 91' lang='lat' dir='ltr'>de</span> <span class='ocrx_word' id='word_1_152' title='bbox 2518 2854 2742 2945; x_wconf 88' lang='lat' dir='ltr'>Zolre‚</span> <span class='ocrx_word' id='word_1_153' title='bbox 2798 2853 3213 2925; x_wconf 87' lang='lat' dir='ltr'>Godefridus</span> <span class='ocrx_word' id='word_1_154' title='bbox 3264 2875 3494 2926; x_wconf 89' lang='lat' dir='ltr'>comes</span> 
     </span>
     <span class='ocr_line' id='line_1_20' title="bbox 678 2973 3492 3077; baseline 0 -26"><span class='ocrx_word' id='word_1_155' title='bbox 678 2975 767 3052; x_wconf 91' lang='lat' dir='ltr'>de</span> <span class='ocrx_word' id='word_1_156' title='bbox 799 2973 1315 3077; x_wconf 88' lang='lat' dir='ltr'>Ziegen[hain],</span> <span class='ocrx_word' id='word_1_157' title='bbox 1359 2976 1750 3051; x_wconf 91' lang='lat' dir='ltr'>Gotefridus</span> <span class='ocrx_word' id='word_1_158' title='bbox 1798 2988 1866 3051; x_wconf 91' lang='lat' dir='ltr'>et</span> <span class='ocrx_word' id='word_1_159' title='bbox 1904 2976 2262 3050; x_wconf 91' lang='lat' dir='ltr'>Conradus</span> <span class='ocrx_word' id='word_1_160' title='bbox 2289 2976 2378 3050; x_wconf 91' lang='lat' dir='ltr'>de</span> <span class='ocrx_word' id='word_1_161' title='bbox 2412 2976 2722 3049; x_wconf 88' lang='lat' dir='ltr'>Hohenlo</span> <span class='ocrx_word' id='word_1_162' title='bbox 2757 2977 3040 3049; x_wconf 91' lang='lat' dir='ltr'>comites</span> <span class='ocrx_word' id='word_1_163' title='bbox 3067 2978 3492 3072; x_wconf 91' lang='lat' dir='ltr'>Romaniole,</span> 
     </span>
     <span class='ocr_line' id='line_1_21' title="bbox 675 3100 3492 3197; baseline 0.001 -24"><span class='ocrx_word' id='word_1_164' title='bbox 675 3101 1114 3176; x_wconf 90' lang='lat' dir='ltr'>Eberhardus</span> <span class='ocrx_word' id='word_1_165' title='bbox 1139 3112 1208 3176; x_wconf 91' lang='lat' dir='ltr'>et</span> <span class='ocrx_word' id='word_1_166' title='bbox 1235 3103 1393 3174; x_wconf 92' lang='lat' dir='ltr'>Otto</span> <span class='ocrx_word' id='word_1_167' title='bbox 1420 3103 1663 3174; x_wconf 87' lang='lat' dir='ltr'>fratres</span> <span class='ocrx_word' id='word_1_168' title='bbox 1693 3101 1783 3174; x_wconf 93' lang='lat' dir='ltr'>de</span> <span class='ocrx_word' id='word_1_169' title='bbox 1808 3101 2193 3191; x_wconf 83' lang='lat' dir='ltr'>Eberstein,</span> <span class='ocrx_word' id='word_1_170' title='bbox 2218 3101 2639 3174; x_wconf 89' lang='lat' dir='ltr'>Wernherus</span> <span class='ocrx_word' id='word_1_171' title='bbox 2671 3100 2942 3197; x_wconf 84' lang='lat' dir='ltr'>dapifer</span> <span class='ocrx_word' id='word_1_172' title='bbox 2969 3102 3058 3175; x_wconf 93' lang='lat' dir='ltr'>de</span> <span class='ocrx_word' id='word_1_173' title='bbox 3084 3102 3492 3195; x_wconf 90' lang='lat' dir='ltr'>Bonlandia,</span> 
     </span>
     <span class='ocr_line' id='line_1_22' title="bbox 676 3224 3497 3320; baseline 0.001 -24"><span class='ocrx_word' id='word_1_174' title='bbox 676 3225 1033 3299; x_wconf 83' lang='lat' dir='ltr'>Heinricus</span> <span class='ocrx_word' id='word_1_175' title='bbox 1069 3225 1160 3298; x_wconf 91' lang='lat' dir='ltr'>de</span> <span class='ocrx_word' id='word_1_176' title='bbox 1194 3224 1668 3320; x_wconf 89' lang='lat' dir='ltr'>Bappenheim</span> <span class='ocrx_word' id='word_1_177' title='bbox 1706 3224 2079 3319; x_wconf 91' lang='lat' dir='ltr'>imperialis</span> <span class='ocrx_word' id='word_1_178' title='bbox 2116 3224 2278 3297; x_wconf 92' lang='lat' dir='ltr'>aule</span> <span class='ocrx_word' id='word_1_179' title='bbox 2316 3225 2761 3316; x_wconf 81' lang='lat' dir='ltr'>marscalcuS,</span> <span class='ocrx_word' id='word_1_180' title='bbox 2793 3224 3150 3319; x_wconf 86' lang='lat' dir='ltr'>Philippus</span> <span class='ocrx_word' id='word_1_181' title='bbox 3184 3225 3274 3298; x_wconf 93' lang='lat' dir='ltr'>de</span> <span class='ocrx_word' id='word_1_182' title='bbox 3315 3228 3497 3298; x_wconf 92' lang='lat' dir='ltr'>Bon-</span> 
     </span>
     <span class='ocr_line' id='line_1_23' title="bbox 676 3348 2670 3444; baseline -0.001 -24"><span class='ocrx_word' id='word_1_183' title='bbox 676 3348 936 3441; x_wconf 89' lang='lat' dir='ltr'>landia,</span> <span class='ocrx_word' id='word_1_184' title='bbox 973 3349 1334 3444; x_wconf 90' lang='lat' dir='ltr'>Philippus</span> <span class='ocrx_word' id='word_1_185' title='bbox 1367 3348 1459 3422; x_wconf 90' lang='lat' dir='ltr'>de</span> <span class='ocrx_word' id='word_1_186' title='bbox 1487 3348 1903 3439; x_wconf 80' lang='lat' dir='ltr'>HohenvelS‚</span> <span class='ocrx_word' id='word_1_187' title='bbox 1942 3357 2013 3421; x_wconf 91' lang='lat' dir='ltr'>et</span> <span class='ocrx_word' id='word_1_188' title='bbox 2049 3349 2165 3420; x_wconf 90' lang='lat' dir='ltr'>alii</span> <span class='ocrx_word' id='word_1_189' title='bbox 2202 3350 2670 3443; x_wconf 87' lang='lat' dir='ltr'>quamplures.</span> 
     </span>
    </p>

    <p class='ocr_par' dir='ltr' id='par_1_5' title="bbox 677 3469 3500 3690">
     <span class='ocr_line' id='line_1_24' title="bbox 770 3469 3500 3565; baseline 0.001 -21"><span class='ocrx_word' id='word_1_190' title='bbox 770 3472 1064 3565; x_wconf 87' lang='lat' dir='ltr'>Signum</span> <span class='ocrx_word' id='word_1_191' title='bbox 1107 3471 1371 3543; x_wconf 91' lang='lat' dir='ltr'>domini</span> <span class='ocrx_word' id='word_1_192' title='bbox 1419 3472 1633 3544; x_wconf 89' lang='lat' dir='ltr'>nostri</span> <span class='ocrx_word' id='word_1_193' title='bbox 1682 3470 2013 3543; x_wconf 87' lang='lat' dir='ltr'>Friderici</span> <span class='ocrx_word' id='word_1_194' title='bbox 2064 3469 2391 3560; x_wconf 88' lang='lat' dir='ltr'>secundi,</span> <span class='ocrx_word' id='word_1_195' title='bbox 2440 3473 2567 3543; x_wconf 89' lang='lat' dir='ltr'>Dei</span> <span class='ocrx_word' id='word_1_196' title='bbox 2615 3471 2831 3564; x_wconf 88' lang='lat' dir='ltr'>gratia</span> <span class='ocrx_word' id='word_1_197' title='bbox 2874 3472 3303 3544; x_wconf 86' lang='lat' dir='ltr'>invictissimi</span> <span class='ocrx_word' id='word_1_198' title='bbox 3356 3475 3500 3546; x_wconf 91' lang='lat' dir='ltr'>Ro-</span> 
     </span>
     <span class='ocr_line' id='line_1_25' title="bbox 677 3594 3187 3690; baseline 0 -25"><span class='ocrx_word' id='word_1_199' title='bbox 677 3614 1038 3668; x_wconf 89' lang='lat' dir='ltr'>manorum</span> <span class='ocrx_word' id='word_1_200' title='bbox 1073 3594 1502 3690; x_wconf 89' lang='lat' dir='ltr'>imperatoris</span> <span class='ocrx_word' id='word_1_201' title='bbox 1537 3615 1811 3688; x_wconf 90' lang='lat' dir='ltr'>semper</span> <span class='ocrx_word' id='word_1_202' title='bbox 1842 3595 2154 3687; x_wconf 83' lang='lat' dir='ltr'>augusti,</span> <span class='ocrx_word' id='word_1_203' title='bbox 2196 3596 2571 3668; x_wconf 83' lang='lat' dir='ltr'>Jerusalem</span> <span class='ocrx_word' id='word_1_204' title='bbox 2609 3607 2678 3668; x_wconf 90' lang='lat' dir='ltr'>et</span> <span class='ocrx_word' id='word_1_205' title='bbox 2718 3596 2945 3668; x_wconf 92' lang='lat' dir='ltr'>Sicilie</span> <span class='ocrx_word' id='word_1_206' title='bbox 2977 3598 3187 3689; x_wconf 83' lang='lat' dir='ltr'>regis.</span> 
     </span>
    </p>

    <p class='ocr_par' dir='ltr' id='par_1_6' title="bbox 678 3717 3503 4307">
     <span class='ocr_line' id='line_1_26' title="bbox 774 3717 3502 3806; baseline 0 -15"><span class='ocrx_word' id='word_1_207' title='bbox 774 3717 948 3791; x_wconf 91' lang='lat' dir='ltr'>Acta</span> <span class='ocrx_word' id='word_1_208' title='bbox 1023 3729 1186 3791; x_wconf 89' lang='lat' dir='ltr'>sunt</span> <span class='ocrx_word' id='word_1_209' title='bbox 1252 3718 1384 3791; x_wconf 89' lang='lat' dir='ltr'>hec</span> <span class='ocrx_word' id='word_1_210' title='bbox 1441 3739 1626 3791; x_wconf 90' lang='lat' dir='ltr'>anno</span> <span class='ocrx_word' id='word_1_211' title='bbox 1696 3717 2040 3791; x_wconf 91' lang='lat' dir='ltr'>dominice</span> <span class='ocrx_word' id='word_1_212' title='bbox 2090 3719 2577 3792; x_wconf 89' lang='lat' dir='ltr'>incarnationis</span> <span class='ocrx_word' id='word_1_213' title='bbox 2622 3720 2714 3791; x_wconf 92' lang='lat' dir='ltr'>M.</span> <span class='ocrx_word' id='word_1_214' title='bbox 2743 3719 2868 3790; x_wconf 91' lang='lat' dir='ltr'>CC.</span> <span class='ocrx_word' id='word_1_215' title='bbox 2891 3719 3216 3806; x_wconf 89' lang='lat' dir='ltr'>XXXVI,</span> <span class='ocrx_word' id='word_1_216' title='bbox 3266 3741 3502 3791; x_wconf 90' lang='lat' dir='ltr'>mense</span> 
     </span>
     <span class='ocr_line' id='line_1_27' title="bbox 678 3840 3503 3937; baseline 0 -25"><span class='ocrx_word' id='word_1_217' title='bbox 678 3841 874 3932; x_wconf 90' lang='lat' dir='ltr'>maii,</span> <span class='ocrx_word' id='word_1_218' title='bbox 916 3862 1099 3914; x_wconf 91' lang='lat' dir='ltr'>none</span> <span class='ocrx_word' id='word_1_219' title='bbox 1144 3841 1575 3931; x_wconf 91' lang='lat' dir='ltr'>indictionis,</span> <span class='ocrx_word' id='word_1_220' title='bbox 1623 3841 2007 3935; x_wconf 89' lang='lat' dir='ltr'>imperante</span> <span class='ocrx_word' id='word_1_221' title='bbox 2052 3840 2334 3913; x_wconf 92' lang='lat' dir='ltr'>domino</span> <span class='ocrx_word' id='word_1_222' title='bbox 2385 3851 2616 3914; x_wconf 89' lang='lat' dir='ltr'>nostro</span> <span class='ocrx_word' id='word_1_223' title='bbox 2669 3842 3047 3932; x_wconf 85' lang='lat' dir='ltr'>Friderico,</span> <span class='ocrx_word' id='word_1_224' title='bbox 3109 3843 3232 3914; x_wconf 93' lang='lat' dir='ltr'>Dei</span> <span class='ocrx_word' id='word_1_225' title='bbox 3283 3843 3503 3937; x_wconf 90' lang='lat' dir='ltr'>gratia</span> 
     </span>
     <span class='ocr_line' id='line_1_28' title="bbox 678 3965 3502 4060; baseline 0 -23"><span class='ocrx_word' id='word_1_226' title='bbox 678 3965 1138 4039; x_wconf 86' lang='lat' dir='ltr'>Romanorum</span> <span class='ocrx_word' id='word_1_227' title='bbox 1187 3966 1599 4060; x_wconf 91' lang='lat' dir='ltr'>imperatore</span> <span class='ocrx_word' id='word_1_228' title='bbox 1634 3986 1904 4058; x_wconf 91' lang='lat' dir='ltr'>semper</span> <span class='ocrx_word' id='word_1_229' title='bbox 1956 3974 2282 4059; x_wconf 88' lang='lat' dir='ltr'>augusto,</span> <span class='ocrx_word' id='word_1_230' title='bbox 2323 3966 2694 4038; x_wconf 83' lang='lat' dir='ltr'>Jerusalem</span> <span class='ocrx_word' id='word_1_231' title='bbox 2745 3974 2815 4037; x_wconf 91' lang='lat' dir='ltr'>et</span> <span class='ocrx_word' id='word_1_232' title='bbox 2859 3965 3087 4038; x_wconf 91' lang='lat' dir='ltr'>Sicilie</span> <span class='ocrx_word' id='word_1_233' title='bbox 3122 3986 3317 4057; x_wconf 84' lang='lat' dir='ltr'>rege,</span> <span class='ocrx_word' id='word_1_234' title='bbox 3358 3967 3502 4037; x_wconf 89' lang='lat' dir='ltr'>Ro-</span> 
     </span>
     <span class='ocr_line' id='line_1_29' title="bbox 679 4087 3501 4187; baseline -0.001 -26"><span class='ocrx_word' id='word_1_235' title='bbox 679 4088 865 4161; x_wconf 90' lang='lat' dir='ltr'>mani</span> <span class='ocrx_word' id='word_1_236' title='bbox 919 4087 1191 4183; x_wconf 91' lang='lat' dir='ltr'>imperii</span> <span class='ocrx_word' id='word_1_237' title='bbox 1244 4090 1396 4181; x_wconf 87' lang='lat' dir='ltr'>ejus</span> <span class='ocrx_word' id='word_1_238' title='bbox 1449 4110 1633 4162; x_wconf 91' lang='lat' dir='ltr'>anno</span> <span class='ocrx_word' id='word_1_239' title='bbox 1682 4089 1866 4161; x_wconf 85' lang='lat' dir='ltr'>XVII</span> <span class='ocrx_word' id='word_1_240' title='bbox 1901 4088 2028 4187; x_wconf 84' lang='lat' dir='ltr'>(a),</span> <span class='ocrx_word' id='word_1_241' title='bbox 2075 4090 2447 4163; x_wconf 89' lang='lat' dir='ltr'>Jerusalem</span> <span class='ocrx_word' id='word_1_242' title='bbox 2500 4090 2595 4161; x_wconf 86' lang='lat' dir='ltr'>XI</span> <span class='ocrx_word' id='word_1_243' title='bbox 2605 4142 2624 4179; x_wconf 88' lang='lat'>,</span> <span class='ocrx_word' id='word_1_244' title='bbox 2677 4090 2872 4181; x_wconf 88' lang='lat' dir='ltr'>regni</span> <span class='ocrx_word' id='word_1_245' title='bbox 2923 4109 3089 4161; x_wconf 90' lang='lat' dir='ltr'>vero</span> <span class='ocrx_word' id='word_1_246' title='bbox 3128 4090 3280 4182; x_wconf 91' lang='lat' dir='ltr'>ejus</span> <span class='ocrx_word' id='word_1_247' title='bbox 3324 4088 3501 4159; x_wconf 87' lang='lat' dir='ltr'>Sici-</span> 
     </span>
     <span class='ocr_line' id='line_1_30' title="bbox 679 4209 1927 4307; baseline 0.002 -25"><span class='ocrx_word' id='word_1_248' title='bbox 679 4211 771 4284; x_wconf 92' lang='lat' dir='ltr'>lie</span> <span class='ocrx_word' id='word_1_249' title='bbox 804 4211 1122 4286; x_wconf 83' lang='lat' dir='ltr'>XXXVII</span> <span class='ocrx_word' id='word_1_250' title='bbox 1159 4209 1277 4307; x_wconf 82' lang='lat' dir='ltr'>(b),</span> <span class='ocrx_word' id='word_1_251' title='bbox 1325 4212 1635 4285; x_wconf 85' lang='lat' dir='ltr'>feliciter.</span> <span class='ocrx_word' id='word_1_252' title='bbox 1677 4212 1927 4285; x_wconf 88' lang='lat' dir='ltr'>Amen.</span> 
     </span>
    </p>

    <p class='ocr_par' dir='ltr' id='par_1_7' title="bbox 780 4330 3223 4434">
     <span class='ocr_line' id='line_1_31' title="bbox 780 4330 3223 4434; baseline 0 -27"><span class='ocrx_word' id='word_1_253' title='bbox 780 4330 1116 4432; x_wconf 84' lang='lat' dir='ltr'>[Datum]</span> <span class='ocrx_word' id='word_1_254' title='bbox 1151 4334 1342 4431; x_wconf 88' lang='lat' dir='ltr'>apud</span> <span class='ocrx_word' id='word_1_255' title='bbox 1372 4336 1822 4431; x_wconf 86' lang='lat' dir='ltr'>Herhipolim,</span> <span class='ocrx_word' id='word_1_256' title='bbox 1854 4358 2065 4429; x_wconf 91' lang='lat' dir='ltr'>anno,</span> <span class='ocrx_word' id='word_1_257' title='bbox 2108 4358 2368 4430; x_wconf 88' lang='lat' dir='ltr'>mense,</span> <span class='ocrx_word' id='word_1_258' title='bbox 2401 4337 2776 4410; x_wconf 86' lang='lat' dir='ltr'>indictione</span> <span class='ocrx_word' id='word_1_259' title='bbox 2808 4337 3223 4434; x_wconf 88' lang='lat' dir='ltr'>prescriptis.</span> 
     </span>
    </p>
   </div>
   <div class='ocr_carea' id='block_1_3' title="bbox 763 4507 1654 4696">
    <p class='ocr_par' dir='ltr' id='par_1_8' title="bbox 763 4507 1654 4696">
     <span class='ocr_line' id='line_1_32' title="bbox 763 4507 1489 4589; baseline 0.006 -19"><span class='ocrx_word' id='word_1_260' title='bbox 763 4507 850 4589; x_wconf 81' lang='lat' dir='ltr'>(a)</span> <span class='ocrx_word' id='word_1_261' title='bbox 892 4511 1076 4573; x_wconf 83' lang='lat' dir='ltr'>Recte</span> <span class='ocrx_word' id='word_1_262' title='bbox 1100 4517 1300 4573; x_wconf 79' lang='lat' dir='ltr'>autem</span> <span class='ocrx_word' id='word_1_263' title='bbox 1325 4512 1489 4574; x_wconf 81' lang='lat' dir='ltr'>XVI.</span> 
     </span>
     <span class='ocr_line' id='line_1_33' title="bbox 767 4613 1654 4696; baseline 0.006 -21"><span class='ocrx_word' id='word_1_264' title='bbox 767 4613 848 4696; x_wconf 84' lang='lat' dir='ltr'>(b)</span> <span class='ocrx_word' id='word_1_265' title='bbox 889 4616 1072 4679; x_wconf 76' lang='lat' dir='ltr'>necte</span> <span class='ocrx_word' id='word_1_266' title='bbox 1096 4623 1296 4680; x_wconf 85' lang='lat' dir='ltr'>autem</span> <span class='ocrx_word' id='word_1_267' title='bbox 1320 4617 1654 4684; x_wconf 70' lang='lat' dir='ltr'>XXXVIII.</span> 
     </span>
    </p>
   </div>
  </div>
 </body>
</html>
