4500 5956
1549 559 1804 619 INDEX
1854 558 2544 621 DOCUMENTORUM.
3306 557 3453 620 1001

627 868 722 948 ’13
760 905 896 950 nov.
1063 884 1242 961 Apud
1402 917 1480 931 —
1520 886 1867 948 Rectoribus
1902 894 1962 948 et
1997 888 2367 948 universitati
2401 889 2707 947 civitatum
2747 886 3041 946 societatis
3066 884 3458 946 Lombardiae

987 980 1316 1058 Esslingen.
1476 982 1824 1043 Anselmum
1843 983 1918 1043 de
1930 984 1968 1044 J
1969 988 2241 1062 astiagen
2254 984 2674 1044 marescalcum
2691 988 2751 1042 et
2767 982 3102 1042 Walterum
3120 982 3196 1042 de
3213 982 3453 1042 Thann-

1477 1076 1620 1155 berg
1643 1079 2014 1155 capellanum
2042 1096 2217 1140 suum
2265 1081 2506 1139 nuntios
2545 1081 2755 1151 mittit,
2793 1093 3040 1138 monens
3082 1085 3152 1138 ut
3193 1080 3280 1137 eis
3319 1084 3453 1139 tan·

1478 1192 1661 1252 quam
1686 1177 1798 1237 sibi
1820 1180 1933 1253 ipsi
1958 1175 2137 1238 iidem
2165 1180 2229 1237 in
2255 1177 2530 1238 omnibus
2549 1176 2887 1237 adhibeant.
3165 1184 3304 1248 694,
3337 1186 3452 1237 695

656 1281 726 1333 13
761 1289 902 1336 nov.
1068 1269 1247 1347 Apud
1399 1303 1481 1317 —
1521 1272 1870 1333 Rectoribus
1905 1280 1965 1334 et
2001 1275 2368 1334 universitati
2395 1276 2705 1334 civitatum
2738 1273 3033 1332 societatis
3071 1272 3455 1333 Lombardiae

985 1366 1316 1447 Esslingen.
1478 1372 1718 1431 nuntios
1748 1386 1886 1430 suos
1913 1370 2287 1430 commendat
2308 1411 2327 1443 ‚
2354 1369 2500 1430 dum
2522 1369 2665 1429 velit
2688 1368 2978 1445 quidquid
3011 1371 3237 1446 egerint
3259 1376 3454 1429 ratum

1477 1466 1721 1541 habere,
1765 1473 1827 1528 et
1869 1469 2096 1528 nuntiis
2138 1483 2292 1544 quos
2332 1467 2410 1527 ad
2454 1483 2519 1527 se
2559 1468 2818 1526 vicissim
2864 1464 3180 1526 Lombardi
3224 1467 3456 1526 mittere

1477 1562 1900 1638 disposuerint,
1941 1564 2175 1624 salvum
2211 1565 2277 1622 in
2304 1566 2470 1623 exitu
2511 1570 2572 1622 et
2603 1578 2867 1640 regressu
2905 1562 3262 1622 conductum
3304 1579 3454 1639 pro-

1477 1660 1681 1719 mittit.
2351 1669 2363 1681 “
3337 1667 3452 1720 695

671 1761 739 1812 14
764 1769 903 1815 nov.
1063 1753 1242 1829 Apud
1399 1788 1481 1801 -
1518 1756 1758 1817 Nuntiis
1812 1758 1937 1817 suis
1986 1756 2337 1832 supradictis
2387 1758 2796 1817 auctoritatem
2848 1755 3113 1815 concedit
3165 1756 3453 1817 tractandi

987 1848 1320 1928 Esslingen.
1478 1854 1891 1932 concordiam,
1920 1855 2262 1914 securitates
2293 1853 2475 1914 dandi
2509 1858 2571 1912 et
2612 1853 2966 1928 recipiendi,
2991 1853 3237 1929 jurandi
3275 1856 3454 1915 etiam

1479 1953 1544 2009 in
1585 1953 1786 2011 anima
1820 1967 1930 2011 sua
1966 1955 2028 2010 et
2061 1953 2398 2026 ,iuramenta
2436 1949 2785 2025 recipiendi,
2832 1952 3032 2009 omnia
3068 1949 3324 2027 denique
3364 1950 3455 2010 fa-

1479 2048 1671 2107 ciendi
1702 2064 1855 2125 quae
1877 2048 1990 2108 sibi
2018 2045 2187 2106 utilia
2213 2045 2593 2107 videbuntur.
3340 2055 3456 2107 696

656 2146 724 2197 17
764 2154 904 2200 nov.
1067 2138 1246 2215 Apud
1403 2175 1481 2188 —
1519 2144 1786 2204 Mentem
1811 2144 2039 2204 dictum
2065 2142 2469 2220 Waltersberg
2494 2159 2532 2202 a
2557 2141 2824 2202 Conrado
2851 2140 3127 2202 Schuelin
3153 2142 3228 2203 de
3252 2142 3457 2203 Birin-

935 2231 1307 2315 Baiiemburg
1316 2244 1377 2297 et
1480 2258 1596 2321 gen
1626 2242 1908 2303 stati-ibus
1934 2243 2011 2304 de
2033 2242 2274 2302 Alnveit
2297 2242 2658 2319 resignatum
2672 2284 2689 2313 ‚
2719 2241 2949 2317 sibique
2977 2239 3054 2300 ab
3077 2242 3223 2318 ipsis
3253 2241 3457 2301 fratri-

961 2330 1348 2410 Herbipolim.
1481 2340 1597 2401 bus
1631 2340 2049 2413 contraditum,
2077 2341 2139 2398 in
2164 2340 2266 2416 jus
2291 2345 2352 2398 et
2377 2342 2791 2415 proprietatem
2819 2338 3098 2399 ecclesiae
3123 2337 3198 2398 de
3225 2338 3461 2398 Schen-

1479 2438 1602 2498 tbal
1630 2437 1811 2499 libere
1834 2443 1896 2498 et
1919 2436 2187 2498 absolute
2213 2436 2464 2497 confert.
3339 2444 3457 2497 696

657 2533 729 2584 18
763 2540 904 2585 nov·
992 2524 1317 2603 Herblpoll·
1401 2566 1481 2579 —
1518 2534 1775 2605 Clarum,
1794 2534 2208 2594 ministeriales
2229 2539 2292 2593 et
2314 2535 2475 2593 cives
2497 2533 2941 2609 Herbipolenses
2957 2536 3018 2592 in
3040 2537 3457 2610 protectionem

1479 2631 1789 2707 specialem
1817 2632 2122 2707 recipiens,
2153 2635 2507 2706 protestatur
2546 2628 2709 2705 quod
2750 2631 3162 2704 promissiones
3196 2635 3257 2690 et
3282 2634 3453 2707 jura-

1480 2733 1680 2787 menta
1716 2727 1797 2788 ad
1842 2728 2128 2786 honorem
2172 2728 2495 2801 majestatis
2537 2727 2731 2803 regiae
2772 2730 2833 2785 et
2870 2726 3198 2801 specialiter
3234 2728 3456 2788 intuitu

1480 2839 1759 2900 personae
1792 2839 1936 2884 suae
1960 2822 2140 2900 facta,
2167 2837 2476 2899 nunquam
2503 2821 2659 2881 ultra
2694 2823 3012 2881 instantem
3048 2825 3455 2883 necessitatem

1479 2920 1778 2983 extendet.
3165 2928 3305 2993 697,
3337 2928 3454 2981 698

656 3016 723 3068 21
765 3025 902 3071 nov·
1043 3013 1273 3091 Houge.
1402 3048 1482 3062 —
1521 3017 1620 3077 Ad
1645 3017 1946 3095 querelam
1977 3017 2301 3077 Hermanni
2336 3015 2774 3092 Herbipolensis
2788 3018 3066 3093 episcopi,
3088 3017 3338 3079 diversis
3354 3021 3458 3095 ju-

1483 3114 1649 3175 ribus
1685 3116 1748 3173 in
1793 3113 1952 3173 villis
1991 3111 2448 3188 Damphesdorf,
2486 3110 2762 3189 Urheim,
2803 3113 3149 3186 Bernheim,
3186 3120 3328 3186 etc„
3366 3131 3461 3175 re-

1483 3209 1773 3271 nuncians
1791 3252 1809 3281 ,
1841 3209 2164 3271 Wilbeimo
2188 3207 2265 3268 de
2290 3208 2632 3284 Wimpina,
2668 3207 2986 3288 butiglario
3011 3210 3086 3270 de
3110 3211 3463 3290 Nurimberg

1482 3313 1545 3366 et
1568 3307 1700 3368 aliis
1727 3306 1992 3366 scultetis
2016 3305 2240 3364 ibidem
2267 3303 2588 3382 designatis
2612 3307 2893 3382 praecipit
2916 3312 2988 3367 ut
3012 3306 3090 3367 ab
3123 3309 3287 3367 omni
3325 3323 3462 3385 gra-

1483 3405 1723 3464 vamine
1748 3402 2101 3462 abstineant.
3171 3410 3314 3482 699,
3345 3413 3460 3465 700

657 3497 730 3549 28
767 3505 908 3551 nov.
994 3495 1068 3554 In
1093 3496 1333 3556 civitate
1405 3530 1487 3543 -
1524 3498 1820 3559 Ecclesiae
1837 3499 2038 3560 Sancti
2054 3497 2347 3559 Jobannis
2362 3499 2426 3557 in
2442 3497 2653 3575 Houge
2669 3498 3099 3559 ordinationem
3112 3500 3462 3561 Embricho·

997 3590 1321 3670 Herbipoli.
1483 3596 1578 3656 nis
1601 3595 2080 3672 wirzburgensis
2110 3595 2253 3654 olim
2288 3597 2547 3671 episcopi
2586 3611 2745 3654 anno
2776 3604 2928 3656 1130
2963 3601 3246 3657 statutam
3286 3614 3459 3658 reno·

1483 3689 1682 3751 vando
1701 3689 2033 3763 confirmat,
2054 3693 2117 3749 vi
2138 3693 2313 3767 cujus
2331 3706 2608 3749 excessus
2634 3689 3000 3767 Regenbardi
3016 3692 3091 3751 de
3105 3693 3258 3752 Ense
3276 3694 3457 3753 advo-

1485 3790 1603 3848 cati
1628 3787 1923 3864 praefatae
1940 3788 2217 3848 ecclesiae
2233 3789 2296 3846 in
2313 3787 2470 3846 viliis
2484 3786 2731 3846 diversis
2758 3795 3159 3867 removentur,
3173 3795 3288 3851 etc.
3342 3800 3449 3851 701

658 3883 725 3935 21
764 3876 894 3938 dec.
965 3883 1082 3960 Ap.
1103 3881 1359 3960 spiram.
1402 3913 1486 3932 --
1525 3884 1768 3946 Civibus
1794 3883 2172 3960 Spirensibus
2195 3883 2620 3959 amplissimum
2655 3883 2936 3943 Fridcrici
2959 3886 2989 3945 1
3014 3886 3088 3944 de
3116 3903 3271 3947 anno
3307 3896 3459 3949 1182

1488 3991 1563 4043 2⁴1
1595 3984 1735 4043 maii
1760 3983 2157 4060 privilegium,
2188 3998 2310 4058 quo
2334 3981 2555 4041 eisdem
2582 3980 2882 4042 libertates
2907 3989 2969 4043 et
2991 3989 3192 4046 omnia
3210 3989 3353 4063 jura
3386 3987 3464 4048 ab

1486 4081 1742 4140 Henrico
1768 4077 1821 4137 V
1858 4094 2138 4139 concessa
2161 4083 2521 4138 renovantur
2543 4083 2605 4137 et
2641 4079 3020 4154 ampliantur,
3063 4088 3310 4143 renovat
3342 4082 3460 4143 de-

665 4143 886 4220 1255
1485 4193 1609 4236 nuo
1634 4182 1696 4236 et
1715 4174 2045 4236 confirmat.
3339 4188 3455 4241 708

665 4279 733 4331 15
757 4276 888 4349 jan.
1077 4268 1256 4345 Apud
1407 4305 1487 4319 —
1526 4273 1623 4334 Ad
1649 4289 1850 4350 preces
1878 4275 2246 4351 Margaretae
2274 4274 2565 4333 consortis
2608 4288 2781 4345 suae,
2818 4273 3017 4333 abbati
3050 4279 3112 4333 et
3140 4279 3460 4337 conventui

963 4365 1357 4442 Wlmpinam.
1484 4368 1560 4428 de
1584 4367 1907 4428 Schontbal
1941 4366 2340 4428 cisterciensis
2365 4366 2589 4427 ordinis
2621 4366 2777 4427 hanc
2813 4371 3061 4446 gratiam
3100 4370 3368 4451 indulget
3392 4378 3463 4433 ut

1484 4466 1686 4524 omnia
1716 4462 1876 4524 bona
1906 4478 2063 4539 quae
2096 4463 2318 4525 habent
2349 4465 2445 4524 vel
2478 4464 2720 4540 adipisci
2755 4471 3032 4542 poterunt
3066 4469 3129 4528 in
3168 4467 3311 4530 locis
3346 4470 3460 4532 sibi

1484 4560 1818 4620 immediate
1843 4560 2293 4635 pertinentibus,
2320 4560 2398 4621 ab
2429 4561 2703 4621 omnibus
2730 4564 2985 4624 servitiis
3011 4580 3165 4641 quae
3191 4564 3304 4625 sibi
3331 4566 3459 4626 dari

1483 4656 1674 4718 solent
1698 4656 1879 4717 libera
1904 4659 2042 4719 sint.
3152 4661 3153 4666 ’
3341 4671 3454 4724 712

799 4760 907 4824 IV.
947 4776 1149 4825 rma.
3023 4776 3139 4828 126
