4500 5956
630 654 825 717 lunrcr.
861 640 948 736 5.]
1536 650 1928 715 HISTORIA
1983 652 2566 715 DIPLOMATICA.
3307 644 3312 651 ’
3341 654 3460 716 565

733 1160 1106 1246 Henricus
1118 1225 1143 1266 ,
1180 1162 1707 1273 Romanorum
1742 1192 1916 1273 rex,
1959 1166 2324 1277 Gregorio
2358 1192 2601 1276 papae
2635 1166 2937 1249 nuntiat
2990 1191 3071 1249 se
3124 1173 3457 1275 sponta-

637 1319 769 1376 nee
795 1294 1176 1403 juravisse
1211 1298 1419 1407 quod
1455 1298 1835 1408 quidquid
1887 1310 1962 1381 et
2014 1300 2312 1409 quoties
2365 1303 2775 1409 imperator
2824 1308 3038 1408 pater
3088 1325 3273 1381 suus
3325 1323 3459 1381 ore

639 1425 747 1508 vel
783 1427 1056 1511 litteris
1091 1430 1567 1513 mandaverit
1602 1431 2033 1514 faciendum
2052 1493 2076 1539 ,
2116 1432 2197 1515 id
2231 1431 2655 1515 voluntarie
2689 1442 2761 1516 et
2797 1432 2999 1516 bona
3043 1431 3193 1515 fide
3222 1458 3452 1516 com—

641 1557 866 1666 plebit
880 1622 903 1666 ,
937 1571 1081 1643 etc.

794 1774 1127 1854 (Memorat.
1159 1779 1223 1837 in
1253 1777 1551 1839 Summar.
1597 1776 1865 1861 privileq.
1897 1778 2058 1842 Eccl.
2091 1781 2284 1857 Rom„
2324 1798 2399 1842 ex
2445 1782 2580 1844 cod.
2611 1780 2775 1843 card.
2806 1779 3121 1858 ottoboni,
3149 1796 3247 1859 ap.
3273 1780 3454 1842 Mn·

868 1899 1045 1957 rm,
1077 1880 1351 1963 Ampliss.
1380 1881 1620 1958 collect„
1652 1893 1700 1946 t.
1731 1887 1816 1965 11,
1839 1888 1955 1948 col.
1989 1886 2193 1965 12⁴8.)

728 2068 974 2142 Littera
1006 2071 1282 2143 Henrici
1314 2074 1496 2167 regis
1531 2072 1996 2146 Romanorum
2034 2073 2318 2147 domino
2354 2073 2678 2166 Gregorio
2711 2095 2892 2168 pape
2926 2072 3182 2145 directa
3193 2127 3448 2144 .....

642 2244 957 2264 ......
1012 2195 1367 2268 continens
1413 2195 1608 2291 quod
1653 2197 1841 2270 idem
1880 2219 2004 2271 rex
2039 2196 2321 2271 domino
2359 2219 2539 2293 pape
2571 2206 2812 2269 notum
2861 2197 3023 2268 facit
3069 2196 3260 2291 quod
3306 2197 3457 2292 ipse

636 2325 815 2387 motu
850 2318 1127 2412 proprio
1169 2328 1237 2391 et
1285 2329 1667 2416 spontanea
1706 2321 2065 2393 voluntate
2099 2321 2366 2414 juravit
2408 2319 2602 2415 quod
2642 2319 2989 2415 quidquid
3033 2329 3103 2392 et
3135 2321 3454 2414 quotiens

637 2438 950 2512 dominus
1002 2441 1413 2517 Fredericus
1470 2445 1932 2517 Romanorum
1992 2446 2390 2541 imperator,
2443 2466 2572 2517 rex
2633 2445 3006 2517 Jerusalem
3068 2453 3138 2515 et
3186 2445 3448 2538 Sicilie,

631 2574 815 2656 pater
850 2589 1045 2657 suus,
1086 2589 1248 2639 cum
1278 2567 1524 2642 eodem
1567 2589 1731 2661 rege
1768 2571 2084 2665 disponet
2117 2571 2231 2643 vel
2272 2591 2393 2643 ore
2427 2591 2557 2643 suo
2591 2578 2712 2641 aut
2742 2568 2984 2640 litteris
3022 2568 3454 2643 mandaverit

635 2688 1048 2781 faciendum,
1082 2693 1230 2783 ipse
1255 2715 1383 2767 rex
1410 2693 1798 2766 voluntarie
1824 2704 1894 2767 et
1920 2695 2103 2767 hona
2136 2693 2276 2767 fide
2301 2694 2695 2790 complebit,
2732 2702 2800 2765 et
2825 2691 3019 2787 quod
3049 2713 3185 2764 non
3215 2694 3345 2764 erit
3379 2694 3452 2764 in

634 2810 834 2904 dicto,
870 2817 1184 2908 consilio,
1224 2819 1408 2892 facto
1435 2819 1547 2892 vel
1590 2840 1928 2892 consensu
1969 2829 2090 2892 aut
2127 2819 2371 2892 litteris
2397 2818 2697 2914 publicis
2733 2812 2848 2889 vel
2887 2816 3169 2889 occultis
3201 2837 3451 2912 procu·

632 2938 801 3012 rabit
828 2939 1093 3036 aliquid
1124 2943 1239 3017 vel
1276 2943 1657 3039 quidquam
1686 2944 1890 3018 faciet
1923 2944 2115 3040 quod
2146 2943 2237 3017 ad
2279 2941 2797 3016 incommodum
2831 2951 2898 3014 et
2933 2941 3257 3015 damnum
3286 2963 3449 3037 per-

634 3080 788 3137 sone
836 3086 1004 3150 sue,
1051 3074 1263 3158 terre,
1311 3066 1617 3159 honoris,
1665 3068 2017 3162 dignitatis
2058 3068 2279 3163 ipsius
2325 3069 2537 3162 patris
2583 3059 2804 3139 cedat.
2860 3067 2946 3137 Et
2988 3064 3047 3136 si
3094 3066 3341 3160 aliquis
3385 3067 3451 3138 ei

635 3186 1009 3281 quidquam
1045 3199 1284 3264 contra
1317 3190 1544 3284 ipsum
1574 3202 1832 3285 patrem
1871 3201 2193 3286 suggeret
2228 3192 2505 3287 publice
2539 3191 2654 3263 vel
2689 3191 2982 3281 occulte,
3018 3188 3245 3262 eidem
3280 3191 3452 3284 patri

636 3312 1146 3404 suggerentium
1182 3314 1420 3385 talium
1455 3314 1801 3387 nuntiabit
1832 3324 1903 3387 et
1937 3316 2322 3388 nominabit
2353 3337 2708 3411 personas.

721 3429 1011 3531 [Datum
1053 3435 1245 3532 apud
1288 3437 1678 3510 Sibidatum
1726 3439 1800 3510 in
1851 3440 2025 3512 Foro
2082 3440 2287 3531 Iulii,
2328 3462 2513 3513 anno
2568 3439 2914 3514 dominice
2966 3434 3454 3512 incarnationis

640 3555 719 3629 Μ.
750 3557 874 3630 CC.
906 3560 1164 3631 XXXII
1178 3614 1201 3654 ,
1239 3584 1478 3635 mense
1514 3563 1788 3680 aprilis,
1823 3564 1886 3636 V
1922 3562 2319 3638 indictionis
2347 3560 2515 3662 (4).]

2906 3837 3020 3849 -..-

652 4039 655 4044 ³
730 4082 1139 4192 HenricuS,
1181 4084 1702 4170 Romanorum
1755 4071 1947 4192 rex,
1968 4084 2225 4169 abbati
2264 4083 2554 4191 [Sancti
2609 4083 2942 4194 Georgii]
2979 4084 3192 4193 apud
3240 4080 3449 4165 Stein

641 4214 875 4324 [super
908 4217 1318 4326 Rhenum],
1378 4219 1479 4301 ad
1532 4219 2030 4302 imitationem
2076 4217 2134 4301 F
2136 4217 2437 4301 riderici
2469 4217 2947 4327 imperatoris
2999 4217 3241 4326 patris
3295 4216 3444 4325 sui,

706 4481 771 4555 (4)
804 4483 975 4540 Notae
1014 4484 1419 4558 chronologicae
1441 4484 1661 4543 omnino
1687 4485 1901 4543 desunt.
1931 4486 2180 4559 Inspecta
2215 4490 2399 4542 tamen
2434 4500 2599 4558 quam
2637 4500 2802 4558 supra
2826 4485 3001 4542 denuo
3026 4482 3289 4540 edidimus
3309 4482 3453 4539 Gre-

644 4577 762 4646 gorii
786 4595 960 4653 papae
982 4581 1229 4654 epistola,
1244 4598 1303 4656 p.
1330 4583 1456 4653 ⁴7⁴,
1477 4582 1609 4638 nihil
1633 4581 1782 4638 dubii
1805 4588 2053 4657 superest
2079 4581 2209 4656 quin
2235 4583 2368 4640 istae
2390 4583 2612 4640 eaedem
2639 4582 2749 4639 sint
2773 4582 2916 4654 regis
2931 4581 3140 4638 litterae
3161 4580 3230 4636 de
3253 4579 3452 4652 quihus

646 4671 828 4733 ibidem
848 4679 1048 4735 mentio
1070 4677 1147 4735 fit.
1168 4680 1326 4737 Unde
1338 4680 1524 4736 datum
1548 4678 1703 4738 facile
1725 4681 2059 4755 supplemus,
2079 4679 2273 4738 collato
2289 4680 2626 4754 patriarchae
2641 4678 3027 4754 Aquilegiensis
3048 4683 3103 4736 et
3118 4683 3453 4736 caeterorum

649 4769 882 4832 nobilium
904 4775 1292 4849 instrumento,
1321 4778 1466 4852 quod
1497 4794 1694 4853 supra,
1723 4794 1780 4852 p.
1813 4781 1940 4836 325.

3550 1181 3801 1280 Sigffludm
3810 1266 3825 1289 ,

3607 1291 3775 1345 aprina

3620 4108 3746 4205 2⁰⁶

3542 4163 3634 4206 sibi
3696 4169 3822 4217 tum,

3560 4218 3611 4259 17
3637 4219 3807 4271 aprilis.
