4500 5956
638 678 834 738 lxnicr.
866 674 951 760 8.]
1538 676 1930 738 HISTORIA
1981 677 2564 740 DIPLOMATmA.
3342 682 3470 747 745

637 830 760 882 sno
788 808 1168 882 convicerit
1201 819 1661 901 sacramento,
1701 811 2011 883 omnium
2038 812 2376 884 bonorum
2393 815 2827 888 successione
2843 826 2979 889 tam
3017 827 3453 913 paternorum

639 955 848 1026 qnam
917 941 1418 1021 maternorum,
1472 932 1833 1005 mobilium
1902 942 1974 1005 et
2007 933 2504 1026 immobilium,
2582 938 2835 1026 feodis,
2903 942 3315 1036 proprietate
3378 963 3474 1013 ac-

639 1055 1018 1128 hereditate
1047 1052 1141 1127 sit
1174 1063 1506 1151 perpetuo
1542 1056 1694 1150 ipso
1721 1059 1879 1149 jure
1904 1057 2253 1153 privatus;
2304 1058 2400 1130 ita
2443 1061 2638 1153 quod
2668 1084 2795 1133 nec
2830 1063 3040 1157 patris
3090 1087 3219 1136 nec
3251 1065 3468 1137 ullius

634 1178 890 1270 judicis
916 1178 1343 1251 restitutione
1362 1179 1474 1252 vel
1498 1178 1834 1252 beneficio
1866 1181 2009 1251 ullo
2024 1201 2339 1275 unquam
2368 1191 2673 1275 tempore
2692 1185 3014 1278 potiatur.
3057 1187 3269 1259 Filius
3296 1210 3462 1261 vero

642 1304 759 1397 qui
816 1314 1106 1375 mortem
1165 1302 1378 1399 patris
1437 1303 1643 1375 fuerit
1693 1303 2160 1392 machinatus,
2228 1313 2352 1376 aut
2403 1305 2833 1380 vulnerando
2884 1318 3007 1379 aut
3040 1310 3460 1386 vinculando

645 1450 888 1501 manus
917 1427 1255 1500 violentas
1285 1426 1360 1496 in
1398 1448 1561 1498 eum
1589 1427 1938 1519 injecerit,
1979 1428 2036 1497 si
2072 1426 2163 1500 de
2192 1426 2326 1499 hoc
2352 1449 2584 1499 coram
2614 1450 2742 1501 suo
2770 1430 3009 1521 judice
3043 1433 3248 1505 fuerit
3280 1456 3464 1506 con—

645 1551 907 1637 victus,
957 1550 1355 1646 supradicto
1405 1550 1611 1623 modo
1645 1550 1833 1622 omni
1872 1552 2034 1642 jure
2074 1551 2404 1644 omnique
2457 1561 2610 1623 actu
2658 1553 2965 1646 legitimo
2998 1565 3328 1649 perpetuo
3376 1558 3465 1630 sit

646 1676 796 1769 ipso
817 1675 975 1764 jure
1001 1674 1340 1769 privatus,
1362 1672 1556 1767 quod
1590 1674 1806 1763 vulgo
1834 1672 2090 1745 dicitnr
2114 1675 2382 1745 erenlos
2410 1683 2480 1746 et
2501 1675 2782 1763 rehtloS,
2812 1677 3003 1748 nulla
3024 1679 3203 1750 circa
3234 1681 3461 1774 ipsum

647 1798 1077 1871 restitutione
1110 1798 1340 1870 locum
1380 1795 1698 1868 habente.
1742 1797 1978 1868 Testes
2012 1816 2178 1868 vero
2222 1817 2676 1890 quoscunque
2720 1807 2914 1892 pater
2958 1822 3186 1873 coram
3226 1801 3466 1892 judice

648 1920 1013 2016 superbiis
1044 1919 1544 2009 nominaverit,
1601 1939 1739 1991 non
1789 1918 2106 1991 obstante
2148 1920 2745 2013 consanguinitate
2792 1944 2930 2015 qua
2961 1924 3139 2015 patri
3174 1925 3284 1995 vel
3324 1923 3465 1997 filio

650 2053 812 2117 sunt
843 2044 1139 2134 astricti,
1180 2043 1371 2116 omni
1400 2063 1680 2137 prorsus
1711 2042 2252 2115 contradictione
2277 2053 2347 2116 et
2392 2046 2800 2138 exceptione
2840 2047 3307 2136 cessantibus,
3364 2056 3467 2119 te-

650 2176 944 2242 neantur
976 2168 1247 2241 veritati
1307 2168 1774 2241 testimoninm
1812 2167 2197 2261 perhibere.
2233 2167 2440 2251 Quod
2488 2168 2543 2239 si
2605 2170 2993 2260 renuerint,
3056 2181 3386 2264 cogantur
3426 2195 3467 2244 a

646 2293 880 2385 jndice
924 2295 1085 2386 jure
1137 2292 1372 2365 debito
1430 2302 1501 2365 et
1565 2302 1925 2383 consueto,
1990 2287 2123 2364 nisi
2188 2313 2386 2364 suam
2452 2292 2952 2366 declaraverint
3004 2296 3465 2385 ignorantiam

653 2426 1100 2490 sacramento.

696 2590 703 2599 ·
744 2540 1225 2614 Ministeriales
1248 2561 1418 2613 vero
1449 2548 1520 2613 et
1551 2538 1822 2611 servilis
1854 2538 2269 2611 conditionis
2295 2538 2609 2611 homines
2631 2539 2943 2632 ejusdem
2974 2561 3273 2633 quorum
3310 2563 3471 2614 con-

656 2663 808 2737 silio
836 2672 909 2736 et
937 2663 1204 2736 anxilio
1231 2661 1417 2735 filius
1448 2660 1733 2758 aliquod
1763 2663 2180 2757 prefatorum
2212 2663 2548 2734 scelerum
2586 2663 3040 2757 perpetravit,
3082 2684 3312 2736 coram
3342 2687 3469 2737 suo

651 2786 886 2878 jndice
924 2786 1308 2859 secundum
1346 2789 1637 2859 formam
1682 2784 2144 2881 supradictam
2191 2807 2232 2857 a
2282 2795 2474 2881 patre
2508 2786 2806 2857 convicti
2854 2786 3248 2880 supradicte
3297 2810 3471 2883 pene

659 2931 793 3004 que
818 2911 1033 3004 vulgo
1062 2910 1320 2983 dicitur
1353 2910 1623 2983 erenlos
1642 2918 1712 2983 et
1735 2909 2017 2999 rehtloS‚
2047 2917 2381 3005 perpetuo
2406 2909 2863 2981 cuminfamie
2897 2916 3057 2983 nota
3075 2910 3475 3006 subjaceant

660 3035 807 3128 ipso
824 3034 1009 3125 jure.
1034 3033 1282 3106 Contra
1303 3054 1480 3126 quos
1502 3041 1735 3105 tamen
1762 3052 1902 3105 non
1937 3034 2029 3105 ita
2050 3032 2355 3106 districte
2380 3029 2815 3127 procedatur,
2857 3033 2987 3105 nisi
3017 3034 3210 3127 prius
3240 3044 3474 3107 contra

662 3155 873 3229 filium
907 3158 997 3229 sit
1030 3177 1428 3252 processum
1466 3164 1543 3226 ut
1580 3155 1868 3228 maliciis
1897 3165 1967 3227 et
1996 3155 2361 3228 fraudibus
2396 3166 2816 3228 occurratur.

753 3285 936 3355 Sane
982 3303 1223 3353 omnes
1271 3281 1385 3353 alii
1426 3301 1722 3373 quorum
1767 3279 2052 3352 consilio
2089 3289 2157 3350 et
2204 3279 2471 3351 auxilio
2513 3277 2701 3350 filius
2731 3288 2965 3353 contra
3002 3291 3265 3376 patrem
3296 3304 3481 3354 com—

663 3405 957 3493 miserit,
1000 3404 1300 3476 convicti
1328 3424 1453 3499 per
1480 3411 1689 3475 testes
1714 3401 1921 3494 juxta
1954 3404 2244 3475 formam
2278 3401 2655 3498 predictam
2690 3425 2733 3476 a
2754 3403 2993 3496 judice
3030 3406 3102 3477 in
3136 3408 3336 3497 cujus
3363 3408 3481 3498 ju-

661 3528 1055 3601 risdictione
1088 3527 1162 3600 id
1195 3527 1500 3600 evenerit
1525 3525 2037 3621 proscribantur
2061 3551 2080 3613 ;
2124 3546 2254 3596 nec
2286 3526 2733 3598 absolvantur
2758 3549 2801 3599 a
2828 3529 3325 3623 proscriptione
3352 3531 3483 3602 nisi

664 3651 916 3723 damna
948 3671 1187 3722 eorum
1223 3649 1508 3721 consilio
1556 3658 1622 3721 et
1657 3649 1922 3721 auxilio
1968 3649 2157 3721 illata
2208 3650 2698 3744 persolverint,
2756 3652 2934 3744 patri
2992 3651 3064 3721 in
3097 3653 3389 3748 duplum
3416 3665 3486 3726 et

655 3774 877 3865 judici
912 3771 1103 3866 quod
1127 3780 1443 3844 tenentur
1462 3771 1785 3844 videlicet
1806 3780 2044 3844 wette.
2072 3771 2141 3842 Si
2162 3772 2324 3865 quis
2341 3793 2508 3844 vero
2528 3771 2933 3845 eorumdem
2958 3773 3257 3845 vasallus
3275 3777 3488 3867 patris

664 3897 904 3986 suerit,
949 3895 1444 3968 nichilominus
1480 3897 1631 3990 ipso
1654 3898 1816 3988 jure
1867 3906 2197 3990 perpetuo
2235 3895 2438 3968 cadat
2481 3918 2522 3967 a
2569 3893 2796 3967 feodo.
2837 3896 2910 3966 Si
2962 3917 3128 3968 vero
3163 3897 3485 3970 dominus

664 4020 846 4094 idem
882 4019 1166 4093 feodum
1196 4019 1261 4092 ei
1302 4000 1864 4113 quandocunque
1899 4017 2270 4091 restituerit
2290 4072 2310 4109 ,
2352 4016 2779 4088 tantumdem
2812 4017 2901 4088 de
2929 4016 3134 4089 bonis
3168 4020 3314 4090 suis
3348 4020 3485 4092 im-

664 4143 1039 4216 mobilibus
1064 4144 1173 4215 vel
1203 4143 1262 4213 si
1288 4142 1417 4215 hec
1443 4162 1582 4214 non
1607 4142 1928 4214 habuerit
1946 4195 1965 4229 ,
2005 4141 2504 4214 estimationem
2537 4160 2779 4211 eorum
2808 4138 3029 4230 judici
3058 4163 3187 4213 suo
3220 4145 3484 4237 persol-

665 4288 826 4340 vere
860 4273 1205 4339 teneatur.
1235 4266 1311 4336 In
1335 4265 1664 4337 omnibus
1698 4273 1929 4337 tamen
1972 4264 2202 4336 causis
2226 4262 2617 4336 memoratis
2654 4262 2745 4334 sit
2785 4262 3009 4335 omnis
3043 4268 3234 4338 testis
3270 4267 3476 4361 liber,

665 4388 912 4480 integri
945 4399 1169 4461 status
1191 4398 1260 4460 et
1296 4390 1478 4461 bone
1513 4390 1724 4479 fame,
1771 4388 1844 4458 in
1877 4387 2105 4460 causis
2139 4387 2411 4481 parium
2447 4388 2838 4483 principum
2864 4397 2932 4459 et
2973 4389 3294 4479 aliorum,
3333 4393 3484 4467 sive

666 4508 1025 4585 inferiores
1053 4513 1206 4607 ipso
1233 4512 1407 4602 sint,
1452 4512 1658 4583 etiam
1693 4510 2225 4583 ministerialiter
2259 4508 2389 4605 (a).
2441 4510 2915 4583 Ministeriales
2948 4533 3117 4585 vero
3159 4514 3230 4584 in
3264 4516 3488 4588 causis

670 4635 1213 4707 ministerialium
1246 4643 1316 4709 et
1341 4635 1774 4726 inferiorum,
1817 4632 1943 4706 sed
1966 4655 2105 4705 non
2135 4633 2204 4705 in
2240 4632 2466 4705 causis
2500 4633 2916 4724 liberorum;
2962 4636 3202 4709 rustici
3230 4658 3394 4710 vero
3422 4651 3490 4711 et

751 4782 834 4861 (a)
876 4784 947 4844 ld
974 4789 1067 4843 est
1089 4781 1201 4845 sice
1243 4785 1421 4845 etiam
1449 4784 1572 4845 sint
1609 4779 2008 4844 ministerialis
2044 4779 2421 4857 conditionis3
2469 4786 2801 4861 germanice
2832 4801 2943 4844 von
2967 4782 3481 4847 diememunsare.

832 4888 934 4950 lv.
979 4903 1092 4947 Par·
1117 4908 1159 4949 2.
3093 4899 3168 4949 94
