<?xml version="1.0" encoding="UTF-8"?>
<!DOCTYPE html PUBLIC "-//W3C//DTD XHTML 1.0 Transitional//EN"
    "http://www.w3.org/TR/xhtml1/DTD/xhtml1-transitional.dtd">
<html xmlns="http://www.w3.org/1999/xhtml" xml:lang="en" lang="en">
 <head>
  <title>
</title>
<meta http-equiv="Content-Type" content="text/html;charset=utf-8" />
  <meta name='ocr-system' content='tesseract 3.04.00' />
  <meta name='ocr-capabilities' content='ocr_page ocr_carea ocr_par ocr_line ocrx_word'/>
</head>
<body>
  <div class='ocr_page' id='page_1' title='image "./historiadiploma00empegoog_0342.png"; bbox 0 0 4500 5956; ppageno 0'>
   <div class='ocr_carea' id='block_1_1' title="bbox 1043 628 3858 705">
    <p class='ocr_par' dir='ltr' id='par_1_1' title="bbox 1043 628 3858 705">
     <span class='ocr_line' id='line_1_1' title="bbox 1043 628 3858 705; baseline -0 -14"><span class='ocrx_word' id='word_1_1' title='bbox 1043 630 1163 691; x_wconf 71' lang='lat'>884</span> <span class='ocrx_word' id='word_1_2' title='bbox 2039 631 2467 691; x_wconf 71' lang='lat' dir='ltr'>anltmcl</span> <span class='ocrx_word' id='word_1_3' title='bbox 2519 630 2862 691; x_wconf 81' lang='lat' dir='ltr'>SECUNm</span> <span class='ocrx_word' id='word_1_4' title='bbox 3491 628 3651 705; x_wconf 64' lang='lat' dir='ltr'>[Arm.</span> <span class='ocrx_word' id='word_1_5' title='bbox 3689 628 3858 690; x_wconf 78' lang='lat'><strong>1236.</strong></span> 
     </span>
    </p>
   </div>
   <div class='ocr_carea' id='block_1_2' title="bbox 1044 758 3857 1001">
    <p class='ocr_par' dir='ltr' id='par_1_2' title="bbox 1044 758 3857 1001">
     <span class='ocr_line' id='line_1_2' title="bbox 1044 758 3857 870; baseline -0 -30"><span class='ocrx_word' id='word_1_6' title='bbox 1044 761 1211 868; x_wconf 93' lang='lat' dir='ltr'>ipso</span> <span class='ocrx_word' id='word_1_7' title='bbox 1267 759 1729 867; x_wconf 82' lang='lat' dir='ltr'>supplicasse</span> <span class='ocrx_word' id='word_1_8' title='bbox 1754 822 1777 867; x_wconf 85' lang='lat'>,</span> <span class='ocrx_word' id='word_1_9' title='bbox 1836 771 1910 841; x_wconf 89' lang='lat' dir='ltr'>et</span> <span class='ocrx_word' id='word_1_10' title='bbox 1962 762 2058 842; x_wconf 94' lang='lat' dir='ltr'>de</span> <span class='ocrx_word' id='word_1_11' title='bbox 2123 762 2497 845; x_wconf 87' lang='lat' dir='ltr'>solutione</span> <span class='ocrx_word' id='word_1_12' title='bbox 2549 759 2984 870; x_wconf 89' lang='lat' dir='ltr'>quindecim</span> <span class='ocrx_word' id='word_1_13' title='bbox 3042 758 3373 839; x_wconf 90' lang='lat' dir='ltr'>millium</span> <span class='ocrx_word' id='word_1_14' title='bbox 3428 783 3857 839; x_wconf 90' lang='lat' dir='ltr'>marcarum</span> 
     </span>
     <span class='ocr_line' id='line_1_3' title="bbox 1044 889 3404 1001; baseline -0 -30"><span class='ocrx_word' id='word_1_15' title='bbox 1044 891 1124 972; x_wconf 93' lang='lat' dir='ltr'>in</span> <span class='ocrx_word' id='word_1_16' title='bbox 1162 892 1443 1001; x_wconf 91' lang='lat' dir='ltr'>quibus</span> <span class='ocrx_word' id='word_1_17' title='bbox 1479 893 1912 1000; x_wconf 88' lang='lat' dir='ltr'>imperatori</span> <span class='ocrx_word' id='word_1_18' title='bbox 1951 903 2248 975; x_wconf 85' lang='lat' dir='ltr'>tenetur</span> <span class='ocrx_word' id='word_1_19' title='bbox 2283 894 2629 976; x_wconf 85' lang='lat' dir='ltr'>inducias</span> <span class='ocrx_word' id='word_1_20' title='bbox 2667 892 2810 975; x_wconf 91' lang='lat' dir='ltr'>sibi</span> <span class='ocrx_word' id='word_1_21' title='bbox 2846 890 3155 973; x_wconf 90' lang='lat' dir='ltr'>concedi</span> <span class='ocrx_word' id='word_1_22' title='bbox 3193 889 3404 998; x_wconf 88' lang='lat' dir='ltr'>petit.</span> 
     </span>
    </p>
   </div>
   <div class='ocr_carea' id='block_1_3' title="bbox 1207 1130 2934 1211">
    <p class='ocr_par' dir='ltr' id='par_1_3' title="bbox 1207 1130 2934 1211">
     <span class='ocr_line' id='line_1_4' title="bbox 1207 1130 2934 1211; baseline -0.001 -18"><span class='ocrx_word' id='word_1_23' title='bbox 1207 1133 1395 1207; x_wconf 90' lang='lat' dir='ltr'>(Edit.</span> <span class='ocrx_word' id='word_1_24' title='bbox 1425 1150 1521 1209; x_wconf 81' lang='lat' dir='ltr'>ap.</span> <span class='ocrx_word' id='word_1_25' title='bbox 1555 1134 1807 1211; x_wconf 70' lang='lat' dir='ltr'>Rvmrn,</span> <span class='ocrx_word' id='word_1_26' title='bbox 1836 1131 2092 1193; x_wconf 76' lang='lat' dir='ltr'><strong><em>Foedera</em></strong></span> <span class='ocrx_word' id='word_1_27' title='bbox 2119 1139 2173 1193; x_wconf 78' lang='lat' dir='ltr'>et</span> <span class='ocrx_word' id='word_1_28' title='bbox 2196 1140 2483 1208; x_wconf 69' lang='lat' dir='ltr'>convent„</span> <span class='ocrx_word' id='word_1_29' title='bbox 2514 1139 2562 1194; x_wconf 90' lang='lat' dir='ltr'>t.</span> <span class='ocrx_word' id='word_1_30' title='bbox 2591 1134 2643 1208; x_wconf 84' lang='lat'>1,</span> <span class='ocrx_word' id='word_1_31' title='bbox 2673 1149 2735 1210; x_wconf 85' lang='lat' dir='ltr'>p.</span> <span class='ocrx_word' id='word_1_32' title='bbox 2770 1130 2934 1209; x_wconf 80' lang='lat'><strong>228.)</strong></span> 
     </span>
    </p>
   </div>
   <div class='ocr_carea' id='block_1_4' title="bbox 1029 1341 3850 4032">
    <p class='ocr_par' dir='ltr' id='par_1_4' title="bbox 1029 1341 3850 4032">
     <span class='ocr_line' id='line_1_5' title="bbox 1138 1341 3850 1437; baseline -0.001 -21"><span class='ocrx_word' id='word_1_33' title='bbox 1138 1343 1584 1418; x_wconf 90' lang='lat' dir='ltr'>Serenissimo</span> <span class='ocrx_word' id='word_1_34' title='bbox 1618 1344 1910 1437; x_wconf 83' lang='lat' dir='ltr'>principi</span> <span class='ocrx_word' id='word_1_35' title='bbox 1944 1345 2134 1416; x_wconf 87' lang='lat' dir='ltr'>fratri</span> <span class='ocrx_word' id='word_1_36' title='bbox 2171 1345 2528 1416; x_wconf 89' lang='lat' dir='ltr'>karissimo</span> <span class='ocrx_word' id='word_1_37' title='bbox 2576 1343 2973 1432; x_wconf 88' lang='lat' dir='ltr'>Frederico,</span> <span class='ocrx_word' id='word_1_38' title='bbox 3015 1343 3137 1415; x_wconf 89' lang='lat' dir='ltr'>Dei</span> <span class='ocrx_word' id='word_1_39' title='bbox 3179 1342 3397 1434; x_wconf 84' lang='lat' dir='ltr'>gratia</span> <span class='ocrx_word' id='word_1_40' title='bbox 3436 1341 3678 1412; x_wconf 80' lang='lat' dir='ltr'>illustri</span> <span class='ocrx_word' id='word_1_41' title='bbox 3711 1341 3850 1412; x_wconf 80' lang='lat' dir='ltr'>Ro-</span> 
     </span>
     <span class='ocr_line' id='line_1_6' title="bbox 1038 1462 3849 1560; baseline -0.001 -23"><span class='ocrx_word' id='word_1_42' title='bbox 1038 1486 1398 1539; x_wconf 89' lang='lat' dir='ltr'>manorum</span> <span class='ocrx_word' id='word_1_43' title='bbox 1421 1467 1840 1560; x_wconf 89' lang='lat' dir='ltr'>imperatori,</span> <span class='ocrx_word' id='word_1_44' title='bbox 1859 1474 1992 1537; x_wconf 92' lang='lat' dir='ltr'>etc.</span> <span class='ocrx_word' id='word_1_45' title='bbox 2007 1518 2026 1556; x_wconf 95' lang='lat'>,</span> <span class='ocrx_word' id='word_1_46' title='bbox 2045 1466 2408 1555; x_wconf 88' lang='lat' dir='ltr'>Henricus,</span> <span class='ocrx_word' id='word_1_47' title='bbox 2430 1465 2671 1537; x_wconf 88' lang='lat' dir='ltr'>eadem</span> <span class='ocrx_word' id='word_1_48' title='bbox 2694 1466 2936 1558; x_wconf 79' lang='lat' dir='ltr'>gratia,</span> <span class='ocrx_word' id='word_1_49' title='bbox 2968 1475 3133 1552; x_wconf 67' lang='lat' dir='ltr'>etc„</span> <span class='ocrx_word' id='word_1_50' title='bbox 3158 1465 3446 1536; x_wconf 88' lang='lat' dir='ltr'>salutem</span> <span class='ocrx_word' id='word_1_51' title='bbox 3470 1473 3541 1535; x_wconf 92' lang='lat' dir='ltr'>et</span> <span class='ocrx_word' id='word_1_52' title='bbox 3562 1462 3849 1536; x_wconf 90' lang='lat' dir='ltr'>deside-</span> 
     </span>
     <span class='ocr_line' id='line_1_7' title="bbox 1034 1587 3844 1683; baseline -0.002 -22"><span class='ocrx_word' id='word_1_53' title='bbox 1034 1600 1180 1664; x_wconf 89' lang='lat' dir='ltr'>rata</span> <span class='ocrx_word' id='word_1_54' title='bbox 1213 1589 1519 1682; x_wconf 82' lang='lat' dir='ltr'>gaudere</span> <span class='ocrx_word' id='word_1_55' title='bbox 1543 1589 1858 1660; x_wconf 88' lang='lat' dir='ltr'>victoria.</span> <span class='ocrx_word' id='word_1_56' title='bbox 1899 1589 2181 1661; x_wconf 72' lang='lat' dir='ltr'>Litteras</span> <span class='ocrx_word' id='word_1_57' title='bbox 2209 1589 2583 1683; x_wconf 90' lang='lat' dir='ltr'>imperialis</span> <span class='ocrx_word' id='word_1_58' title='bbox 2614 1590 3018 1662; x_wconf 83' lang='lat' dir='ltr'>excellentie</span> <span class='ocrx_word' id='word_1_59' title='bbox 3051 1588 3252 1661; x_wconf 89' lang='lat' dir='ltr'>nobis</span> <span class='ocrx_word' id='word_1_60' title='bbox 3288 1609 3409 1681; x_wconf 92' lang='lat' dir='ltr'>per</span> <span class='ocrx_word' id='word_1_61' title='bbox 3437 1587 3844 1659; x_wconf 87' lang='lat' dir='ltr'>advocatum</span> 
     </span>
     <span class='ocr_line' id='line_1_8' title="bbox 1039 1710 3840 1806; baseline -0.002 -21"><span class='ocrx_word' id='word_1_62' title='bbox 1039 1714 1130 1786; x_wconf 89' lang='lat' dir='ltr'>de</span> <span class='ocrx_word' id='word_1_63' title='bbox 1176 1713 1612 1806; x_wconf 81' lang='lat' dir='ltr'>Aquisgrano</span> <span class='ocrx_word' id='word_1_64' title='bbox 1667 1713 2097 1783; x_wconf 87' lang='lat' dir='ltr'>transmissas</span> <span class='ocrx_word' id='word_1_65' title='bbox 2145 1734 2303 1783; x_wconf 90' lang='lat' dir='ltr'>cum</span> <span class='ocrx_word' id='word_1_66' title='bbox 2347 1735 2483 1805; x_wconf 89' lang='lat' dir='ltr'>qua</span> <span class='ocrx_word' id='word_1_67' title='bbox 2531 1712 2765 1784; x_wconf 81' lang='lat' dir='ltr'>decuit</span> <span class='ocrx_word' id='word_1_68' title='bbox 2811 1712 3199 1784; x_wconf 87' lang='lat' dir='ltr'>reverentia</span> <span class='ocrx_word' id='word_1_69' title='bbox 3247 1713 3382 1782; x_wconf 92' lang='lat' dir='ltr'>lete</span> <span class='ocrx_word' id='word_1_70' title='bbox 3426 1710 3840 1804; x_wconf 88' lang='lat' dir='ltr'>recepimus;</span> 
     </span>
     <span class='ocr_line' id='line_1_9' title="bbox 1035 1834 3846 1931; baseline -0.002 -22"><span class='ocrx_word' id='word_1_71' title='bbox 1035 1837 1160 1909; x_wconf 89' lang='lat' dir='ltr'>sed</span> <span class='ocrx_word' id='word_1_72' title='bbox 1205 1836 1547 1907; x_wconf 89' lang='lat' dir='ltr'>intellecta</span> <span class='ocrx_word' id='word_1_73' title='bbox 1594 1857 1718 1929; x_wconf 91' lang='lat' dir='ltr'>per</span> <span class='ocrx_word' id='word_1_74' title='bbox 1758 1835 2035 1907; x_wconf 89' lang='lat' dir='ltr'>easdem</span> <span class='ocrx_word' id='word_1_75' title='bbox 2083 1837 2598 1931; x_wconf 89' lang='lat' dir='ltr'>attemptatione</span> <span class='ocrx_word' id='word_1_76' title='bbox 2640 1835 3180 1908; x_wconf 87' lang='lat' dir='ltr'>Lombardorum</span> <span class='ocrx_word' id='word_1_77' title='bbox 3225 1834 3574 1929; x_wconf 88' lang='lat' dir='ltr'>inopinata</span> <span class='ocrx_word' id='word_1_78' title='bbox 3612 1842 3846 1904; x_wconf 86' lang='lat' dir='ltr'>contra</span> 
     </span>
     <span class='ocr_line' id='line_1_10' title="bbox 1032 1958 3846 2050; baseline -0.001 -20"><span class='ocrx_word' id='word_1_79' title='bbox 1032 1960 1455 2050; x_wconf 88' lang='lat' dir='ltr'>majestatem</span> <span class='ocrx_word' id='word_1_80' title='bbox 1518 1959 1949 2031; x_wconf 87' lang='lat' dir='ltr'>celsitudinis</span> <span class='ocrx_word' id='word_1_81' title='bbox 2009 1969 2237 2031; x_wconf 86' lang='lat' dir='ltr'>vestre</span> <span class='ocrx_word' id='word_1_82' title='bbox 2304 1960 2396 2032; x_wconf 86' lang='lat' dir='ltr'>ita</span> <span class='ocrx_word' id='word_1_83' title='bbox 2464 1961 2920 2032; x_wconf 86' lang='lat' dir='ltr'>irreverenter</span> <span class='ocrx_word' id='word_1_84' title='bbox 2975 1958 3362 2032; x_wconf 89' lang='lat' dir='ltr'>machinata</span> <span class='ocrx_word' id='word_1_85' title='bbox 3386 2011 3407 2048; x_wconf 99' lang='lat'>,</span> <span class='ocrx_word' id='word_1_86' title='bbox 3459 1979 3611 2029; x_wconf 92' lang='lat' dir='ltr'>eam</span> <span class='ocrx_word' id='word_1_87' title='bbox 3668 1978 3846 2050; x_wconf 91' lang='lat' dir='ltr'>equo</span> 
     </span>
     <span class='ocr_line' id='line_1_11' title="bbox 1033 2080 3846 2175; baseline -0.001 -22"><span class='ocrx_word' id='word_1_88' title='bbox 1033 2082 1263 2154; x_wconf 90' lang='lat' dir='ltr'>animo</span> <span class='ocrx_word' id='word_1_89' title='bbox 1317 2083 1491 2153; x_wconf 87' lang='lat' dir='ltr'>ferre</span> <span class='ocrx_word' id='word_1_90' title='bbox 1528 2102 1664 2152; x_wconf 91' lang='lat' dir='ltr'>non</span> <span class='ocrx_word' id='word_1_91' title='bbox 1722 2083 2119 2153; x_wconf 87' lang='lat' dir='ltr'>valuimus:</span> <span class='ocrx_word' id='word_1_92' title='bbox 2161 2080 2255 2154; x_wconf 90' lang='lat' dir='ltr'>ad</span> <span class='ocrx_word' id='word_1_93' title='bbox 2308 2105 2518 2175; x_wconf 89' lang='lat' dir='ltr'>quam</span> <span class='ocrx_word' id='word_1_94' title='bbox 2573 2082 3065 2155; x_wconf 88' lang='lat' dir='ltr'>vindicandam</span> <span class='ocrx_word' id='word_1_95' title='bbox 3121 2083 3178 2153; x_wconf 89' lang='lat' dir='ltr'>si</span> <span class='ocrx_word' id='word_1_96' title='bbox 3229 2082 3700 2154; x_wconf 87' lang='lat' dir='ltr'>sufficeremus</span> <span class='ocrx_word' id='word_1_97' title='bbox 3749 2081 3846 2150; x_wconf 91' lang='lat' dir='ltr'>li-</span> 
     </span>
     <span class='ocr_line' id='line_1_12' title="bbox 1030 2203 3844 2300; baseline -0.001 -23"><span class='ocrx_word' id='word_1_98' title='bbox 1030 2207 1272 2277; x_wconf 88' lang='lat' dir='ltr'>benter</span> <span class='ocrx_word' id='word_1_99' title='bbox 1297 2226 1423 2277; x_wconf 90' lang='lat' dir='ltr'>nos</span> <span class='ocrx_word' id='word_1_100' title='bbox 1447 2205 1991 2298; x_wconf 75' lang='lat' dir='ltr'>accingeremuS,</span> <span class='ocrx_word' id='word_1_101' title='bbox 2030 2214 2257 2277; x_wconf 90' lang='lat' dir='ltr'>vestra</span> <span class='ocrx_word' id='word_1_102' title='bbox 2289 2205 2693 2295; x_wconf 81' lang='lat' dir='ltr'>gravamina</span> <span class='ocrx_word' id='word_1_103' title='bbox 2720 2227 2858 2278; x_wconf 89' lang='lat' dir='ltr'>non</span> <span class='ocrx_word' id='word_1_104' title='bbox 2888 2214 3310 2300; x_wconf 87' lang='lat' dir='ltr'>reputantes,</span> <span class='ocrx_word' id='word_1_105' title='bbox 3351 2206 3527 2275; x_wconf 87' lang='lat' dir='ltr'>sicut</span> <span class='ocrx_word' id='word_1_106' title='bbox 3563 2224 3690 2276; x_wconf 89' lang='lat' dir='ltr'>nec</span> <span class='ocrx_word' id='word_1_107' title='bbox 3726 2203 3844 2275; x_wconf 90' lang='lat' dir='ltr'>de-</span> 
     </span>
     <span class='ocr_line' id='line_1_13' title="bbox 1031 2327 3845 2422; baseline -0.001 -22"><span class='ocrx_word' id='word_1_108' title='bbox 1031 2330 1309 2417; x_wconf 89' lang='lat' dir='ltr'>bemus,</span> <span class='ocrx_word' id='word_1_109' title='bbox 1346 2350 1388 2401; x_wconf 89' lang='lat' dir='ltr'>a</span> <span class='ocrx_word' id='word_1_110' title='bbox 1426 2328 1675 2399; x_wconf 89' lang='lat' dir='ltr'>nostris</span> <span class='ocrx_word' id='word_1_111' title='bbox 1705 2329 1953 2399; x_wconf 88' lang='lat' dir='ltr'>aliena.</span> <span class='ocrx_word' id='word_1_112' title='bbox 1996 2329 2305 2400; x_wconf 88' lang='lat' dir='ltr'>Paratam</span> <span class='ocrx_word' id='word_1_113' title='bbox 2341 2329 2623 2422; x_wconf 89' lang='lat' dir='ltr'>quidem</span> <span class='ocrx_word' id='word_1_114' title='bbox 2662 2330 2992 2402; x_wconf 89' lang='lat' dir='ltr'>habentes</span> <span class='ocrx_word' id='word_1_115' title='bbox 3033 2330 3455 2400; x_wconf 89' lang='lat' dir='ltr'>voluntatem</span> <span class='ocrx_word' id='word_1_116' title='bbox 3486 2328 3558 2398; x_wconf 92' lang='lat' dir='ltr'>in</span> <span class='ocrx_word' id='word_1_117' title='bbox 3592 2327 3845 2419; x_wconf 87' lang='lat' dir='ltr'>quibus</span> 
     </span>
     <span class='ocr_line' id='line_1_14' title="bbox 1029 2451 3844 2547; baseline -0 -24"><span class='ocrx_word' id='word_1_118' title='bbox 1029 2473 1396 2545; x_wconf 89' lang='lat' dir='ltr'>possumus</span> <span class='ocrx_word' id='word_1_119' title='bbox 1427 2452 1674 2522; x_wconf 89' lang='lat' dir='ltr'>vestris</span> <span class='ocrx_word' id='word_1_120' title='bbox 1708 2451 2054 2523; x_wconf 89' lang='lat' dir='ltr'>mandatis</span> <span class='ocrx_word' id='word_1_121' title='bbox 2084 2451 2591 2547; x_wconf 90' lang='lat' dir='ltr'>obtemperare,</span> <span class='ocrx_word' id='word_1_122' title='bbox 2640 2452 2928 2525; x_wconf 88' lang='lat' dir='ltr'>dilectos</span> <span class='ocrx_word' id='word_1_123' title='bbox 2959 2462 3026 2525; x_wconf 90' lang='lat' dir='ltr'>et</span> <span class='ocrx_word' id='word_1_124' title='bbox 3063 2452 3299 2524; x_wconf 86' lang='lat' dir='ltr'>fideles</span> <span class='ocrx_word' id='word_1_125' title='bbox 3343 2460 3607 2523; x_wconf 89' lang='lat' dir='ltr'>nostros</span> <span class='ocrx_word' id='word_1_126' title='bbox 3635 2453 3714 2521; x_wconf 93' lang='lat' dir='ltr'>B.</span> <span class='ocrx_word' id='word_1_127' title='bbox 3755 2451 3844 2525; x_wconf 91' lang='lat' dir='ltr'>de</span> 
     </span>
     <span class='ocr_line' id='line_1_15' title="bbox 1030 2574 3842 2670; baseline 0 -24"><span class='ocrx_word' id='word_1_128' title='bbox 1030 2576 1167 2647; x_wconf 89' lang='lat' dir='ltr'>Ver</span> <span class='ocrx_word' id='word_1_129' title='bbox 1199 2574 1298 2670; x_wconf 73' lang='lat'>(⁴)</span> <span class='ocrx_word' id='word_1_130' title='bbox 1337 2575 1742 2648; x_wconf 87' lang='lat' dir='ltr'>familiarem</span> <span class='ocrx_word' id='word_1_131' title='bbox 1797 2577 2081 2647; x_wconf 91' lang='lat' dir='ltr'>militem</span> <span class='ocrx_word' id='word_1_132' title='bbox 2133 2585 2443 2648; x_wconf 91' lang='lat' dir='ltr'>nostrum</span> <span class='ocrx_word' id='word_1_133' title='bbox 2498 2587 2567 2648; x_wconf 92' lang='lat' dir='ltr'>et</span> <span class='ocrx_word' id='word_1_134' title='bbox 2615 2576 3164 2648; x_wconf 91' lang='lat' dir='ltr'>Bartholomeum</span> <span class='ocrx_word' id='word_1_135' title='bbox 3215 2575 3392 2647; x_wconf 89' lang='lat' dir='ltr'>Pech</span> <span class='ocrx_word' id='word_1_136' title='bbox 3441 2575 3842 2648; x_wconf 82' lang='lat' dir='ltr'>hostiarium</span> 
     </span>
     <span class='ocr_line' id='line_1_16' title="bbox 1031 2699 3839 2793; baseline -0.001 -23"><span class='ocrx_word' id='word_1_137' title='bbox 1031 2720 1299 2771; x_wconf 89' lang='lat' dir='ltr'>camere</span> <span class='ocrx_word' id='word_1_138' title='bbox 1336 2708 1562 2770; x_wconf 88' lang='lat' dir='ltr'>nostre</span> <span class='ocrx_word' id='word_1_139' title='bbox 1607 2720 1732 2793; x_wconf 91' lang='lat' dir='ltr'>pro</span> <span class='ocrx_word' id='word_1_140' title='bbox 1771 2709 1966 2792; x_wconf 90' lang='lat' dir='ltr'>parte</span> <span class='ocrx_word' id='word_1_141' title='bbox 2009 2708 2236 2772; x_wconf 89' lang='lat' dir='ltr'>nostra</span> <span class='ocrx_word' id='word_1_142' title='bbox 2286 2700 2377 2772; x_wconf 88' lang='lat' dir='ltr'>ad</span> <span class='ocrx_word' id='word_1_143' title='bbox 2412 2699 2769 2771; x_wconf 89' lang='lat' dir='ltr'>dominum</span> <span class='ocrx_word' id='word_1_144' title='bbox 2816 2722 3065 2793; x_wconf 88' lang='lat' dir='ltr'>papam</span> <span class='ocrx_word' id='word_1_145' title='bbox 3112 2700 3444 2771; x_wconf 86' lang='lat' dir='ltr'>duximus</span> <span class='ocrx_word' id='word_1_146' title='bbox 3498 2699 3839 2770; x_wconf 90' lang='lat' dir='ltr'>transmit-</span> 
     </span>
     <span class='ocr_line' id='line_1_17' title="bbox 1034 2822 3843 2919; baseline 0 -24"><span class='ocrx_word' id='word_1_147' title='bbox 1034 2822 1301 2914; x_wconf 88' lang='lat' dir='ltr'>tendos,</span> <span class='ocrx_word' id='word_1_148' title='bbox 1340 2824 1808 2917; x_wconf 88' lang='lat' dir='ltr'>supplicantes</span> <span class='ocrx_word' id='word_1_149' title='bbox 1840 2845 1965 2918; x_wconf 90' lang='lat' dir='ltr'>per</span> <span class='ocrx_word' id='word_1_150' title='bbox 1994 2825 2254 2896; x_wconf 90' lang='lat' dir='ltr'>litteras</span> <span class='ocrx_word' id='word_1_151' title='bbox 2288 2834 2554 2896; x_wconf 88' lang='lat' dir='ltr'>nostras</span> <span class='ocrx_word' id='word_1_152' title='bbox 2584 2844 2706 2919; x_wconf 93' lang='lat' dir='ltr'>pro</span> <span class='ocrx_word' id='word_1_153' title='bbox 2738 2825 2938 2895; x_wconf 91' lang='lat' dir='ltr'>vobis</span> <span class='ocrx_word' id='word_1_154' title='bbox 2974 2825 3226 2913; x_wconf 91' lang='lat' dir='ltr'>eidem,</span> <span class='ocrx_word' id='word_1_155' title='bbox 3261 2823 3388 2896; x_wconf 88' lang='lat' dir='ltr'>sed</span> <span class='ocrx_word' id='word_1_156' title='bbox 3422 2833 3491 2896; x_wconf 91' lang='lat' dir='ltr'>et</span> <span class='ocrx_word' id='word_1_157' title='bbox 3518 2823 3843 2895; x_wconf 90' lang='lat' dir='ltr'>cardina-</span> 
     </span>
     <span class='ocr_line' id='line_1_18' title="bbox 1031 2945 3842 3042; baseline 0.001 -26"><span class='ocrx_word' id='word_1_158' title='bbox 1031 2945 1213 3018; x_wconf 90' lang='lat' dir='ltr'>libus</span> <span class='ocrx_word' id='word_1_159' title='bbox 1258 2945 1499 3018; x_wconf 90' lang='lat' dir='ltr'>amicis</span> <span class='ocrx_word' id='word_1_160' title='bbox 1536 2947 1785 3019; x_wconf 90' lang='lat' dir='ltr'>nostris</span> <span class='ocrx_word' id='word_1_161' title='bbox 1836 2947 1926 3020; x_wconf 91' lang='lat' dir='ltr'>de</span> <span class='ocrx_word' id='word_1_162' title='bbox 1955 2950 2148 3020; x_wconf 89' lang='lat' dir='ltr'>curia</span> <span class='ocrx_word' id='word_1_163' title='bbox 2184 2947 2640 3042; x_wconf 87' lang='lat' dir='ltr'>specialibus,</span> <span class='ocrx_word' id='word_1_164' title='bbox 2685 2947 2842 3021; x_wconf 89' lang='lat' dir='ltr'>licet</span> <span class='ocrx_word' id='word_1_165' title='bbox 2880 2948 3043 3020; x_wconf 91' lang='lat' dir='ltr'>inde</span> <span class='ocrx_word' id='word_1_166' title='bbox 3092 2948 3493 3021; x_wconf 90' lang='lat' dir='ltr'>mandatum</span> <span class='ocrx_word' id='word_1_167' title='bbox 3536 2956 3842 3020; x_wconf 89' lang='lat' dir='ltr'>vestrum</span> 
     </span>
     <span class='ocr_line' id='line_1_19' title="bbox 1032 3070 3844 3169; baseline 0.001 -31"><span class='ocrx_word' id='word_1_168' title='bbox 1032 3089 1171 3140; x_wconf 93' lang='lat' dir='ltr'>non</span> <span class='ocrx_word' id='word_1_169' title='bbox 1210 3070 1739 3162; x_wconf 89' lang='lat' dir='ltr'>susciperemus,</span> <span class='ocrx_word' id='word_1_170' title='bbox 1776 3093 2073 3163; x_wconf 88' lang='lat' dir='ltr'>quarum</span> <span class='ocrx_word' id='word_1_171' title='bbox 2112 3072 2515 3167; x_wconf 87' lang='lat' dir='ltr'>transcripta</span> <span class='ocrx_word' id='word_1_172' title='bbox 2545 3074 2916 3145; x_wconf 91' lang='lat' dir='ltr'>litterarum</span> <span class='ocrx_word' id='word_1_173' title='bbox 2954 3074 3056 3169; x_wconf 74' lang='lat'>(2)</span> <span class='ocrx_word' id='word_1_174' title='bbox 3092 3072 3334 3166; x_wconf 81' lang='lat' dir='ltr'>prefati</span> <span class='ocrx_word' id='word_1_175' title='bbox 3375 3071 3595 3142; x_wconf 88' lang='lat' dir='ltr'>nuntii</span> <span class='ocrx_word' id='word_1_176' title='bbox 3633 3071 3844 3144; x_wconf 86' lang='lat' dir='ltr'>nostri</span> 
     </span>
     <span class='ocr_line' id='line_1_20' title="bbox 1031 3191 3844 3291; baseline 0.001 -30"><span class='ocrx_word' id='word_1_177' title='bbox 1031 3191 1235 3262; x_wconf 89' lang='lat' dir='ltr'>vobis</span> <span class='ocrx_word' id='word_1_178' title='bbox 1297 3193 1750 3264; x_wconf 86' lang='lat' dir='ltr'>exhibebunt.</span> <span class='ocrx_word' id='word_1_179' title='bbox 1812 3195 2158 3266; x_wconf 89' lang='lat' dir='ltr'>Mittemus</span> <span class='ocrx_word' id='word_1_180' title='bbox 2210 3196 2553 3288; x_wconf 88' lang='lat' dir='ltr'>siquidem</span> <span class='ocrx_word' id='word_1_181' title='bbox 2617 3197 2819 3267; x_wconf 89' lang='lat' dir='ltr'>vobis</span> <span class='ocrx_word' id='word_1_182' title='bbox 2881 3217 3002 3291; x_wconf 90' lang='lat' dir='ltr'>per</span> <span class='ocrx_word' id='word_1_183' title='bbox 3055 3195 3375 3267; x_wconf 89' lang='lat' dir='ltr'>eumdem</span> <span class='ocrx_word' id='word_1_184' title='bbox 3432 3193 3844 3267; x_wconf 89' lang='lat' dir='ltr'>advocatum</span> 
     </span>
     <span class='ocr_line' id='line_1_21' title="bbox 1030 3314 3843 3411; baseline 0.001 -27"><span class='ocrx_word' id='word_1_185' title='bbox 1030 3314 1341 3407; x_wconf 89' lang='lat' dir='ltr'>quinque</span> <span class='ocrx_word' id='word_1_186' title='bbox 1377 3315 1588 3387; x_wconf 90' lang='lat' dir='ltr'>millia</span> <span class='ocrx_word' id='word_1_187' title='bbox 1628 3337 2007 3389; x_wconf 90' lang='lat' dir='ltr'>marcarum</span> <span class='ocrx_word' id='word_1_188' title='bbox 2038 3318 2107 3389; x_wconf 92' lang='lat' dir='ltr'>in</span> <span class='ocrx_word' id='word_1_189' title='bbox 2145 3319 2403 3411; x_wconf 89' lang='lat' dir='ltr'>quibus</span> <span class='ocrx_word' id='word_1_190' title='bbox 2434 3319 2844 3392; x_wconf 84' lang='lat' dir='ltr'>excellentie</span> <span class='ocrx_word' id='word_1_191' title='bbox 2870 3328 3098 3391; x_wconf 87' lang='lat' dir='ltr'>vestre</span> <span class='ocrx_word' id='word_1_192' title='bbox 3134 3320 3539 3391; x_wconf 88' lang='lat' dir='ltr'>tenebamur</span> <span class='ocrx_word' id='word_1_193' title='bbox 3581 3317 3670 3389; x_wconf 90' lang='lat' dir='ltr'>de</span> <span class='ocrx_word' id='word_1_194' title='bbox 3709 3327 3843 3389; x_wconf 88' lang='lat' dir='ltr'>ter-</span> 
     </span>
     <span class='ocr_line' id='line_1_22' title="bbox 1032 3437 3845 3533; baseline 0.001 -25"><span class='ocrx_word' id='word_1_195' title='bbox 1032 3438 1220 3509; x_wconf 92' lang='lat' dir='ltr'>mino</span> <span class='ocrx_word' id='word_1_196' title='bbox 1255 3437 1510 3510; x_wconf 88' lang='lat' dir='ltr'>Pasche</span> <span class='ocrx_word' id='word_1_197' title='bbox 1544 3440 1859 3533; x_wconf 79' lang='lat' dir='ltr'>proximo</span> <span class='ocrx_word' id='word_1_198' title='bbox 1895 3441 2252 3533; x_wconf 91' lang='lat' dir='ltr'>preterito,</span> <span class='ocrx_word' id='word_1_199' title='bbox 2289 3451 2358 3513; x_wconf 90' lang='lat' dir='ltr'>et</span> <span class='ocrx_word' id='word_1_200' title='bbox 2392 3442 2493 3513; x_wconf 88' lang='lat' dir='ltr'>sic</span> <span class='ocrx_word' id='word_1_201' title='bbox 2519 3442 2608 3514; x_wconf 92' lang='lat' dir='ltr'>de</span> <span class='ocrx_word' id='word_1_202' title='bbox 2639 3443 2834 3513; x_wconf 91' lang='lat' dir='ltr'>XXX</span> <span class='ocrx_word' id='word_1_203' title='bbox 2868 3442 3175 3512; x_wconf 90' lang='lat' dir='ltr'>millibus</span> <span class='ocrx_word' id='word_1_204' title='bbox 3228 3441 3473 3512; x_wconf 89' lang='lat' dir='ltr'>marcis</span> <span class='ocrx_word' id='word_1_205' title='bbox 3515 3441 3845 3512; x_wconf 88' lang='lat' dir='ltr'>solvimus</span> 
     </span>
     <span class='ocr_line' id='line_1_23' title="bbox 1030 3561 3848 3660; baseline 0 -27"><span class='ocrx_word' id='word_1_206' title='bbox 1030 3561 1230 3633; x_wconf 89' lang='lat' dir='ltr'>vobis</span> <span class='ocrx_word' id='word_1_207' title='bbox 1261 3561 1660 3654; x_wconf 89' lang='lat' dir='ltr'>quindecim</span> <span class='ocrx_word' id='word_1_208' title='bbox 1697 3563 1943 3653; x_wconf 89' lang='lat' dir='ltr'>millia;</span> <span class='ocrx_word' id='word_1_209' title='bbox 1978 3563 2487 3656; x_wconf 79' lang='lat' dir='ltr'>magnificentie</span> <span class='ocrx_word' id='word_1_210' title='bbox 2518 3575 2746 3638; x_wconf 87' lang='lat' dir='ltr'>vestre</span> <span class='ocrx_word' id='word_1_211' title='bbox 2790 3566 3252 3660; x_wconf 85' lang='lat' dir='ltr'>supplicantes</span> <span class='ocrx_word' id='word_1_212' title='bbox 3285 3563 3635 3649; x_wconf 86' lang='lat' dir='ltr'>attentius,</span> <span class='ocrx_word' id='word_1_213' title='bbox 3668 3562 3848 3634; x_wconf 91' lang='lat' dir='ltr'>sicut</span> 
     </span>
     <span class='ocr_line' id='line_1_24' title="bbox 1030 3684 3846 3780; baseline 0 -24"><span class='ocrx_word' id='word_1_214' title='bbox 1030 3684 1201 3757; x_wconf 89' lang='lat' dir='ltr'>alias</span> <span class='ocrx_word' id='word_1_215' title='bbox 1249 3685 1571 3774; x_wconf 84' lang='lat' dir='ltr'>fecimus,</span> <span class='ocrx_word' id='word_1_216' title='bbox 1611 3697 1954 3780; x_wconf 86' lang='lat' dir='ltr'>quatenus</span> <span class='ocrx_word' id='word_1_217' title='bbox 2005 3686 2095 3759; x_wconf 91' lang='lat' dir='ltr'>de</span> <span class='ocrx_word' id='word_1_218' title='bbox 2139 3687 2440 3760; x_wconf 90' lang='lat' dir='ltr'>residuis</span> <span class='ocrx_word' id='word_1_219' title='bbox 2471 3690 2596 3762; x_wconf 90' lang='lat' dir='ltr'>XV</span> <span class='ocrx_word' id='word_1_220' title='bbox 2636 3690 2941 3760; x_wconf 92' lang='lat' dir='ltr'>millibus</span> <span class='ocrx_word' id='word_1_221' title='bbox 2980 3710 3363 3760; x_wconf 86' lang='lat' dir='ltr'>marcarum</span> <span class='ocrx_word' id='word_1_222' title='bbox 3403 3689 3602 3759; x_wconf 90' lang='lat' dir='ltr'>talem</span> <span class='ocrx_word' id='word_1_223' title='bbox 3649 3687 3846 3759; x_wconf 91' lang='lat' dir='ltr'>nobis</span> 
     </span>
     <span class='ocr_line' id='line_1_25' title="bbox 1031 3810 3844 3905; baseline -0.001 -25"><span class='ocrx_word' id='word_1_224' title='bbox 1031 3818 1413 3902; x_wconf 87' lang='lat' dir='ltr'>respectum</span> <span class='ocrx_word' id='word_1_225' title='bbox 1440 3810 1816 3883; x_wconf 84' lang='lat' dir='ltr'>concedere</span> <span class='ocrx_word' id='word_1_226' title='bbox 1853 3812 2080 3883; x_wconf 90' lang='lat' dir='ltr'>velitis</span> <span class='ocrx_word' id='word_1_227' title='bbox 2113 3820 2190 3882; x_wconf 90' lang='lat' dir='ltr'>ut</span> <span class='ocrx_word' id='word_1_228' title='bbox 2223 3813 2533 3905; x_wconf 88' lang='lat' dir='ltr'>quinque</span> <span class='ocrx_word' id='word_1_229' title='bbox 2568 3812 2755 3883; x_wconf 88' lang='lat' dir='ltr'>milia</span> <span class='ocrx_word' id='word_1_230' title='bbox 2793 3812 2997 3886; x_wconf 90' lang='lat' dir='ltr'>vobis</span> <span class='ocrx_word' id='word_1_231' title='bbox 3030 3810 3124 3884; x_wconf 90' lang='lat' dir='ltr'>ad</span> <span class='ocrx_word' id='word_1_232' title='bbox 3157 3812 3548 3904; x_wconf 84' lang='lat' dir='ltr'>proximum</span> <span class='ocrx_word' id='word_1_233' title='bbox 3594 3812 3844 3881; x_wconf 87' lang='lat' dir='ltr'>festum</span> 
     </span>
     <span class='ocr_line' id='line_1_26' title="bbox 1029 3932 3844 4032; baseline 0 -29"><span class='ocrx_word' id='word_1_234' title='bbox 1029 3934 1245 4005; x_wconf 87' lang='lat' dir='ltr'>sancti</span> <span class='ocrx_word' id='word_1_235' title='bbox 1265 3934 1617 4007; x_wconf 86' lang='lat' dir='ltr'>Michaelis</span> <span class='ocrx_word' id='word_1_236' title='bbox 1641 3934 1870 4007; x_wconf 87' lang='lat' dir='ltr'>debita</span> <span class='ocrx_word' id='word_1_237' title='bbox 1895 3934 2270 4008; x_wconf 90' lang='lat' dir='ltr'>reddantur</span> <span class='ocrx_word' id='word_1_238' title='bbox 2295 3932 2383 4008; x_wconf 91' lang='lat' dir='ltr'>ad</span> <span class='ocrx_word' id='word_1_239' title='bbox 2407 3936 2668 4008; x_wconf 87' lang='lat' dir='ltr'>Pascha</span> <span class='ocrx_word' id='word_1_240' title='bbox 2689 3935 3013 4032; x_wconf 80' lang='lat' dir='ltr'>proximo</span> <span class='ocrx_word' id='word_1_241' title='bbox 3027 3956 3348 4029; x_wconf 79' lang='lat' dir='ltr'>sequenS,</span> <span class='ocrx_word' id='word_1_242' title='bbox 3378 3942 3449 4006; x_wconf 94' lang='lat' dir='ltr'>et</span> <span class='ocrx_word' id='word_1_243' title='bbox 3475 3933 3714 4006; x_wconf 88' lang='lat' dir='ltr'>ultima</span> <span class='ocrx_word' id='word_1_244' title='bbox 3739 3953 3844 4003; x_wconf 89' lang='lat' dir='ltr'>re·</span> 
     </span>
    </p>
   </div>
   <div class='ocr_carea' id='block_1_5' title="bbox 1028 4256 3847 4799">
    <p class='ocr_par' dir='ltr' id='par_1_5' title="bbox 1028 4256 3845 4432">
     <span class='ocr_line' id='line_1_27' title="bbox 1103 4256 3845 4332; baseline 0 -19"><span class='ocrx_word' id='word_1_245' title='bbox 1103 4257 1176 4331; x_wconf 72' lang='lat' dir='ltr'>(l)</span> <span class='ocrx_word' id='word_1_246' title='bbox 1216 4258 1369 4314; x_wconf 80' lang='lat' dir='ltr'>Hunc</span> <span class='ocrx_word' id='word_1_247' title='bbox 1398 4260 1770 4315; x_wconf 78' lang='lat' dir='ltr'>Baldewinum</span> <span class='ocrx_word' id='word_1_248' title='bbox 1803 4259 1865 4316; x_wconf 80' lang='lat' dir='ltr'>dc</span> <span class='ocrx_word' id='word_1_249' title='bbox 1898 4263 2030 4317; x_wconf 83' lang='lat' dir='ltr'>Vair</span> <span class='ocrx_word' id='word_1_250' title='bbox 2056 4262 2361 4318; x_wconf 83' lang='lat' dir='ltr'>Matthaeus</span> <span class='ocrx_word' id='word_1_251' title='bbox 2390 4261 2703 4319; x_wconf 87' lang='lat' dir='ltr'>Parisiensis</span> <span class='ocrx_word' id='word_1_252' title='bbox 2728 4266 2913 4330; x_wconf 88' lang='lat' dir='ltr'>vocat,</span> <span class='ocrx_word' id='word_1_253' title='bbox 2941 4259 3010 4317; x_wconf 90' lang='lat' dir='ltr'>de</span> <span class='ocrx_word' id='word_1_254' title='bbox 3031 4260 3186 4332; x_wconf 83' lang='lat' dir='ltr'>eujus</span> <span class='ocrx_word' id='word_1_255' title='bbox 3213 4257 3281 4314; x_wconf 90' lang='lat' dir='ltr'>ad</span> <span class='ocrx_word' id='word_1_256' title='bbox 3313 4258 3691 4330; x_wconf 83' lang='lat' dir='ltr'>imperatorem</span> <span class='ocrx_word' id='word_1_257' title='bbox 3719 4256 3845 4314; x_wconf 86' lang='lat' dir='ltr'>mis-</span> 
     </span>
     <span class='ocr_line' id='line_1_28' title="bbox 1028 4353 2580 4432; baseline 0.003 -23"><span class='ocrx_word' id='word_1_258' title='bbox 1028 4353 1178 4409; x_wconf 90' lang='lat' dir='ltr'>sione</span> <span class='ocrx_word' id='word_1_259' title='bbox 1204 4353 1373 4410; x_wconf 77' lang='lat' dir='ltr'>t‘usius</span> <span class='ocrx_word' id='word_1_260' title='bbox 1393 4354 1518 4428; x_wconf 86' lang='lat' dir='ltr'>agit,</span> <span class='ocrx_word' id='word_1_261' title='bbox 1545 4357 1753 4411; x_wconf 78' lang='lat' dir='ltr'>Histor.</span> <span class='ocrx_word' id='word_1_262' title='bbox 1783 4357 1916 4430; x_wconf 72' lang='lat' dir='ltr'>maj.</span> <span class='ocrx_word' id='word_1_263' title='bbox 1944 4357 2188 4430; x_wconf 66' lang='lat' dir='ltr'>Anqlor„</span> <span class='ocrx_word' id='word_1_264' title='bbox 2220 4376 2276 4432; x_wconf 90' lang='lat' dir='ltr'>p.</span> <span class='ocrx_word' id='word_1_265' title='bbox 2305 4362 2429 4428; x_wconf 80' lang='lat'>296,</span> <span class='ocrx_word' id='word_1_266' title='bbox 2457 4361 2580 4415; x_wconf 77' lang='lat'><strong>297.</strong></span> 
     </span>
    </p>

    <p class='ocr_par' dir='ltr' id='par_1_6' title="bbox 1028 4446 3847 4799">
     <span class='ocr_line' id='line_1_29' title="bbox 1101 4446 3846 4527; baseline -0.001 -22"><span class='ocrx_word' id='word_1_267' title='bbox 1101 4447 1173 4520; x_wconf 78' lang='lat'>(2)</span> <span class='ocrx_word' id='word_1_268' title='bbox 1210 4449 1322 4507; x_wconf 89' lang='lat' dir='ltr'>Eae</span> <span class='ocrx_word' id='word_1_269' title='bbox 1354 4452 1550 4508; x_wconf 90' lang='lat' dir='ltr'>adsunt</span> <span class='ocrx_word' id='word_1_270' title='bbox 1581 4453 1738 4525; x_wconf 89' lang='lat' dir='ltr'>paulo</span> <span class='ocrx_word' id='word_1_271' title='bbox 1768 4453 1904 4511; x_wconf 84' lang='lat' dir='ltr'>infra</span> <span class='ocrx_word' id='word_1_272' title='bbox 1933 4469 2021 4526; x_wconf 87' lang='lat' dir='ltr'>ap.</span> <span class='ocrx_word' id='word_1_273' title='bbox 2055 4454 2253 4527; x_wconf 81' lang='lat' dir='ltr'>Rymer</span> <span class='ocrx_word' id='word_1_274' title='bbox 2279 4454 2487 4510; x_wconf 85' lang='lat' dir='ltr'>litterae</span> <span class='ocrx_word' id='word_1_275' title='bbox 2525 4455 2665 4527; x_wconf 84' lang='lat' dir='ltr'>regis</span> <span class='ocrx_word' id='word_1_276' title='bbox 2690 4452 2912 4526; x_wconf 82' lang='lat' dir='ltr'>Angliae</span> <span class='ocrx_word' id='word_1_277' title='bbox 2938 4452 3110 4527; x_wconf 89' lang='lat' dir='ltr'>pridie</span> <span class='ocrx_word' id='word_1_278' title='bbox 3135 4451 3369 4524; x_wconf 86' lang='lat' dir='ltr'>scriptae</span> <span class='ocrx_word' id='word_1_279' title='bbox 3394 4448 3461 4504; x_wconf 88' lang='lat' dir='ltr'>ad</span> <span class='ocrx_word' id='word_1_280' title='bbox 3481 4463 3673 4521; x_wconf 87' lang='lat' dir='ltr'>papam</span> <span class='ocrx_word' id='word_1_281' title='bbox 3697 4452 3753 4502; x_wconf 87' lang='lat' dir='ltr'>et</span> <span class='ocrx_word' id='word_1_282' title='bbox 3778 4446 3846 4501; x_wconf 92' lang='lat' dir='ltr'>ad</span> 
     </span>
     <span class='ocr_line' id='line_1_30' title="bbox 1030 4544 3847 4625; baseline -0.002 -23"><span class='ocrx_word' id='word_1_283' title='bbox 1030 4546 1331 4604; x_wconf 84' lang='lat' dir='ltr'>cardinales</span> <span class='ocrx_word' id='word_1_284' title='bbox 1359 4548 1408 4603; x_wconf 81' lang='lat' dir='ltr'>J.</span> <span class='ocrx_word' id='word_1_285' title='bbox 1434 4548 1572 4605; x_wconf 88' lang='lat' dir='ltr'>tituli</span> <span class='ocrx_word' id='word_1_286' title='bbox 1594 4555 1810 4607; x_wconf 88' lang='lat' dir='ltr'>sanctae</span> <span class='ocrx_word' id='word_1_287' title='bbox 1838 4551 2111 4621; x_wconf 80' lang='lat' dir='ltr'>Praxedi8‚</span> <span class='ocrx_word' id='word_1_288' title='bbox 2138 4553 2185 4607; x_wconf 81' lang='lat' dir='ltr'>J.</span> <span class='ocrx_word' id='word_1_289' title='bbox 2214 4551 2563 4609; x_wconf 84' lang='lat' dir='ltr'>sabinensem</span> <span class='ocrx_word' id='word_1_290' title='bbox 2596 4552 2926 4625; x_wconf 84' lang='lat' dir='ltr'>episcopum,</span> <span class='ocrx_word' id='word_1_291' title='bbox 2953 4551 3015 4606; x_wconf 90' lang='lat' dir='ltr'>E.</span> <span class='ocrx_word' id='word_1_292' title='bbox 3040 4548 3179 4606; x_wconf 88' lang='lat' dir='ltr'>tituli</span> <span class='ocrx_word' id='word_1_293' title='bbox 3204 4554 3513 4605; x_wconf 88' lang='lat' dir='ltr'>sanctorum</span> <span class='ocrx_word' id='word_1_294' title='bbox 3545 4544 3771 4602; x_wconf 87' lang='lat' dir='ltr'>Cosmae</span> <span class='ocrx_word' id='word_1_295' title='bbox 3791 4548 3847 4597; x_wconf 88' lang='lat' dir='ltr'>et</span> 
     </span>
     <span class='ocr_line' id='line_1_31' title="bbox 1028 4639 3845 4721; baseline -0.001 -22"><span class='ocrx_word' id='word_1_296' title='bbox 1028 4642 1291 4713; x_wconf 87' lang='lat' dir='ltr'>Damiani,</span> <span class='ocrx_word' id='word_1_297' title='bbox 1319 4642 1375 4700; x_wconf 91' lang='lat' dir='ltr'>S.</span> <span class='ocrx_word' id='word_1_298' title='bbox 1413 4644 1547 4701; x_wconf 88' lang='lat' dir='ltr'>tituli</span> <span class='ocrx_word' id='word_1_299' title='bbox 1582 4647 1749 4703; x_wconf 85' lang='lat' dir='ltr'>sancti</span> <span class='ocrx_word' id='word_1_300' title='bbox 1772 4648 2120 4721; x_wconf 61' lang='lat' dir='ltr'>Laurentiilin</span> <span class='ocrx_word' id='word_1_301' title='bbox 2150 4649 2380 4720; x_wconf 87' lang='lat' dir='ltr'>Lucina,</span> <span class='ocrx_word' id='word_1_302' title='bbox 2407 4649 2471 4705; x_wconf 89' lang='lat' dir='ltr'>R.</span> <span class='ocrx_word' id='word_1_303' title='bbox 2500 4656 2716 4706; x_wconf 81' lang='lat' dir='ltr'>sanctae</span> <span class='ocrx_word' id='word_1_304' title='bbox 2737 4648 2939 4706; x_wconf 84' lang='lat' dir='ltr'>Mariae</span> <span class='ocrx_word' id='word_1_305' title='bbox 2962 4647 3016 4703; x_wconf 90' lang='lat' dir='ltr'>in</span> <span class='ocrx_word' id='word_1_306' title='bbox 3044 4646 3326 4704; x_wconf 90' lang='lat' dir='ltr'>Cosmedin</span> <span class='ocrx_word' id='word_1_307' title='bbox 3348 4649 3402 4700; x_wconf 89' lang='lat' dir='ltr'>et</span> <span class='ocrx_word' id='word_1_308' title='bbox 3425 4641 3494 4699; x_wconf 88' lang='lat' dir='ltr'>ad</span> <span class='ocrx_word' id='word_1_309' title='bbox 3520 4639 3845 4698; x_wconf 87' lang='lat' dir='ltr'>cardinalem</span> 
     </span>
     <span class='ocr_line' id='line_1_32' title="bbox 1028 4739 1523 4799; baseline 0.004 -2"><span class='ocrx_word' id='word_1_310' title='bbox 1028 4744 1249 4799; x_wconf 86' lang='lat' dir='ltr'>sanctae</span> <span class='ocrx_word' id='word_1_311' title='bbox 1274 4739 1523 4799; x_wconf 79' lang='lat' dir='ltr'>Sabinae,</span> 
     </span>
    </p>
   </div>
  </div>
 </body>
</html>
