4500 5956
770 560 966 622 lucrer.
990 562 1089 638 9.]
1675 560 2069 621 HISTORIA
2118 560 2702 624 DIPLOMATICA.
3475 563 3596 626 845

760 695 847 766 C.
872 697 1092 787 maj0r
1113 695 1503 790 prepositus
1535 694 1954 769 Coloniensis
1977 695 2187 768 frater
2208 696 2387 789 ejus,
2421 698 2506 769 H.
2536 696 2925 792 prepositus
2941 696 3172 768 Sancti
3194 696 3584 791 Kuniberti,

772 820 1166 893 Walramus
1186 818 1277 890 de
1298 818 1669 910 Lemburg‚
1694 817 2017 892 Albertus
2037 818 2130 892 de
2153 820 2532 915 Rossewag
2549 820 2919 915 imperialis
2943 820 3134 892 curie
3150 820 3586 911 justitiarius,

760 951 840 1015 ,et
875 942 993 1014 alii
1019 944 1491 1037 quamplures.

866 1066 1156 1159 Signum
1186 1063 1451 1137 domini
1491 1062 1818 1137 Friderici
1860 1063 2151 1136 secundi
2195 1065 2324 1142 Dei
2371 1067 2591 1158 gratia
2637 1065 3072 1139 invictissimi
3129 1068 3588 1142 Romanorum

770 1187 1199 1282 imperatoris
1226 1208 1500 1281 semper
1529 1187 1844 1279 augusti,
1888 1188 2264 1260 Jerusalem
2290 1196 2359 1260 et
2393 1189 2622 1260 Sicilie
2651 1191 2835 1281 regis
2865 1189 3361 1282 gloriosissimi.

865 1311 1045 1383 Acta
1078 1320 1245 1383 sunt
1273 1311 1404 1383 hec
1437 1332 1623 1384 anno
1652 1310 1995 1384 dominice
2019 1313 2510 1386 incarnationis
2536 1312 3018 1405 MCCXXXVI,
3061 1336 3296 1386 mense
3323 1315 3580 1404 madio,

773 1455 954 1508 none
990 1435 1420 1524 indictionis,
1466 1437 1847 1531 imperante
1887 1437 2168 1510 domino
2203 1446 2436 1509 nostro
2481 1436 2828 1510 Friderico
2854 1438 2975 1508 Dei
3022 1437 3238 1527 gratia
3267 1439 3586 1510 invictis-

769 1558 944 1630 simo
978 1560 1442 1632 Romanorum
1472 1559 1881 1653 imperatore
1915 1581 2185 1655 semper
2219 1570 2553 1652 augusto,
2608 1561 2983 1632 Jerusalem
3018 1568 3089 1632 et
3121 1561 3350 1633 Sicilie
3373 1583 3537 1655 rege
3560 1616 3580 1653 ,

769 1702 951 1754 anno
987 1683 1258 1777 imperii
1288 1684 1440 1775 ejus
1459 1683 1651 1771 XVI,
1696 1683 1890 1777 regni
1922 1684 2303 1757 Jerusalem
2326 1685 2459 1773 XI,
2519 1684 2717 1777 regni
2754 1705 2922 1756 vero
2964 1684 3194 1756 Sicilie
3242 1685 3585 1758 tricesimo

769 1814 1051 1894 octavo,
1091 1804 1399 1878 feliciter.
1432 1805 1679 1882 Amen.

863 1929 1115 2000 Datum
1146 1927 1609 2022 Confluentie‚
1647 1952 1863 2021 anno,
1899 1951 2131 2003 mense
2164 1940 2233 2004 et
2270 1930 2645 2007 indictione
2675 1932 3093 2027 prescriptis.

865 2513 1292 2598 Fridericus
1305 2578 1331 2620 ,
1374 2518 1897 2601 Romanorum
1940 2519 2384 2628 imperator,
2426 2522 2524 2602 ad
2568 2521 3004 2629 petitionem
3056 2523 3336 2605 civium
3381 2525 3583 2606 Tre·
3650 2540 3998 2647 maffia,

765 2648 1279 2757 monensium‚
1330 2650 1817 2760 privilegium
1869 2677 1916 2734 a
1960 2653 2209 2762 seipso
2265 2678 2469 2735 anno
2512 2654 2717 2734 1220
2753 2652 3039 2736 eisdem
3075 2654 3457 2738 indultum
3512 2668 3587 2740 et
3755 2648 3889 2692 '²²¹⁰‘

763 2788 1021 2884 postea
1054 2780 1406 2864 incendio
1441 2794 1982 2891 consumptum
2001 2844 2024 2885 ,
2068 2784 2559 2893 inquisitione
2591 2787 2803 2893 prius
2839 2785 2935 2867 de
2968 2784 3118 2868 fide
3153 2789 3585 2898 transcripti

763 2908 989 3021 facta,
1029 2921 1345 2997 renovat
1379 2924 1451 2997 et
1488 2914 1891 3000 inserendo
1924 2916 2351 3000 confirmat.
2385 3020 2388 3023 y

919 3135 1127 3215 (Edld.
1157 3139 1397 3200 Baium.
1436 3140 1772 3212 Tninnscu,
1802 3142 1922 3201 Der
1946 3138 2311 3221 Haupcstuhl
2350 3139 2449 3203 des
2503 3140 2756 3222 Westplt.
2802 3144 3056 3220 Bemqer.
3097 3161 3209 3205 von
3250 3146 3583 3208 Dortmund

1001 3243 1360 3321 (Dortmund
1392 3255 1502 3306 183
1512 3244 1602 3326 8),
1630 3248 1910 3325 Anhang,
1941 3265 2004 3325 p.
2037 3257 2138 3310 69.
2160 3248 2390 3311 Pendet
2415 3265 2598 3310 aurea
2612 3249 2775 3310 bulla
2799 3249 2917 3310 filis
2936 3253 3136 3312 sericis
3160 3252 3305 3313 flavi
3331 3259 3392 3314 et
3416 3254 3579 3315 rubri

997 3348 1256 3429 coloris.)

851 3546 934 3616 In
968 3547 1249 3621 nomine
1283 3556 1520 3622 sancte
1561 3558 1631 3622 et
1666 3548 2036 3623 individue
2070 3551 2443 3625 Trinitatis.
2481 3552 2875 3627 Fridericus
2915 3554 3293 3646 secundus,
3336 3555 3576 3632 divina

755 3668 1034 3742 favente
1089 3670 1450 3744 clementia
1488 3673 1948 3745 Romanorum
1987 3674 2356 3770 imperator
2389 3696 2658 3771 semper
2686 3685 3062 3770 augustus,
3102 3677 3473 3751 Jerusalem
3506 3689 3578 3751 et

754 3790 982 3864 Sicilie
1014 3813 1167 3866 rex.
1216 3794 1598 3889 Imperialis
1624 3797 2035 3869 excellentia
2060 3798 2170 3870 sui
2194 3799 2492 3871 nominis
2540 3799 2774 3871 titulos
2823 3799 3107 3894 ampliat
3152 3810 3220 3873 et
3264 3802 3567 3891 extollit,

754 3931 912 3985 cum
948 3915 1181 3989 innate
1226 3917 1668 4012 benignitatis
1711 3922 1931 4014 gratia
1967 3919 2278 3994 fidelium
2326 3921 2566 3994 merita
2603 3920 2931 4015 prospicit
2965 3929 3035 3993 et
3062 3921 3286 4012 justas
3332 3943 3570 3997 eorum

752 4036 1216 4113 favorabiliter
1281 4042 1648 4137 petitiones
1711 4043 2035 4117 admittit.
2094 4046 2471 4140 Eapropter
2527 4045 2872 4117 universis
2920 4046 3191 4141 imperii
3249 4046 3573 4121 fidelibus

751 4166 889 4232 tam
936 4163 1375 4256 presentibus
1431 4187 1642 4258 quam
1691 4167 1942 4240 futuris
1991 4169 2315 4240 volumus
2358 4189 2512 4241 esse
2553 4177 2793 4240 notum
2834 4167 3025 4261 quod
3064 4170 3253 4242 cives
3286 4173 3573 4244 Tremo-

754 4283 1053 4376 nienses,
1095 4285 1340 4361 fideles
1371 4290 1622 4374 nostri,
1688 4290 2082 4363 celsitudini
2119 4300 2350 4366 nostre
2394 4292 2749 4365 humiliter
2782 4292 3256 4388 supplicarunt
3303 4306 3381 4366 ut
3407 4296 3576 4388 quia

752 4408 1105 4500 quoddam
1160 4412 1602 4507 privilegium
1656 4414 1759 4487 eis
1800 4436 1845 4487 a
1888 4423 2124 4488 nostra
2171 4415 2580 4489 celsitudine
2612 4425 2919 4512 tempore
2963 4417 3160 4511 regni
3195 4420 3409 4493 nostri
3453 4420 3572 4492 in·-

752 4531 1020 4606 dultum
1085 4558 1250 4610 casu
1314 4538 1594 4611 fortuito
1642 4539 1715 4611 in
1774 4540 2102 4614 incendio
2160 4541 2381 4638 ipsius
2439 4541 2681 4638 oppidi
2734 4542 3169 4615 combustum
3205 4545 3461 4637 fuerat,
3503 4554 3573 4618 et

749 4658 1102 4751 quoddam
1156 4663 1635 4758 transcriptum
1685 4664 1905 4760 ipsius
1967 4686 2092 4760 per
2147 4666 2380 4739 omnia
2432 4666 2657 4757 simile
2699 4676 3118 4741 remanserat
3168 4667 3362 4765 apud
3415 4689 3535 4742 eos
3551 4725 3568 4757 ,
