4500 5956
1123 610 1246 671 844
2121 593 2550 669 ‘tammum
2598 603 2945 667 sscumm
3568 603 3727 688 [ame.
3763 603 3935 666 1236.

1227 739 1577 838 [Sequitur
1602 741 2069 836 privilegium,
2102 751 2302 815 sexto
2328 739 2445 814 die
2470 739 2726 812 mensis
2751 737 2917 810 maii
2949 739 3075 814 424
3094 738 3138 808 6
3166 737 3459 826 editum,
3480 740 3673 835 quod
3697 738 3940 812 viden·

1130 863 1300 937 dum
1337 885 1580 957 supra,
1623 871 1676 933 t.
1715 862 1778 951 1,
1816 885 1889 958 p.
1931 860 2131 960 452]

1221 987 1360 1058 Nos
1397 985 1606 1078 igitur
1640 985 2070 1058 attendentes
2105 986 2317 1059 fidem
2356 993 2426 1057 et
2463 982 2899 1056 devotionem
2947 981 3287 1054 sinceram
3319 1004 3530 1077 quam
3573 981 3785 1056 iidem
3821 983 3939 1058 di-

1123 1109 1282 1182 lecti
1313 1108 1551 1180 fideles
1583 1109 1794 1180 nostri
1828 1110 1921 1182 ad
1963 1131 2329 1204 personam
2375 1116 2673 1180 nostram
2710 1114 2780 1178 et
2825 1104 3155 1177 honorem
3202 1104 3473 1200 imperii
3524 1105 3941 1181 incessanter

1124 1230 1383 1304 habere
1418 1240 1833 1323 noscuntur,
1875 1233 2200 1327 inspectis
2234 1232 2440 1305 etiam
2477 1230 2688 1323 gratis
2717 1237 2786 1301 et
2821 1230 3119 1322 acceptis
3146 1228 3443 1300 servitiis
3473 1251 3610 1322 que
3645 1230 3844 1302 nobis
3869 1240 3938 1305 et

1119 1356 1407 1451 imperio
1433 1377 1702 1450 semper
1728 1355 2063 1429 exhibent
2083 1365 2154 1429 et
2185 1357 2256 1427 in
2291 1363 2493 1427 antea
2528 1353 2616 1426 de
2640 1354 2823 1425 bono
2853 1353 2924 1424 in
2950 1353 3198 1425 melius
3218 1363 3538 1448 poterunt
3571 1355 3931 1444 exhibere,

1116 1478 1563 1574 privilegium
1613 1478 2092 1574 supradictum
2137 1476 2227 1551 de
2276 1479 2492 1550 verbo
2527 1479 2619 1551 ad
2657 1473 2944 1550 Verbum
2987 1476 3346 1571 privilegio
3396 1479 3690 1571 presenti
3744 1467 3933 1550 tran-

1116 1602 1445 1697 scriptum
1475 1601 1809 1692 jussimus
1844 1602 2182 1674 innovari.
2222 1603 2335 1672 Ex
2372 1600 2907 1674 habundantiori
2963 1620 3245 1694 quoque
3278 1601 3496 1694 gratia
3531 1611 3761 1675 nostra
3797 1603 3934 1673 im-

1117 1725 1360 1821 periali
1407 1724 1795 1797 sanccimus
1843 1725 2072 1798 edicto
2115 1726 2310 1818 quod
2340 1724 2634 1820 predicti
2675 1723 2906 1796 dilecti
2947 1722 3188 1796 fideles
3233 1725 3448 1796 nostri
3484 1733 3621 1797 tam
3671 1726 3932 1798 scabini

1119 1871 1328 1943 quam
1366 1849 1558 1921 cives
1597 1849 2029 1923 Colonienses
2058 1872 2187 1922 nec
2216 1850 2309 1921 ob
2346 1848 2580 1922 debita
2610 1869 2740 1920 nec
2769 1848 2861 1920 ob
2920 1848 3404 1943 promissiones
3437 1850 3935 1943 cujuscumque

1111 1974 1603 2069 archiepiscopi
1633 1982 1866 2046 sancte
1903 1973 2328 2046 Coloniensis
2359 1971 2651 2045 ecclesie
2691 1993 2816 2066 pro
2853 1981 3163 2067 tempore
3196 1971 3557 2044 existentis
3593 1982 3718 2043 aut
3750 1972 3932 2045 alte-

1113 2099 1257 2171 rius
1284 2096 1650 2189 cujuslibet
1683 2117 2001 2191 persone,
2037 2097 2107 2167 in
2140 2096 2453 2191 personis
2489 2096 2603 2167 vel
2638 2095 2848 2167 rebus
2892 2095 3041 2168 suis
3080 2094 3379 2169 debeant
3409 2094 3880 2190 dampnificari
3906 2151 3925 2182 ‚

1117 2220 1408 2294 detineri
1463 2229 1585 2291 aut
1629 2240 2069 2314 quocumque
2107 2218 2318 2293 modo
2369 2219 2623 2311 injuste
2669 2219 2941 2313 gravari
2985 2217 3045 2314 (l
3062 2218 3116 2315 ).
3166 2219 3455 2313 Insuper
3498 2219 3731 2291 omnia
3774 2219 3932 2310 jura

1113 2341 1513 2416 eorumdem
1544 2344 2011 2432 scabinorum,
2050 2343 2313 2415 civium
2344 2353 2413 2415 et
2447 2343 2745 2415 civitatis
2780 2364 3047 2415 necnon
3088 2351 3158 2415 et
3196 2364 3437 2415 omnes
3471 2343 3684 2414 bonas
3716 2351 3785 2415 et
3814 2366 3931 2416 ra-

1109 2467 1468 2539 tionabiles
1488 2467 2024 2540 consuetudines
2046 2488 2226 2562 quas
2254 2466 2432 2538 intra
2452 2466 2563 2539 vel
2595 2476 2793 2538 extra
2822 2466 3171 2539 civitatem
3202 2465 3533 2539 habuisse
3555 2477 3931 2539 noscuntur

1107 2614 1264 2664 cum
1305 2592 1629 2664 omnibus
1654 2614 1793 2684 que
1812 2592 1884 2663 in
1904 2592 2370 2686 suprascripto
2400 2590 2762 2687 privilegio
2792 2590 3257 2681 continentur,
3297 2588 3555 2663 eisdem
3585 2589 3677 2663 de
3711 2591 3930 2682 gratia

1107 2723 1339 2787 nostra
1385 2713 1896 2788 confirmamus.
1953 2717 2346 2788 Statuentes
2393 2726 2465 2787 et
2519 2714 2855 2811 imperiali
2910 2714 3314 2786 auctoritate
3372 2712 3651 2786 firmiter
3701 2715 3931 2809 preci-

1106 2838 1371 2933 pientes
1403 2847 1482 2910 ut
1513 2839 1706 2910 nulla
1733 2839 2015 2910 omnino
2042 2860 2335 2934 persona
2368 2840 2507 2912 alta
2548 2838 2660 2912 vel
2703 2837 3024 2924 humilis,
3079 2835 3540 2910 ecclesiastica
3573 2838 3686 2909 vel
3724 2860 3931 2912 secu-

1107 2960 1295 3052 laris,
1338 2960 1687 3056 predictos
1717 2961 2002 3035 dilectos
2037 2960 2279 3036 fideles
2314 2971 2579 3036 nostros
2609 2968 2845 3035 contra
2880 2960 3218 3057 presentis
3251 2960 3594 3056 privilegii
3626 2971 3927 3036 tenorem

1109 3105 1318 3177 super
1352 3084 1706 3177 aliquibus
1745 3108 1924 3158 ausu
1961 3087 2325 3159 temerario
2358 3087 2715 3158 molestare
2752 3094 3141 3180 presumat;
3178 3086 3371 3180 quod
3412 3086 3534 3179 qui
3565 3107 3930 3182 presump-

1109 3205 1298 3294 serit,
1336 3215 1567 3301 preter
1603 3228 1855 3301 penam
1886 3208 2198 3304 predicto
2229 3209 2593 3304 privilegio
2637 3209 3053 3304 appositam,
3091 3218 3369 3281 centum
3407 3209 3734 3282 librarum
3768 3209 3924 3305 puri

1106 3326 1258 3399 auri
1286 3340 1687 3422 componat,
1725 3330 2169 3405 medietatem
2205 3330 2374 3404 fisco
2413 3343 2670 3423 nostro,
2706 3332 3053 3426 reliquam
3083 3332 3287 3405 dictis
3322 3332 3651 3406 fidelibus
3676 3334 3924 3407 nostris

1104 3450 1664 3545 persolvendam.
1693 3452 1780 3525 Ut
1813 3461 2047 3526 autem
2080 3454 2206 3526 hec
2235 3455 2591 3529 innovatio
2617 3465 2686 3529 et
2717 3455 3141 3530 confirmatio
3177 3457 3391 3530 robur
3419 3458 3729 3530 obtineat
3756 3479 3926 3552 per-

1106 3583 1316 3671 petue
1350 3573 1723 3666 firmitatis,
1776 3597 2064 3671 presens
2116 3578 2563 3672 privilegium
2607 3578 2755 3654 fieri
2788 3588 2861 3653 et
2894 3579 3085 3651 bulla
3129 3600 3366 3653 aurea·
3392 3581 3664 3678 typario
3700 3592 3927 3653 nostre

1105 3698 1479 3790 majestatis
1511 3699 1841 3793 impressa
1861 3699 2197 3790 jussimus
2232 3702 2575 3794 insigniri.

1201 3823 1427 3913 Hujus
1453 3822 1550 3893 rei
1590 3832 1793 3896 testes
1819 3832 1981 3896 sunt
2015 3850 2032 3895 ε
2067 3826 2155 3897 H.
2204 3825 2659 3916 Coloniensis,
2713 3828 2840 3900 Th.
2901 3828 3345 3902 Treverensis
3388 3827 3916 3925 archiepiscopi,

1193 3996 1217 4018 .
1276 3998 1295 4015 .
1352 3945 1570 4018 abbas
1599 3946 2056 4042 Prumiensis,
2118 4003 2137 4020 .
2201 4005 2220 4023 .
2286 4005 2303 4022 .
2360 3950 2577 4024 abbas
2609 3952 3138 4035 Werdenensis,
3193 3954 3279 4023 H.
3333 3952 3486 4025 dux
3519 3953 3915 4040 Brabantie‚

1107 4070 1193 4139 H.
1226 4069 1653 4161 lantgravius
1675 4071 2030 4165 Turingie,
2063 4074 2270 4146 frater
2294 4075 2381 4145 H.
2417 4074 2745 4167 magister
2773 4076 3131 4171 hospitalis
3160 4076 3408 4149 Sancte
3431 4076 3643 4149 Marie
3679 4077 3926 4150 domus

1108 4190 1685 4266 'theutonicorum
1719 4191 1847 4290 [in]
1867 4195 2237 4270 Jerusalem
2257 4249 2278 4288 ‚
2319 4197 2658 4270 Henricus
2682 4218 2911 4270 comes
2931 4198 3278 4272 Seinensis
3297 4252 3317 4290 ,
3358 4198 3486 4271 Th.
3519 4220 3752 4273 comes
3782 4199 3928 4271 Cle-

1106 4314 1366 4405 vensis,
1408 4316 1492 4387 O.
1527 4336 1758 4389 comes
1790 4317 2156 4412 Gelrensis,
2197 4322 2313 4392 W.
2342 4342 2574 4396 comes
2597 4322 3052 4416 Juliaciensis,
3091 4324 3169 4396 L.
3201 4344 3431 4397 comes
3453 4322 3921 4411 Hostadensis‚

1171 4592 1252 4745 <(¹⁴)
1288 4593 1371 4651 Cs.
1408 4609 1573 4668 supra
1601 4597 1938 4673 privilegium
1968 4601 2182 4660 Henrici
2203 4602 2367 4677 regis,
2398 4608 2531 4662 tom.
2560 4604 2652 4675 nl,
2682 4622 2738 4679 p.
2766 4605 2898 4676 us,
2925 4603 3020 4661 ubi
3047 4602 3150 4662 sub
3182 4604 3385 4664 eisdem
3408 4603 3590 4664 verbis
3620 4603 3928 4662 immunitas

1104 4703 1172 4746 ea
1205 4704 1294 4747 em
1320 4689 1651 4764 exprimitur.
