4500 5956
529 622 719 678 lxmcr.
752 618 844 696 8.]
1427 619 1819 681 HISTORIA
1870 617 2451 680 mPLOMA'rch.
3220 620 3340 681 729

528 750 833 857 speciali
897 750 1206 859 recipit,
1282 752 1659 833 mandans
1730 778 1827 835 ne
1903 752 2180 862 aliquis
2252 776 2380 834 eas
2452 749 2531 829 in
2600 749 2858 859 aliquo
2937 749 3337 871 molestare

522 891 985 988 praesumat.

687 1096 933 1173 (Inedit.
975 1113 1051 1156 ex
1088 1098 1333 1173 origin„
1362 1098 1513 1156 inter
1539 1113 1802 1174 pergam.
1843 1098 2172 1170 Dusseren‚
2215 1104 2286 1155 n·
2327 1104 2395 1166 2,
2426 1098 2487 1154 ln
2522 1094 2748 1154 archiv.
2779 1110 2904 1171 reg.
2935 1096 3203 1170 provinc.
3231 1110 3332 1170 ap.

759 1202 1127 1262 Dusseldorf.
1162 1201 1390 1263 Pendet
1429 1200 1626 1263 adhuc
1652 1204 1910 1280 sigillum
1937 1201 2106 1262 albae
2147 1217 2316 1261 cerae
2341 1217 2476 1260 cum
2502 1200 2620 1259 filis
2646 1202 2846 1260 sericis
2882 1199 3025 1259 flavi
3067 1205 3128 1259 et
3172 1198 3335 1259 rubri

760 1303 1023 1383 coloris.)

618 1492 1020 1564 Fredericus
1041 1544 1062 1582 ,
1098 1493 1221 1564 Dei
1255 1494 1475 1586 gratia
1506 1493 1966 1566 Romanorum
1998 1493 2368 1588 imperator
2397 1515 2670 1588 semper
2711 1500 3085 1585 augustus,
3123 1493 3332 1564 Jeru-

525 1616 735 1688 salem
770 1626 840 1688 et
865 1616 1095 1688 Sicilie
1150 1638 1302 1688 rex.
1345 1617 1472 1713 Per
1502 1637 1790 1712 presens
1820 1616 2149 1711 scriptum
2188 1625 2427 1689 notum
2460 1616 2608 1689 fieri
2645 1616 2966 1687 volumus
2995 1617 3337 1688 universis

528 1738 848 1812 fidelibus
891 1741 1141 1812 nostris
1199 1749 1267 1811 et
1314 1740 1583 1835 imperii
1632 1750 1772 1813 tam
1818 1742 2243 1834 presentibus
2275 1763 2486 1835 quam
2543 1738 2792 1811 futuris
2823 1739 3016 1833 quod
3070 1792 3088 1809 .
3150 1794 3168 1811 .
3230 1796 3247 1811 .
3308 1794 3326 1812 .

525 1864 940 1936 venerabilis
996 1865 1343 1938 abbatissa
1397 1876 1465 1938 et
1518 1875 1899 1939 conventus
1964 1866 2358 1938 monasterii
2409 1865 2498 1937 de
2545 1866 2886 1936 Dusseren
2920 1862 3056 1960 (l),
3100 1862 3337 1938 fideles

525 1996 778 2079 nostre,
805 1990 1142 2081 majestati
1170 1998 1397 2061 nostre
1424 1989 1775 2061 humiliter
1809 1990 2283 2086 supplicarunt
2312 1998 2554 2061 uttam
2594 1989 2779 2083 ipsas
2815 2011 3025 2081 quam
3053 1997 3123 2060 et
3155 1971 3337 2061 bona

522 2112 919 2186 monasterii
957 2112 1270 2206 ejusdem
1307 2115 1441 2186 sub
1465 2124 1700 2187 nostra
1736 2125 1804 2187 et
1830 2114 2102 2210 imperii
2133 2113 2554 2209 protectione
2585 2112 2675 2186 de
2707 2121 2933 2184 nostra
2963 2113 3181 2206 gratia
3212 2135 3335 2185 re—

525 2235 751 2330 cipere
787 2234 1254 2330 dignaremur.
1290 2239 1428 2310 Nos
1464 2238 1677 2332 igitur
1713 2239 2335 2334 supplicationibus
2381 2238 2528 2310 suis
2552 2237 2853 2331 benigne
2880 2247 2950 2309 et
2979 2237 3336 2309 favorabi-

524 2358 679 2431 liter
738 2359 1084 2452 inclinati‚
1151 2361 1500 2456 predictas
1554 2362 1970 2436 abbatissam
2029 2371 2099 2434 et
2151 2373 2575 2435 conventum
2635 2362 2873 2434 fideles
2930 2371 3200 2433 nostras
3271 2372 3340 2435 et

524 2484 1018 2556 monasterium
1066 2479 1302 2579 'ipsum
1356 2508 1516 2558 cum
1570 2486 1893 2558 omnibus
1930 2487 2130 2558 bonis
2182 2486 2330 2557 suis
2359 2507 2497 2579 que
2535 2486 2605 2556 in
2639 2484 3134 2580 presentiarum
3156 2485 3341 2575 juste

526 2614 709 2679 tenet
744 2615 814 2679 et
847 2607 1155 2702 possidet
1188 2618 1257 2681 et
1289 2632 1428 2703 que
1466 2610 1540 2681 in
1574 2620 1773 2684 antea
1796 2613 1985 2705 justo
2020 2611 2221 2681 titulo
2254 2610 2501 2704 poterit
2531 2609 2857 2704 adipisci,
2894 2609 3027 2680 sub
3063 2616 3344 2702 protec—

530 2730 710 2804 tione
737 2742 973 2805 nostra
1003 2744 1075 2805 et
1104 2733 1374 2828 imperii
1399 2735 1785 2830 recepimus
1829 2734 2136 2830 speciali.
2177 2734 2605 2806 Presentium
2649 2733 2856 2827 igitur
2884 2740 3117 2804 tenore
3148 2753 3345 2805 man-

531 2852 779 2927 damus
814 2854 1098 2928 firmiter
1130 2856 1521 2930 inhibentes
1551 2859 1880 2953 quatinus
1911 2859 2144 2930 nullus
2179 2859 2267 2929 sit
2312 2858 2432 2951 qui
2471 2858 2764 2951 prefatas
2806 2855 3222 2927 abbatissam
3277 2863 3347 2926 et

530 2989 943 3053 conventum
975 2976 1220 3054 fideles
1242 2991 1507 3054 nostras
1534 3004 1614 3055 ac
1640 2983 1870 3078 ipsum
1898 2982 2387 3055 monasterium
2415 2989 2649 3053 contra
2674 2980 2883 3072 hujus
2907 2978 3346 3075 protectionis

529 3113 754 3175 nostre
805 3105 1135 3198 paginam
1183 3127 1358 3177 ausu
1408 3107 1769 3179 temerario
1815 3107 1888 3177 in
1935 3108 2169 3199 aliquo
2220 3107 2579 3179 molestare
2612 3104 2951 3190 indebite,
3010 3102 3346 3198 impedire

532 3227 638 3296 vel
680 3226 1063 3319 inquietare
1111 3238 1487 3322 presumat.
1547 3229 1750 3313 Quod
1809 3230 1935 3323 qui
1978 3229 2470 3325 presumpserit
2528 3228 3070 3322 indignationem
3134 3226 3345 3299 nostri

534 3349 846 3422 culminis
898 3372 974 3422 se
1023 3353 1292 3423 noverit
1335 3353 1801 3425 incursurum.
1857 3353 1968 3425 Ad
2009 3353 2219 3446 hujus
2245 3353 2482 3448 itaque
2512 3353 2612 3425 rei
2650 3353 3047 3425 memoriam
3087 3360 3157 3423 et
3190 3373 3347 3446 per-

534 3484 802 3566 petuam
830 3474 1243 3564 firmitatem,
1269 3496 1550 3571 presens
1579 3477 1913 3572 scriptum
1940 3475 2088 3548 fieri
2110 3475 2448 3568 jussimus
2471 3476 2838 3568 majestatis
2870 3482 3098 3548 nostre
3122 3474 3347 3566 sigillo

533 3597 896 3668 munitum.

624 3722 871 3792 Datum
903 3731 1073 3815 aput
1117 3722 1579 3795 Wormaciam
1601 3778 1621 3814 ‚
1673 3745 1859 3795 anno
1895 3723 2239 3796 dominice
2286 3722 2776 3795 incarnationis
2799 3721 3162 3793 millesimo
3198 3717 3346 3792 du-

540 3844 903 3916 centesimo
938 3845 1282 3918 tricesimo
1301 3848 1541 3940 quinto
1562 3905 1578 3934 ,
1622 3869 1858 3920 mense
1887 3848 2087 3939 julii,
2130 3856 2372 3920 octave
2407 3845 2828 3918 indictionis.

974 4150 2550 4163 mmm--mm-
2564 4147 2896 4160 m„

643 4426 1071 4532 ConraduS‚
1102 4427 1748 4513 Hildeshemensis
1784 4431 2210 4539 episcopm,
2256 4431 2618 4541 Gregorio
2652 4457 2894 4542 papae
2928 4433 3353 4543 gratulatur

2041 4630 2088 4638 -a

611 4717 677 4790 (l)
715 4720 875 4776 Juxta
898 4720 1196 4797 Duisburg,
1226 4724 1280 4780 in
1310 4723 1665 4798 westphalia.

725 4820 832 4881 IV.
876 4838 988 4880 Par·
1012 4838 1055 4880 2.
2957 4836 3032 4887 92

3479 4454 3686 4559 &23:¹23
