4500 5956
584 602 780 662 lamet.
810 600 900 678 9.]
1489 595 1879 658 HISTORIA
1932 596 2518 659 DIPLOMATICA.
3292 598 3409 659 877

581 736 673 810 ad
714 735 1079 808 terminum
1108 734 1335 827 ipsum
1379 754 1601 825 usque
1634 733 1706 803 in
1740 733 1987 805 festum
2027 739 2194 804 tunc
2225 732 2623 825 proximum
2666 731 3163 805 Purificationis
3208 734 3407 807 beate

579 859 884 953 Virginis
918 855 1459 952 prorogandum.
1499 857 1711 947 Cujus
1759 855 2229 950 compromissi
2275 856 2490 927 forma
2527 864 2596 928 et
2632 854 2782 946 die,
2829 867 3034 950 prout
3083 879 3204 952 per
3244 879 3404 930 nos·

579 993 761 1053 trum
788 980 1178 1076 predictum
1228 979 1544 1050 nuntium
1597 980 1952 1073 propalam
1994 981 2416 1073 accepimus,
2471 1000 2592 1073 per
2643 979 2891 1052 Sedem
2942 982 3399 1076 Apostolicam

577 1104 982 1198 acceptatis,
1025 1114 1094 1174 et
1132 1102 1442 1197 predicto
1475 1102 1803 1194 magistro
1834 1102 2406 1173 Theutonicorum
2441 1101 2528 1173 de
2567 1102 2889 1174 mandato
2922 1116 3154 1175 nostro
3180 1114 3247 1175 et
3281 1127 3396 1176 re-

576 1227 946 1322 quisitione
980 1246 1158 1319 pape
1210 1246 1349 1297 una
1401 1246 1558 1296 cum
1594 1225 1672 1295 G.
1719 1224 1808 1296 de
1844 1223 2201 1296 Arnestein
2242 1225 2415 1295 sacri
2478 1224 2748 1318 imperii
2808 1226 2880 1295 in
2931 1227 3122 1297 Italia
3170 1229 3395 1319 legato

578 1353 770 1422 velut
795 1349 884 1421 ad
916 1348 1391 1443 recipiendum
1414 1348 2070 1420 consummationem
2096 1348 2349 1440 negotii
2382 1348 2821 1441 procedente,
2861 1349 3029 1420 dum
3056 1372 3177 1444 per
3203 1353 3395 1422 Lom-

576 1472 892 1545 bardiam
977 1471 1390 1543 venerabilis
1444 1526 1461 1542 .
1527 1525 1543 1542 .
1608 1525 1625 1541 .
1683 1470 2069 1565 patriarcha
2149 1471 2631 1542 Antiochensis
2686 1473 2781 1566 (a)
2844 1472 2964 1565 qui
3041 1472 3131 1544 de
3207 1474 3395 1566 lega-

576 1599 759 1669 tione
795 1597 993 1668 Sedis
1042 1594 1431 1691 Apostolice
1460 1596 1605 1687 jam
1644 1616 1686 1666 a
1734 1595 1975 1687 majori
2009 1602 2201 1688 parte
2232 1593 2774 1666 Lombardorum
2800 1597 3104 1689 ipsorum
3143 1619 3266 1692 pro
3298 1596 3390 1692 (b)

576 1731 770 1816 parte
803 1720 1109 1793 Ecclesie
1140 1720 1709 1815 compromissum
1735 1730 2109 1814 receperat,
2147 1720 2585 1814 pertransiret
2612 1719 2806 1814 apud
2830 1722 3169 1793 Veronam
3197 1725 3389 1795 exis-

578 1854 758 1936 tenS‚
794 1845 1401 1940 compromissione
1435 1846 1692 1938 prefata
1721 1843 2102 1939 pendente,
2153 1854 2453 1915 rectores
2488 1844 2828 1916 societatis
2855 1845 3165 1936 ejusdem
3218 1847 3390 1918 civi-

574 1978 781 2042 tatem
830 1970 1291 2042 veronensem
1352 1968 1423 2038 in
1477 1969 1697 2040 oculis
1759 1968 1980 2062 ipsius
2029 1968 2375 2059 magistri,
2441 1967 2773 2060 premissa
2827 1968 3118 2062 proinde
3175 1970 3392 2041 multa

572 2094 866 2191 pecunia
904 2104 974 2166 et
1007 2094 1292 2167 occultis
1319 2093 1472 2164 aliis
1500 2092 1894 2184 fraudibus,
1949 2093 2280 2163 instanter
2321 2091 2411 2162 ab
2453 2091 2804 2183 obsequiis
2843 2094 3090 2164 nostris
3125 2094 3390 2188 eripere

570 2219 1011 2311 satagebant,
1048 2227 1118 2291 et
1144 2217 1559 2312 eripuissent
1609 2217 1883 2310 utique,
1925 2217 1984 2288 si
2032 2215 2338 2306 magistri
2388 2216 2726 2309 presentia
2784 2237 2919 2288 non
2981 2218 3221 2289 fuisset
3255 2218 3379 2312 (1).

569 2339 831 2412 Eodem
862 2341 1194 2433 magistro
1243 2351 1311 2411 et
1353 2339 1434 2411 G.
1487 2340 1742 2413 deinde
1789 2338 1980 2433 apud
2014 2340 2174 2410 Este
2219 2338 2309 2410 de
2349 2338 2634 2410 consilio
2682 2340 3064 2433 patriarche
3097 2342 3385 2435 predicti

572 2464 1031 2558 presentibus,
1062 2465 1184 2535 ubi
1205 2473 1501 2537 rectores
1515 2464 1806 2558 predicti
1819 2465 2237 2536 acclamento
2257 2471 2646 2536 contractus
2670 2464 2861 2557 pacis
2885 2485 3081 2536 suam
3104 2466 3387 2558 palliare

434 2629 439 2636 ·
569 2588 944 2679 nequitiam
979 2588 1402 2677 nitebantur,
1439 2588 1898 2659 marchionem
1929 2589 2309 2674 Estensem,
2350 2587 2550 2657 nobis
2576 2597 2645 2658 et
2681 2588 2964 2679 imperio
2991 2609 3082 2659 ex
3104 2590 3386 2681 antiqua

571 2711 1084 2804 progenitorum
1137 2733 1418 2782 suorum
1479 2711 1688 2805 stirpe
1734 2709 2042 2800 fidelem,
2099 2719 2601 2781 sacramentum
2647 2710 2990 2781 societatis
3037 2712 3210 2781 inire
3267 2733 3387 2782 re—

568 2844 919 2924 nuentem,
962 2837 1166 2907 etiam
1200 2833 1735 2930 lacrymabiliter
1764 2843 2135 2927 coegerunt
2172 2832 2301 2928 (2).
2347 2833 2696 2905 Ezelinum
2724 2835 2930 2904 etiam
2964 2834 3053 2905 de
3085 2835 3385 2908 Romano

566 2960 686 3053 qui
717 2960 1053 3054 expositis
1084 2959 1405 3033 omnibus
1440 2982 1579 3054 que
1612 2960 1946 3051 habebat,
1984 2959 2076 3030 ad
2116 2958 2514 3031 fidelitatem
2551 2967 2850 3029 nostram
2880 2959 3383 3053 promptissima

567 3083 934 3158 devotione
973 3085 1308 3174 redierat,
1367 3085 1460 3156 ad
1512 3085 1686 3155 illud
1732 3083 1916 3155 idem
1960 3094 2123 3154 tunc
2165 3083 2493 3176 temporis
2543 3092 2982 3155 arctaverunt
3025 3082 3162 3177 (3),
3212 3086 3382 3156 alias

564 3210 891 3301 magistro
916 3212 1181 3304 prefato
1215 3210 1701 3281 nichilominus
1733 3209 1994 3281 bonum
2021 3208 2209 3302 pacis
2241 3209 2387 3280 zelo
2426 3206 2753 3279 laudabili
2801 3209 3088 3280 sollicite
3133 3231 3382 3302 prose-

563 3333 837 3426 quenti,
878 3333 1212 3404 condictis
1235 3331 1427 3427 apud
1450 3332 1828 3404 Bononiam
1854 3332 2005 3404 loco
2028 3341 2097 3403 et
2127 3342 2462 3425 tempore,
2492 3331 2960 3425 multipliciter
2986 3331 3373 3405 illudentes.

561 3456 644 3528 Et
679 3456 842 3529 licet
874 3477 968 3528 ex
1003 3456 1138 3527 hiis
1163 3452 1537 3552 [putarent]
1558 3455 1890 3550 sepedicti
1918 3454 2142 3527 nuntii
2181 3455 2393 3526 nostri
2431 3455 2768 3548 probabili
2797 3457 2960 3528 satis
2992 3459 3382 3547 conjectura

644 3629 731 3710 (a)
772 3632 1016 3708 Legitur
1047 3633 1110 3691 in
1151 3632 1353 3692 codice
1392 3628 1771 3697 venerabilem
1808 3604 1984 3691 talem
2021 3632 2084 3690 G.
2117 3631 2439 3710 episcopum
2465 3651 2487 3689 .-
2514 3632 2676 3708 quod
2710 3633 2794 3691 ita
2820 3635 3183 3692 correximus
3219 3640 3278 3693 et
3304 3651 3375 3693 ex

561 3737 945 3815 sequentibus
971 3743 1031 3798 et
1055 3753 1131 3798 ex
1158 3737 1368 3799 litteris
1406 3754 1592 3816 papae
1624 3737 1844 3814 quibus
1874 3738 2222 3815 legationem
2249 3737 2617 3815 patriarchae
2650 3737 3017 3799 Antiocheno
3043 3741 3378 3799 committit.

559 3843 713 3904 Vide
739 3860 941 3921 supra,
972 3860 1035 3920 p.
1069 3853 1184 3905 779
1212 3849 1273 3904 et
1297 3850 1422 3904 not.
1451 3853 1509 3904 1.

504 3962 537 3990 ·
640 3948 725 4030 (b)
763 3949 1217 4026 superabundat
1242 3953 1306 4009 in
1326 3949 1526 4010 codice
1550 3950 1745 4043 denuo
1771 3967 1891 4011 vox
1917 3950 2149 4030 mesori.

558 4124 901 4137 ..q-m-m--ssff-
932 4130 1179 4137 m-‘-fl--
1192 4132 1233 4137 --
1247 4132 1349 4137 --.--
1367 4134 1375 4137 .
1390 4131 1635 4138 —0———ffi
1648 4131 1875 4138 .-ι-Ἣ-

631 4234 701 4306 (t)
734 4235 886 4304 Quae
909 4235 1087 4292 omnia
1112 4234 1461 4308 scriptoribus
1483 4235 1681 4293 Italicis
1703 4236 1795 4309 qui
1820 4241 2125 4312 supersunt,
2152 4236 2367 4310 penitus
2395 4234 2661 4308 incognita
2686 4234 2951 4307 videntur.
2983 4235 3061 4291 De
3087 4233 3249 4292 rebus
3276 4235 3383 4292 Ve-

557 4332 875 4389 ronensibus
896 4331 1021 4388 vide
1042 4348 1207 4405 supra
1229 4331 1472 4406 papalem
1497 4333 1777 4406 epistolam
1799 4340 1856 4390 et
1881 4333 2155 4408 imperiale
2180 4348 2518 4406 responsum,
2537 4349 2593 4405 p.
2623 4334 2681 4388 84
2695 4335 2725 4386 3
2743 4337 2798 4387 et
2815 4334 2939 4389 832.

630 4426 699 4499 (2)
736 4426 909 4484 Corde
933 4434 1115 4485 tamen
1143 4435 1200 4486 et
1231 4430 1410 4487 animo
1435 4430 1676 4487 Estensis
1710 4430 1948 4487 marchio
1974 4431 2114 4504 parti
2147 4429 2457 4487 Guelforum
2485 4445 2698 4503 semper
2727 4427 2968 4486 adhaesit
2989 4430 3044 4485 in
3071 4435 3347 4502 posterum
3363 4474 3380 4500 ,

557 4523 698 4579 sicut
722 4523 1048 4582 videbimus.

629 4622 702 4693 (3)
739 4622 819 4678 De
848 4621 949 4679 hoc
970 4622 1117 4679 nulla
1153 4623 1421 4680 invenitur
1445 4624 1648 4681 mentio
1675 4624 1815 4698 apud
1847 4625 2003 4684 Verci
2028 4624 2084 4681 in
2107 4639 2205 4682 sua
2232 4624 2604 4682 Eceelinorum
2626 4624 2865 4696 historia,
2895 4640 3070 4698 neque
3099 4624 3154 4681 id
3182 4640 3384 4682 memo·

557 4726 813 4775 taverunt
840 4719 1002 4775 etiam
1028 4720 1316 4794 scriptores
1338 4722 1631 4778 coaetanei.
