4500 5956
570 619 765 681 tunm.
798 619 885 703 9.J
1483 619 1873 681 HISTORIA
1924 618 2508 680 DlpLoMATch.
3279 624 3393 687 871

572 751 921 845 nandum,
966 751 1055 826 de
1101 774 1244 847 quo
1289 752 1557 827 firmam
1601 766 1797 850 potes
1849 754 2176 829 fiduciam
2229 776 2507 851 gerere,
2548 752 2740 849 quod
2774 776 2934 827 cum
2963 777 3006 829 a
3035 777 3111 830 se
3146 779 3276 832 sua
3320 769 3389 832 et

570 898 736 951 suos
778 885 1057 973 propter
1091 878 1316 950 Deum
1351 876 1781 953 abdicaverit
1826 890 1899 954 et
1936 880 2384 976 semetipsum
2418 878 2568 971 ejus
2612 877 2892 951 servitio
2933 880 3229 953 totaliter
3268 881 3392 955 de-

572 1000 857 1091 dicarit,
911 1000 1004 1073 ad
1061 1021 1146 1072 ea
1202 1002 1566 1075 dumtaxat
1615 1001 1921 1075 studebit
1971 1000 2345 1098 procedere
2396 1001 2653 1095 quibus
2712 1000 3040 1075 honorem
3086 1003 3392 1077 Ecclesia

568 1125 782 1220 possit
815 1146 900 1198 ac
926 1124 1199 1219 imperii
1236 1125 1628 1215 confovere,
1665 1126 1845 1199 sicut
1872 1147 1965 1199 ex
1998 1126 2217 1221 ipsius
2246 1125 2572 1221 operibus
2600 1125 2922 1219 colligere
2952 1127 3205 1221 poteris
3230 1129 3389 1201 evi-

571 1247 852 1339 denter;
887 1258 957 1321 et
1002 1248 1058 1320 si
1093 1248 1216 1342 qui
1256 1247 1448 1321 aliud
1484 1261 1894 1343 suggerant,
1950 1249 2330 1345 imperialis
2364 1249 2773 1320 excellentia
2817 1248 3132 1321 auditum
3177 1250 3391 1323 male-

571 1372 747 1444 volis
797 1371 1185 1444 interdicat.
1224 1371 1528 1444 Tandem
1576 1393 1742 1446 vero
1788 1373 2031 1446 litteris
2085 1373 2222 1444 tuis
2257 1372 2583 1467 receptis,
2630 1372 3025 1467 petitionem
3065 1382 3254 1446 tuam
3299 1373 3389 1446 de

572 1495 907 1569 mittendo
952 1495 1044 1569 ad
1084 1505 1315 1592 partes
1356 1496 1541 1591 ipsas
1576 1497 2043 1570 venerabilem
2073 1499 2346 1568 fratrem
2394 1506 2699 1568 nostrum
2750 1496 3196 1591 patriarcham
3243 1497 3385 1569 An·

572 1618 1006 1711 tiochenum,
1067 1628 1347 1715 propter
1402 1641 1484 1692 ea
1527 1640 1668 1714 que
1712 1621 2149 1715 premisimus
2203 1619 2642 1714 nequivimus
2695 1619 3057 1692 exaudire.
3105 1619 3216 1692 Ad
3259 1619 3389 1693 hec

571 1764 731 1815 cum
766 1743 1137 1838 plurimum
1176 1741 1418 1817 honori
1455 1753 1575 1817 tuo
1609 1744 1942 1840 expedire
1977 1745 2298 1818 credatur
2331 1753 2409 1814 ut
2444 1743 2820 1816 adventum
2863 1754 3059 1815 tuum
3099 1742 3391 1815 dilectus

568 1865 752 1940 filius
787 1868 1112 1960 magister
1138 1866 1500 1963 hospitalis
1528 1869 1778 1940 Sancte
1804 1868 2019 1941 Maria
2052 1868 2628 1940 Theutonicorum
2661 1866 3206 1962 lerosolymitani
3237 1888 3393 1962 pre·

570 1992 813 2083 cedat,
871 1993 1347 2065 excellentiam
1396 2002 1585 2066 tuam
1644 1992 2063 2083 monendam
2120 1993 2455 2066 duximus
2501 1991 2827 2064 attentius
2867 2000 2937 2064 et
2980 1990 3392 2064 hortandam

568 2126 910 2208 quatenus
957 2117 1286 2210 magistro
1317 2116 1689 2210 injungens
1728 2117 1957 2190 eidem
2003 2116 2194 2210 quod
2247 2115 2492 2188 faciem
2542 2125 2732 2187 tuam
2783 2115 3025 2187 itinere
3069 2116 3391 2188 festinato

567 2239 976 2333 preveniens
1008 2240 1100 2313 ad
1128 2248 1430 2313 nostram
1458 2239 1696 2313 venire
1732 2240 2144 2335 presentiam
2177 2259 2316 2312 non
2352 2247 2740 2334 postponat,
2771 2239 3002 2333 ipsum
3027 2239 3390 2311 nobiscum

569 2362 657 2436 de
692 2364 829 2435 hiis
862 2385 1004 2459 que
1034 2363 1127 2436 ad
1166 2364 1499 2437 honorem
1532 2363 1841 2435 Ecclesie
1880 2371 1950 2436 et
1988 2362 2258 2457 imperii
2306 2363 2692 2457 pertineant
2742 2371 3188 2436 tractaturum
3238 2362 3388 2434 sine

569 2486 894 2561 dilatione
932 2488 1352 2560 transmittas
1385 2486 1446 2583 (4
1463 2486 1517 2582 ).
1555 2485 1911 2559 Credimus
1946 2485 2161 2577 enim,
2210 2485 2270 2557 si
2310 2486 2554 2558 nostris
2588 2485 2790 2558 detur
2822 2495 3005 2558 stare
3051 2485 3382 2577 consiliis,

568 2633 649 2684 ea
680 2632 808 2684 nos
843 2612 988 2685 Deo
1022 2611 1401 2703 adjuvante
1439 2610 1845 2707 disponere,
1882 2610 2140 2705 quibus
2169 2610 2474 2682 confusis
2507 2610 2697 2706 pacis
2739 2611 2989 2683 emulis
3019 2610 3387 2685 concordia

568 2736 742 2808 inter
771 2735 1150 2809 Ecclesiam
1190 2744 1260 2808 et
1294 2735 1658 2829 imperium
1710 2736 2077 2808 reformata
2122 2734 2683 2808 indissolubiliter
2728 2736 2953 2808 valeat
2999 2735 3379 2809 observari.

661 2862 914 2933 Datum
947 2862 1368 2953 Interamne,
1403 2861 1493 2934 lv
1527 2860 1688 2933 idus
1715 2860 1943 2955 junii,
1987 2881 2170 2933 anno
2197 2859 2490 2932 decimo.

662 2985 938 3059 Adsunt
981 2986 1267 3082 insuper
1305 2984 1421 3082 (n¹·
1459 2987 1600 3056 ⁴05
1638 2996 1708 3058 et
1755 2986 1925 3081 406)
1972 3007 2126 3057 cum
2176 2984 2360 3057 notis
2416 2984 2916 3078 chronologicis
2964 2983 3226 3057 eisdem
3280 2985 3392 3055 lit·

570 3119 755 3184 terae
787 3109 1237 3205 Aquilegensi
1274 3118 1345 3183 et
1380 3109 1716 3183 Gradensi
1756 3108 2187 3206 patriarchis,
2226 3108 2745 3198 Mediolanensi,
2786 3109 3290 3182 Ravennatensi
3326 3119 3394 3183 et

569 3232 899 3306 Ianuensi
939 3232 1474 3328 archiepiscopis
1522 3253 1906 3325 eorumque
1949 3230 2434 3326 suffraganeis,
2480 3230 2791 3326 Papiensi
2812 3285 2831 3322 ,
2882 3232 3276 3305 Placentino
3328 3244 3397 3306 et

567 3359 986 3430 Ferrariensi
1040 3357 1418 3452 episcopis,
1459 3357 1865 3447 abbatibus,
1907 3356 2253 3452 prioribus
2284 3366 2353 3428 et
2386 3357 2670 3429 caeteris
2715 3378 2838 3452 per
2881 3356 3007 3428 has
3045 3357 3395 3431 dioeceses

568 3477 957 3550 constitutis
991 3478 1347 3571 praelatis,
1396 3478 1561 3548 item
1591 3476 1944 3549 nobilibus
1969 3485 2040 3547 et
2074 3476 2681 3549 communitatibus
2723 3498 2849 3572 per
2882 3477 3392 3564 Lombardiam,

574 3601 946 3674 marchiam
982 3601 1407 3673 Tervisinam
1456 3610 1527 3672 et
1569 3599 2045 3673 Romaniolam
2099 3599 2486 3671 constitutis
2523 3598 2865 3687 directae,
2906 3602 3163 3695 quibus
3217 3622 3400 3696 papa

568 3726 972 3822 episcopum
1002 3725 1476 3799 Prenestinnm
1507 3746 1551 3798 a
1586 3746 1663 3797 se
1696 3745 1854 3796 cum
1889 3724 2136 3819 plenae
2169 3722 2532 3816 legationis
2566 3722 2791 3795 officio
2823 3745 2944 3817 pro
2980 3744 3151 3818 pace
3184 3726 3395 3795 refor-

572 3847 827 3922 manda
858 3850 1151 3922 missum
1184 3849 1481 3921 nuntiat.

645 4206 721 4282 (t)
756 4205 923 4266 Paulo
945 4214 1071 4265 ante
1086 4250 1102 4279 ,
1131 4209 1335 4267 scilicet
1360 4211 1394 4267 t
1420 4209 1585 4283 junii,
1613 4210 1867 4282 magistro
1891 4209 2170 4284 hospitalis
2195 4210 2640 4268 'theutonicorum
2666 4224 2808 4284 papa
2841 4211 3135 4284 scripserat
3158 4216 3220 4267 ut
3246 4211 3314 4268 ad
3340 4226 3402 4267 se

570 4306 782 4363 veniret
800 4306 872 4364 de
887 4321 1025 4380 pace
1046 4307 1188 4365 inter
1202 4307 1497 4365 Ecclesiam
1524 4312 1582 4365 et
1604 4307 1891 4382 imperium
1914 4314 2257 4366 tractaturus.
2286 4308 2474 4383 Incipit
2496 4326 2510 4364 :
2532 4308 2612 4365 Ab
2631 4307 2839 4366 arbore.
2862 4310 3052 4367 Datum
3078 4309 3407 4381 Interamne,

574 4401 623 4458 11
650 4416 823 4460 nonas
843 4401 1003 4476 junii.
1024 4401 1203 4469 Indum
1230 4405 1387 4479 epist.
1410 4404 1628 4477 (ἕτερον.
1653 4404 1766 4474 ΙΧ,
1788 4418 1930 4463 anno
1951 4404 2026 4475 X,
2054 4414 2117 4460 n⁰
2142 4406 2268 4462 406.
