4500 5956
561 553 753 613 tamer.
789 552 873 630 7.]
1455 548 1850 609 HISTORIA
1900 550 2486 614 DIPLOMATch.
3258 551 3379 613 657

559 697 784 760 torum
825 696 1213 757 nostrorum
1250 685 1584 756 sincerius
1616 684 2024 779 diligamus,
2073 696 2143 759 et
2174 689 2459 759 fratrum
2504 687 2576 758 in
2622 708 2705 758 eo
2752 689 2897 759 Deo
2940 687 3375 758 militantium

558 810 1002 883 intendamus
1050 808 1414 882 commodo
1453 818 1523 881 et
1574 809 1841 881 honori.
1898 810 2052 895 Qua
2110 811 2199 884 de
2246 834 2324 882 re
2379 811 2649 884 noverit
2702 811 3107 883 universitas
3152 820 3379 884 vestra

557 934 748 1030 quod
787 955 914 1006 nos
941 932 1034 1005 ad
1072 934 1466 1005 instantiam
1496 941 1564 1005 et
1591 934 1990 1028 petitionem
2024 933 2255 1007 dilecti
2294 934 2518 1008 fidelis
2551 935 2763 1007 nostri
2803 935 3065 1007 Alberti
3107 935 3377 1007 abbatis

561 1057 650 1130 de
669 1058 1051 1152 Arnspurc,
1085 1055 1312 1128 eidem
1344 1056 1630 1128 ecclesie
1657 1058 1858 1128 talem
1897 1058 2185 1128 fecimus
2217 1058 2508 1151 gratiam
2536 1068 2605 1129 et
2639 1055 2962 1129 dedimus
2996 1057 3375 1130 libertatem

559 1190 636 1252 ut
663 1180 757 1253 de
798 1179 1121 1252 omnibus
1154 1178 1356 1251 bonis
1390 1178 1702 1271 ejusdem
1739 1180 2025 1252 ecclesie
2061 1181 2129 1251 in
2166 1202 2608 1275 quocumque
2639 1190 2871 1252 nostro
2907 1181 3168 1277 oppido
3203 1203 3377 1255 con-

560 1304 811 1376 stitutis
859 1304 1118 1374 nullam
1154 1323 1438 1397 prorsus
1470 1303 1847 1398 precariam
1891 1326 2012 1376 seu
2057 1306 2380 1376 steiuram
2426 1313 2549 1375 aut
2596 1305 3025 1377 exactionem
3075 1304 3378 1399 aliquam

560 1428 995 1521 requiramus
1030 1427 1144 1499 vel
1176 1427 1431 1519 requiri
1471 1437 1593 1498 aut
1627 1427 1844 1521 accipi
1893 1429 2394 1523 permittamus,
2434 1428 2559 1501 sed
2591 1428 2914 1501 volumus
2953 1437 3031 1498 ut
3062 1428 3153 1499 ab
3194 1431 3382 1501 omni

564 1551 1004 1624 exactionum
1061 1571 1315 1643 genere
1368 1550 1507 1621 sint
1554 1550 1752 1623 liberi
1805 1551 2081 1646 penitus
2132 1562 2202 1623 et
2254 1552 2616 1624 immunes.
2674 1550 3080 1624 Mandautes
3133 1562 3203 1624 et
3248 1553 3382 1624 sub

565 1674 1117 1748 interminatione
1160 1673 1378 1764 gratie
1427 1683 1659 1748 nostre
1709 1675 2168 1769 precipientes
2200 1687 2278 1746 ut
2317 1677 2507 1748 nulla
2551 1697 2858 1768 unquam
2921 1665 3208 1768 persona
3244 1676 3379 1747 hu-

564 1800 744 1872 milis
778 1800 893 1872 vel
925 1801 1062 1873 alta
1092 1800 1271 1872 hanc
1309 1809 1610 1873 nostram
1644 1801 2025 1873 libertatem
2071 1802 2419 1897 sepedicte
2455 1801 2745 1873 ecclesie
2781 1802 3093 1874 collatam
3128 1802 3384 1874 infrin-

568 1945 731 2017 gere
762 1925 1048 2016 audeat,
1091 1946 1134 1996 a
1188 1945 1400 2017 quam
1432 1946 1475 1997 a
1510 1924 1709 1997 bonis
1745 1926 1897 2017 ejus
1933 1925 2313 2020 precariam
2353 1926 2728 2019 exigendo.
2764 1925 2965 2011 Quod
3002 1927 3125 2019 qui
3162 1929 3387 1999 facere

563 2049 1080 2144 presumpserit,
1131 2048 1303 2120 iram
1355 2059 1660 2121 nostram
1706 2049 2176 2143 gravissimam
2227 2050 2473 2122 sentiet
2504 2059 2573 2121 et
2616 2049 2973 2121 offensam.
3013 2048 3124 2121 Ad
3180 2049 3390 2143 hujus

565 2173 800 2265 itaque
846 2173 1006 2245 facti
1042 2171 1255 2244 nostri
1292 2173 1711 2266 perhennem
1769 2175 2206 2264 memoriam,
2249 2195 2534 2270 presens
2569 2173 3011 2269 privilegium
3054 2175 3390 2247 conscribi

565 2306 631 2367 et
661 2296 890 2389 sigillo
923 2302 1153 2368 nostro
1180 2296 1516 2388 jussimus
1550 2296 1891 2390 insigniri.

662 2419 897 2491 Testes
934 2419 1030 2490 hii
1072 2428 1236 2491 sunt
1272 2447 1289 2489 ε
1330 2420 1627 2492 Sifridus
1654 2421 2100 2514 Maguntinus
2138 2420 2722 2516 archiepiscopuS,
2756 2423 3187 2494 Hermannus
3226 2424 3393 2493 Her-

567 2540 944 2635 bipolensis
982 2543 1387 2637 episcopus,
1421 2542 1784 2615 Cunradus
1821 2543 2037 2615 abbas
2076 2545 2305 2615 Sancti
2354 2544 2565 2633 Galli,
2609 2544 3137 2639 Deigenhardus
3183 2544 3396 2638 impe-

573 2665 754 2738 rialis
801 2667 957 2739 aule
1002 2666 1559 2762 prothonotarius
1607 2678 1676 2740 et
1718 2668 2108 2763 prepositus
2149 2669 2380 2740 Sancti
2424 2668 2701 2740 Ioannis
2755 2667 2825 2737 in
2879 2669 3157 2762 Houge,
3201 2668 3395 2739 Wer·

575 2811 779 2863 nerus
817 2790 1202 2886 prepositus
1237 2790 1325 2863 de
1357 2790 1780 2875 Gicheburc;
1812 2793 1997 2883 la'ici,
2030 2813 2262 2864 comes
2282 2792 2641 2864 Heinricus
2666 2790 2753 2863 de
2777 2793 3026 2885 Seyne,
3058 2793 3398 2885 Rupertus

576 2934 799 2987 comes
837 2911 929 2986 de
963 2914 1270 3006 Kastele,
1321 2915 1683 2988 Heinricus
1729 2914 1818 2988 de
1861 2915 2082 3012 Nipha
2103 2972 2119 3003 ,
2170 2914 2613 2988 Eberhardus
2658 2914 2748 2988 de
2794 2914 3184 3005 Eberstein,
3240 2915 3400 2988 Ger-

579 3040 762 3111 lacus
825 3038 915 3111 de
965 3040 1351 3134 Butingen,
1408 3041 1769 3113 Heinricus
1827 3040 1916 3113 de
1970 3042 2406 3135 Hagenowe,
2472 3040 2831 3135 Philippus
2884 3038 2976 3113 de
3026 3040 3392 3132 Bolandia,

578 3163 880 3236 Lutolfus
919 3164 1339 3258 burgravius
1367 3164 1459 3237 de
1498 3163 1903 3252 Frideberc‚
1939 3173 2008 3236 et
2041 3163 2156 3236 alii
2188 3165 2659 3259 quamplureS.

665 3288 918 3359 Datum
944 3287 1138 3383 apud
1168 3289 1597 3377 wirzeburc,
1633 3310 1819 3361 anno
1848 3288 2123 3361 Domini
2154 3288 2753 3376 M.CC.XXX1111⁶‚
2785 3297 3029 3383 quarto
3071 3287 3400 3362 kalendas

574 3409 777 3500 junii,
818 3409 1194 3485 indictione
1222 3412 1366 3485 VII.

680 4025 907 4108 Anno
969 4025 1103 4110 MC
1111 4023 1466 4107 CXXXIV
1518 4023 1838 4109 verbum
1900 4024 2146 4106 crucis
2207 4021 2685 4133 praedicatur
2735 4028 3001 4104 contra
3064 4022 3388 4133 Stagin-

586 4181 714 4265 gos
759 4155 883 4267 (1)
940 4183 1078 4266 per
1137 4157 1530 4241 inferiores
1585 4167 1841 4266 partes
1902 4156 2367 4240 Theutoniae
2427 4166 2504 4238 et
2562 4155 2987 4239 Flandriae.
3061 4156 3391 4242 Collecto

580 4359 708 4372 ’,-

1747 4367 1794 4375 -.

2244 4367 2300 4374 ...-

646 4475 715 4548 (t)
754 4496 782 4530 ι
808 4476 1048 4533 Fuerunt
1082 4482 1260 4533 autem
1292 4478 1530 4552 Stadingi
1572 4477 1756 4552 populi
1792 4478 1850 4534 in
1888 4476 2113 4535 confinio
2146 4477 2350 4535 Frisiae
2381 4484 2436 4534 et
2463 4477 2728 4536 Saxoniae
2758 4478 2875 4550 siti,
2910 4478 3194 4551 paludibus
3228 4477 3388 4537 inviis

585 4575 636 4626 et
660 4571 971 4630 fluminibus
994 4573 1377 4647 circumcincti,
1410 4575 1501 4649 qui
1524 4591 1625 4650 pro
1648 4576 1763 4632 suis
1792 4575 2102 4632 excesmbus
2128 4580 2183 4632 et
2199 4575 2651 4634 subtractionibus
2672 4575 3002 4634 decimarum
3025 4576 3209 4633 multis
3234 4577 3391 4633 annis

582 4672 1034 4743 excommunicati,
1059 4679 1455 4748 contemptores
1485 4674 1713 4734 clavium
1748 4673 2017 4733 Ecclesiae
2042 4681 2169 4733 sunt
2185 4675 2410 4734 inventi.
2443 4676 2546 4746 Qui
2571 4691 2695 4733 cum
2722 4680 2904 4734 essent
2925 4674 3029 4732 viri
3052 4673 3275 4744 strenui,
3306 4674 3385 4733 vi-

726 4771 833 4834 IV.
875 4789 989 4833 Pus
1010 4791 1054 4834 2.
2997 4783 3072 4835 88

3534 4059 3719 4115 23111111.
