4500 5956
1203 569 1326 631 794
2120 568 2167 628 .“
2203 563 2632 627 rmnssluct
2679 564 3030 629 sncuan
3652 561 3814 642 [Am.
3850 562 4034 627 1235.-

1205 724 1348 798 que
1377 699 1577 775 nobis
1610 698 1881 774 dudum
1922 697 2239 774 exhibuit
2270 708 2339 772 et
2384 699 2669 774 exhibet
2716 700 3166 790 incessanter,
3202 698 3404 790 cujus
3436 696 3691 773 intuitu
3746 697 4034 773 domum

1210 824 1572 921 hospitalis
1605 821 1897 918 predicti
1944 820 2177 916 dignis
2220 822 2670 917 proponimus
2703 820 3062 897 beneficiis
3101 820 3464 916 ampliare,
3498 821 3646 894 suis
3679 822 4036 917 supplica⁴

1206 948 1512 1022 tionibus
1549 944 1894 1036 inclinati,
1931 944 2378 1019 donationem
2423 954 2493 1020 et
2536 946 3010 1021 venditionem
3050 946 3184 1019 sibi
3218 955 3290 1019 et
3335 944 3576 1020 domui
3607 967 3736 1025 sue
3779 946 4028 1021 factam

1207 1070 1299 1146 ab
1335 1071 1596 1145 eisdem
1640 1067 2018 1143 Bertrando
2058 1069 2363 1143 Porcelet
2395 1078 2464 1142 et
2504 1070 2795 1144 isabella
2830 1092 3054 1146 uxore
3099 1090 3228 1144 sua
3269 1069 3360 1144 de
3408 1069 3753 1144 casalibus
3783 1090 4034 1166 supra-

1205 1195 1450 1287 dictis,
1502 1194 1683 1266 sicut
1710 1192 2028 1287 superius
2074 1202 2178 1266 est
2221 1214 2556 1288 expressa
2590 1203 2661 1268 et
2693 1196 3077 1269 confectum
3123 1193 3386 1268 exinde
3432 1194 3737 1268 eontinet
3777 1194 4035 1268 instru-

1199 1328 1549 1408 mentum,
1624 1325 1843 1389 ratam
1907 1316 2246 1389 habemus
2313 1326 2647 1415 perpetuo
2709 1328 2779 1393 et
2858 1318 3281 1392 auctoritatis
3348 1326 3581 1392 nostre
3645 1318 4034 1392 munimine

1199 1441 1724 1532 confirmamus3
1767 1448 2144 1513 statuentes
2177 1451 2257 1513 ut
2288 1451 2427 1515 tam
2455 1443 2603 1538 ipse
2637 1444 2960 1538 magister
2986 1464 3200 1537 quam
3236 1443 3476 1517 fratres
3498 1450 3569 1515 et
3598 1463 3844 1516 omnes
3868 1464 4034 1516 suo-

1200 1588 1509 1640 cessores
1543 1586 1780 1638 eorum
1827 1565 2017 1636 omni
2073 1567 2307 1638 futuro
2363 1578 2671 1664 tempore
2711 1567 3018 1663 predicta
3067 1565 3322 1639 casalia
3372 1586 3532 1638 cum
3582 1564 4025 1658 hominibus,

1203 1690 1532 1782 gastinis,
1576 1688 1874 1782 justiciis
1928 1700 1998 1762 et
2048 1690 2472 1783 pertinentiis
2535 1691 2937 1764 eorumdem
2999 1690 3207 1785 pleno
3258 1689 3420 1780 jure
3472 1688 3758 1762 dominii
3804 1691 4028 1786 possi·

1201 1813 1413 1888 deant
1449 1822 1517 1886 et
1552 1821 1826 1885 teneant
1858 1812 2012 1886 sine
2041 1811 2233 1885 omni
2264 1813 2545 1887 servitio
2569 1814 2782 1886 libere
2808 1824 2877 1886 et
2909 1813 3171 1908 quiete,
3206 1813 3301 1887 ad
3333 1810 3732 1887 faciendum
3761 1813 4025 1889 exinde

1196 1935 1545 2032 quidquid
1587 1936 1806 2009 velint
1838 1936 1989 2010 sine
2034 1936 2571 2012 contradictione
2606 1939 2718 2012 vel
2761 1938 3071 2011 molestia
3121 1936 3440 2028 alicujus.
3482 1936 3571 2010 Ut
3614 1943 3846 2011 autffln
3893 1936 4032 2013 hec

1193 2069 1430 2135 nostra
1474 2058 1898 2133 confirmatio
1954 2061 2168 2132 robur
2208 2060 2517 2133 obtineat
2569 2070 2898 2156 perpetue
2947 2059 3292 2134 firmitatis
3314 2117 3333 2149 ,
3371 2079 3654 2155 presens
3691 2060 4022 2155 scriptum

1193 2180 1343 2259 fleri
1402 2192 1477 2257 et
1517 2183 1707 2256 bulla
1755 2205 1965 2256 aurea
2022 2184 2296 2279 typario
2356 2194 2586 2258 nostre
2643 2185 3019 2278 majestatis
3079 2184 3415 2280 impressa
3469 2183 3759 2260 fecimus
3813 2205 4021 2259 com-

1194 2306 1479 2379 muniri.

1288 2431 1515 2523 HuJus
1545 2429 1646 2502 rei
1682 2438 1889 2502 testes
1929 2439 2091 2501 sunt
2127 2457 2146 2501 :
2188 2428 2652 2505 Theodericus
2684 2431 3131 2505 Treverensis
3161 2438 3234 2504 et
3262 2428 3659 2504 Eberardus
3699 2429 4018 2526 Salzpur-

1188 2555 1427 2649 gensis
1481 2531 2022 2650 archiepiscopi,
2080 2552 2462 2627 Ekebertus
2508 2553 2608 2650 (a)
2659 2554 3257 2649 Babenbergensis
3277 2608 3298 2644 ,
3355 2553 3763 2647 Rudegerus
3811 2555 4021 2629 Pata-

1188 2679 1450 2752 viensis
1482 2733 1502 2768 ,
1581 2678 1948 2751 Heinricus
2014 2678 2551 2752 Constantiensis
2609 2688 2679 2753 et
2734 2679 3089 2753 Conradus
3144 2678 3604 2770 Frisingensis
3666 2678 4011 2775 episeopi3

1188 2803 1346 2876 Otto
1394 2802 1744 2898 palatinus
1792 2824 2024 2874 comes
2062 2802 2233 2874 Reni
2287 2812 2355 2877 et
2415 2803 2567 2875 dux
2617 2804 2943 2895 Bavarie,
2998 2800 3324 2874 Albertus
3368 2800 3675 2875 Saxonie
3743 2810 3813 2875 et
3860 2802 4019 2874 Ber-

1186 2925 1498 3000 nhardus
1545 2925 1904 3000 Karinthie
1959 2926 2207 3019 duces,
2261 2927 2628 3000 Heinricus
2666 2925 3098 3023 lantgravius
3137 2925 3511 3020 Thuringie
3555 2933 3624 3000 et
3670 2925 4020 3022 palatinus

1189 3072 1420 3124 comes
1472 3051 1807 3139 Saxonis,
1862 3052 2297 3124 Hermannus
2350 3051 2657 3124 marchio
2714 3051 2805 3126 de
2855 3050 3088 3125 Badeo
3113 3103 3132 3141 ,
3188 3050 3628 3123 Hermannus
3677 3048 3770 3125 de
3816 3050 4014 3126 otla-

1190 3173 1479 3266 munde,
1530 3176 1767 3270 Boppo
1814 3174 1903 3247 de
1943 3174 2443 3248 Hennenberch
2466 3229 2485 3264 ,
2535 3176 2899 3248 Heinricus
2937 3174 3029 3247 de
3066 3175 3269 3248 Seine
3310 3182 3380 3247 et
3413 3175 3873 3249 Hartmaunus
3926 3173 4036 3250 der

1187 3297 1535 3390 Dillingen
1591 3298 1907 3388 comites,
1954 3298 2343 3370 Fridericus
2374 3298 2464 3370 de
2493 3298 3034 3394 Trubendingen
3052 3352 3073 3391 ,
3113 3297 3528 3374 Godefridus
3560 3306 3632 3373 et
3660 3296 4015 3373 Conradus

1188 3419 1282 3495 de
1314 3419 1739 3509 Hohenloch,
1778 3421 2200 3494 Wolframus
2233 3420 2325 3494 de
2355 3421 2717 3494 Krutheim
2756 3422 2875 3519 (b),
2906 3432 2974 3496 et
3015 3421 3136 3494 alii
3168 3422 3639 3518 quamplures.

1287 3544 1576 3638 Signum
1620 3542 1886 3616 domini
1934 3544 2263 3617 Friderici
2306 3544 2631 3638 secundi,
2668 3547 2793 3619 Dei
2832 3546 3044 3641 gratia
3078 3544 3517 3618 invictissimi
3547 3544 4014 3620 Romanorum

1189 3669 1619 3765 imperatoris
1649 3689 1920 3765 semper
1952 3669 2256 3764 augusti,
2293 3671 2672 3745 Jerusalem
2709 3682 2778 3742 et
2809 3671 3038 3743 Sicilie
3066 3670 3272 3764 [θεῖε.
3307 3666 3892 3766 (Mmoqmmm.)

1283 3792 1459 3866 Acta
1487 3802 1651 3865 sunt
1684 3781 1813 3865 hec
1854 3814 2039 3866 auno
2072 3792 2419 3868 dominice
2448 3795 2938 3869 inoernationis
2977 3795 3342 3869 millesimo
3375 3793 3847 3869 ducentesimo
3893 3792 4014 3866 tri-

1046 3933 1049 3938 ·
1188 3917 1442 3990 oesimo
1488 3917 1769 4016 quint0,
1825 3938 2066 3990 mense
2128 3919 2562 4012 novembris,
2607 3919 2982 3993 indictione
3030 3940 3251 4009 nona,
3300 3919 3680 4015 imperante
3732 3916 4014 3991 domino

1183 4040 1566 4134 Friderioo,
1616 4040 1742 4114 Dei
1790 4041 2016 4136 gratia
2080 4044 2517 4118 serenissimo
2558 4044 3026 4117 Romanorum
3078 4043 3487 4139 imperatore
3547 4063 3818 4138 semper
3871 4062 4039 4117 au-.

1182 4172 1423 4257 gusto,
1464 4166 1843 4238 Jerusalem
1890 4175 1959 4238 et
1999 4165 2231 4239 Sicilie
2260 4190 2462 4263 rege,
2501 4168 2787 4241 Romani
2830 4168 3103 4264 imperii
3141 4169 3300 4260 ejus
3341 4188 3526 4242 anuo
3555 4168 3769 4250 XVP,
3811 4165 4014 4259 regni

1186 4288 1723 4383 ierosolymitani
1761 4311 1948 4364 anno
1976 4292 2126 4383 XP,
2161 4294 2358 4388 regni
2395 4314 2561 4367 vero
2590 4293 2824 4367 Sicilie
2851 4294 3071 4367 XXX‘
3095 4293 3265 4385 VIP,
3308 4292 3614 4368 feliciter.
3651 4290 3904 4364 Amen.
4039 4333 4044 4338 ι

1278 4412 1530 4483 Datum
1563 4411 1902 4507 Auguste,
1931 4436 2141 4506 anno,
2183 4437 2448 4508 mense,
2486 4415 2862 4492 indictione
2892 4417 3333 4517 pretimlatis.

1259 4577 1344 4647 (a)
1381 4574 1546 4636 Alias
1570 4571 1942 4653 Ekehardm,
1978 4581 2177 4641 minus
2205 4586 2381 4641 recte.

1261 4678 1345 4760 (b)
1389 4681 1552 4744 Alias
1578 4679 1649 4743 de
1673 4681 2007 4758 Knutheim,
2038 4687 2235 4747 minus
2262 4691 2439 4749 recte.
