4500 5956
959 1422 1085 1473 Apud

891 1473 1162 1527 ringenovve.

922 1536 1127 1582 angusto.

1244 588 1365 650 760
2239 594 2670 657 rmnmucl
2721 596 3070 658 sncumm
3706 601 3864 683 [Ans.
3903 604 4077 666 1235.

1249 744 1431 794 anno
1460 726 1825 819 praeterito
1857 729 1929 798 in
1960 729 2277 801 Tusciam
2315 729 2448 802 sibi
2488 732 2675 804 misit
2691 731 2752 828 (l
2770 732 2825 829 ),
2862 733 3054 828 quod
3088 734 3420 830 scriptum
3454 755 3578 830 per
3603 736 3839 810 omnia
3857 749 4079 811 ratum

1253 845 1485 919 habet.
1529 848 1781 945 Incipit
1811 851 1914 924 sic
1956 878 1975 924 z
2012 853 2434 951 Sunt-tissime
2472 856 2546 927 in
2573 857 2830 931 Christo
2860 859 3138 953 patri...
3177 859 3297 931 fol.
3339 881 3495 952 nx,
3529 882 3597 957 p.
3637 863 3707 933 ⁴.

1944 1162 1956 1169 0
1970 1162 2199 1172 -moeq-
2212 1164 2234 1173 φ
2247 1163 2485 1175 ..α-ι-ι-ο
2498 1164 2601 1174 0—-
2616 1163 3596 1175 *mm———Q-0-——m

1358 1421 1784 1507 Fridericus
1800 1485 1824 1530 ‚
1864 1423 2388 1508 Romanorum
2424 1425 2865 1534 imperator,
2908 1436 3178 1509 notum
3231 1426 3412 1510 facit
3464 1427 3677 1537 quod
3710 1428 3789 1508 in
3828 1454 4074 1539 gene-

1251 1554 1394 1636 rali
1432 1555 1645 1637 curia
1682 1581 1824 1638 sua
1858 1556 2245 1640 Walterus
2299 1557 2396 1639 de
2447 1557 2818 1669 Limburg
2869 1558 3230 1667 pincerna
3296 1559 3713 1643 Gottifredo
3766 1561 3863 1643 de
3914 1561 4080 1644 Ho—

1249 1687 1577 1771 henlohe
1630 1689 1888 1771 comiti
1931 1689 2424 1773 Romaniolae
2478 1716 2617 1800 pro
2670 1692 3216 1775 restauratione
3268 1692 3731 1776 damnorum
3801 1718 3939 1802 per
3997 1720 4080 1777 se

1252 1822 1396 1932 ipsi
1431 1821 1821 1904 illatorum
1835 1884 1859 1930 ‚
1901 1822 2113 1906 mille
2175 1849 2474 1907 marcas
2529 1825 2822 1935 argenti
2869 1824 3271 1908 solvendas
3322 1825 3707 1933 promisit,
3744 1835 3823 1908 et
3856 1850 4080 1935 super

1252 1953 1626 2038 solutione
1679 1963 2017 2037 castrum
2077 1981 2305 2039 suum
2352 1955 2983 2068 Schenckenberg
3030 1965 3106 2039 et
3141 1957 3292 2039 alia
3326 1956 3532 2041 bona
3566 1966 3727 2040 tam
3761 1957 3842 2039 in
3879 1984 4065 2068 pro-

1249 2087 1565 2196 prietate
1598 2112 1833 2199 quam
1872 2087 1952 2170 in
1990 2087 2232 2171 feodis
2268 2088 2663 2199 obligavit.

1410 2302 1682 2381 (Edider.
1712 2302 2200 2377 massanum,
2230 2300 2668 2383 Diplomatiscla.
2721 2305 2961 2366 Beweies
2983 2302 3081 2364 des
3104 2301 3310 2366 lomes
3347 2301 3710 2380 Holoenlolae,
3738 2311 3787 2367 t.
3821 2307 3850 2367 1
3868 2350 3885 2376 ,
3916 2306 4072 2385 beyl.

1486 2418 1555 2469 n·
1589 2409 1799 2483 XXII,
1832 2426 1891 2487 p.
1926 2417 2079 2485 898,
2109 2427 2185 2470 ex
2210 2413 2426 2488 origin.
2462 2413 2526 2471 in
2569 2409 2815 2471 archivo
2857 2410 3106 2471 Hohenl.
3133 2442 3214 2458 —
3239 2411 3576 2485 Lnnme,
3605 2408 3907 2493 Reliquiae
3945 2430 4075 2474 na-

1486 2514 1797 2594 nuscript„
1826 2521 1975 2576 tom.
2004 2515 2095 2588 11,
2126 2533 2182 2592 p.
2211 2514 2384 2595 216.)

1343 2700 1770 2792 Fridericus,
1812 2701 1939 2773 Dei
1985 2700 2205 2793 gratia
2250 2702 2713 2773 Romanorum
2762 2700 3128 2796 imperator
3161 2722 3432 2795 semper
3473 2710 3849 2794 augustuS,
3883 2701 4072 2773 Jeru-

1245 2824 1461 2896 salem
1511 2832 1581 2896 et
1625 2824 1852 2896 Sicilie
1911 2845 2066 2896 rex,
2127 2825 2260 2896 Per
2321 2846 2600 2917 presens
2653 2823 2986 2919 scriptum
3048 2833 3291 2896 notum
3345 2821 3491 2896 fieri
3548 2825 3873 2897 volumus
3918 2826 4075 2897 uni-

1245 2948 1464 3022 versis
1529 2948 1794 3045 imperii
1846 2945 2170 3022 fidelibus
2213 2956 2355 3020 tam
2406 2947 2841 3043 presentibus
2891 2968 3105 3042 quam
3156 2948 3408 3021 suturis
3457 2945 3650 3041 quod
3707 2948 3910 3022 nobis
3961 2970 4077 3021 re-

1248 3069 1639 3145 sidentibus
1700 3073 1772 3143 in
1832 3072 2087 3167 palatio
2147 3081 2379 3143 nostro
2435 3072 2837 3164 Hagenowe
2887 3071 2960 3141 in
3019 3070 3321 3164 generali
3379 3071 3571 3143 curia
3619 3092 3747 3166 pro
3791 3071 4077 3164 judiciis

1248 3195 1620 3268 audiendis
1644 3248 1664 3283 ‚
1723 3196 2202 3268 assistentibus
2271 3194 2471 3267 nobis
2527 3193 2873 3288 plerisque
2926 3194 3316 3289 principum
3373 3204 3442 3266 et
3493 3217 3855 3289 procerum
3909 3217 4076 3269 nos-

1250 3329 1550 3408 trorum,
1622 3316 1793 3390 dum
1863 3317 2273 3392 Gottifridus
2327 3317 2418 3391 de
2466 3317 2754 3389 Hohello
2816 3338 3049 3389 comes
3100 3317 3497 3390 Romaniole
3558 3317 3783 3392 fidelis
3854 3329 4077 3392 noster

1249 3440 1650 3513 conveniret
1701 3438 1771 3510 in
1827 3442 2166 3534 presentia
2211 3451 2444 3513 nostra
2479 3442 2859 3514 Walterum
2903 3439 2994 3514 de
3043 3440 3367 3537 Limpurc
3425 3440 3824 3535 pincernam
3872 3462 4078 3537 super

1249 3563 1603 3637 immensis
1631 3562 1954 3658 dampnis
1991 3564 2124 3636 sibi
2162 3564 2368 3637 illatis
2400 3585 2525 3658 per
2555 3585 2743 3655 eum,
2787 3563 3016 3636 dictus
3048 3565 3392 3636 Walterus
3422 3585 3583 3635 cum
3619 3563 3869 3637 eodem
3906 3564 4078 3638 Got-

1250 3687 1481 3759 tifrido
1514 3685 1605 3759 ad
1640 3686 2096 3781 subscriptam
2129 3687 2656 3758 conventionem
2695 3695 2764 3759 et
2795 3686 3323 3759 satisfactionem
3353 3688 3759 3778 gratuitam,
3800 3698 4078 3784 optenta

1247 3812 1522 3884 licentia
1559 3821 1630 3884 et
1663 3810 2114 3906 permissione
2156 3819 2416 3895 nostra,
2459 3808 2740 3882 devenit
2773 3838 2792 3882 ε
2830 3808 3156 3884 videlicet
3197 3810 3390 3905 quod
3422 3833 3548 3908 pro
3585 3813 4076 3886 restauratione

1252 3936 1708 4030 dampnorum
1751 3934 2065 4031 promisit
2105 3932 2335 4007 eidem
2381 3933 2744 4007 Gottifrido
2781 3934 2968 4008 mille
3008 3956 3276 4007 marcas
3317 3937 3583 4029 argenti
3621 3937 3777 4032 puri
3811 3945 3880 4010 et
3912 3936 4075 4009 boni

1248 4060 1646 4149 solvendas,
1683 4081 1806 4155 pro
1839 4058 2100 4154 quibus
2148 4058 2488 4151 obligavit
2540 4068 2608 4130 et
2645 4058 3025 4153 assignavit
3056 4058 3119 4130 ei
3154 4069 3454 4131 castrum
3488 4060 3973 4132 Scenkenburc
4008 4070 4079 4133 et

1251 4184 1566 4256 redditus
1639 4193 1912 4254 centum
1977 4183 2389 4253 talentorum
2441 4181 2952 4276 Herbipolensis
3020 4190 3331 4274 monete,
3400 4182 3824 4277 ubicumque
3890 4181 4074 4255 idem

1252 4305 1654 4378 Gottifridus
1706 4305 1778 4375 in
1835 4303 2035 4376 bonis
2092 4305 2313 4399 ipsius
2360 4303 2683 4376 Gualterii
2740 4305 2891 4378 sive
2941 4305 3013 4376 in
3061 4305 3475 4401 proprietate
3525 4304 3675 4378 sive
3727 4305 3798 4376 in
3858 4306 4077 4378 feodis

1245 4427 1561 4521 ejusdem
1605 4426 1775 4500 velit
1818 4426 2170 4522 accipere;
2218 4428 2315 4501 ita
2355 4426 2547 4521 quod
2593 4431 3078 4524 proprietatem
3137 4427 3587 4501 incontinenti
3644 4449 3769 4524 per
3812 4430 4075 4501 curiam

1320 4706 1391 4781 (4)
1428 4705 1688 4766 Videlicet
1713 4705 1859 4782 apud
1880 4706 2394 4781 Montemflasconis,
2421 4708 2716 4784 septembri
2747 4711 2908 4769 ⁴234.
2923 4708 3044 4768 vid.
3078 4724 3271 4784 supra,
3296 4725 3354 4784 p.
3380 4709 3504 4767 490.
