4500 5956
1102 545 1221 605 946
2193 546 2806 608 ADmTAMEN'rA.

1106 698 1225 749 rex
1248 731 1267 768 ,
1311 685 1379 749 et
1414 686 1662 751 cetera.
1707 678 1877 750 Cum
1917 677 2008 755 de
2043 679 2222 750 felici
2270 702 2593 774 processu
2645 690 2875 753 nostro
2918 679 3170 752 devota
3214 681 3363 754 sitis
3394 683 3749 756 affectione
3791 708 3912 758 so-

1105 801 1267 872 liciti
1304 812 1371 873 et
1417 802 1510 874 ad
1549 824 1788 874 eorum
1825 824 1962 895 que
2007 802 2189 874 circa
2234 825 2360 875 nos
2397 812 2695 896 aguntur
2731 803 3051 895 noticiam
3098 804 3445 898 aspiretis,
3487 808 3913 882 universitati

1106 936 1333 998 vestre
1386 926 1815 1021 presentibus
1852 927 2249 999 intimamus
2284 928 2406 1025 (a),
2446 928 2968 1000 occurrentibus
2998 928 3199 1000 nobis
3230 928 3542 1023 undique
3574 934 3914 1029 principi-

1102 1051 1235 1121 bus
1270 1051 1516 1122 nostris
1545 1053 1665 1143 qui
1700 1060 1893 1123 erant
1936 1051 2006 1121 in
2045 1052 2333 1145 regione
2367 1051 2550 1123 Utini
2589 1050 2708 1147 (b),
2748 1061 2887 1124 tam
2923 1052 3091 1145 ipsis
3132 1075 3340 1146 quam
3377 1056 3820 1146 magnatibus
3844 1066 3911 1128 et

1101 1173 1373 1268 populis
1410 1175 1706 1246 civitatis
1747 1175 2171 1268 presenciam
2222 1184 2521 1246 nostram
2555 1175 3049 1269 recipientibus
3084 1198 3355 1249 summo
3401 1188 3605 1269 vot03
3645 1190 3716 1251 et
3752 1202 3905 1253 cum

1099 1296 1498 1370 mandatum
1536 1308 1842 1369 nostrum
1879 1320 2001 1393 per
2036 1298 2293 1370 litteras
2337 1309 2600 1371 nostras
2638 1308 2707 1372 et
2758 1300 3049 1371 nuncios
3093 1311 3479 1373 emanasset
3514 1300 3606 1375 ad
3657 1305 3907 1376 multos

1101 1429 1175 1491 ut
1223 1419 1617 1512 abjurantes
1652 1423 1836 1493 omni
1877 1423 2267 1515 juramento
2301 1421 2359 1493 si
2397 1422 2569 1515 quid
2625 1422 2833 1494 alicui
2883 1424 3214 1514 fecerant,
3262 1424 3462 1496 nobis
3502 1435 3571 1496 et
3623 1427 3905 1521 imperio

1096 1544 1482 1639 specialiter
1551 1543 1893 1619 fidelitatis
1945 1549 2338 1637 juramenta
2397 1557 2819 1640 prestarent,
2877 1556 3016 1618 tam
3087 1548 3185 1618 illi
3243 1549 3367 1642 qui
3409 1549 3586 1641 jussi
3639 1551 3902 1622 fuerant

1096 1689 1307 1761 quam
1355 1670 1559 1740 ceteri
1612 1669 1703 1741 ad
1748 1691 1925 1763 quos
1970 1678 2258 1741 eventus
2305 1670 2519 1741 nostri
2562 1671 2745 1742 fama
2789 1670 3140 1766 pervenit,
3189 1671 3334 1743 zelo
3392 1669 3743 1745 fidelitatis
3784 1694 3904 1744 ac-

1098 1792 1324 1880 censi,
1368 1791 1696 1883 abjuratis
1741 1792 2161 1886 quibuslibet
2182 1793 2622 1886 juramentis,
2656 1802 2906 1866 statuta
2938 1815 3229 1888 persona
3271 1816 3395 1888 pro
3445 1805 3638 1889 parte
3678 1806 3904 1869 nostra

1097 1916 1168 1985 in
1222 1915 1605 2010 receptione
1657 1915 1750 2011 (c)
1795 1918 2337 2009 juramentorum
2360 1970 2381 2009 ,
2424 1918 2626 1990 nobis
2669 1926 2739 1990 et
2783 1916 3070 2012 imperio
3119 1920 3560 2014 sollenpniter
3612 1921 3902 2012 jurave-

1098 2048 1280 2110 runt.
1323 2039 1462 2112 Sed
1507 2040 1628 2110 ubi
1681 2041 2122 2135 pervenimus
2159 2042 2622 2137 Ratisponiam
2647 2095 2674 2134 ,
2718 2042 3175 2115 conveniente
3231 2042 3492 2116 ibidem
3543 2042 3899 2115 nobiscum

1098 2162 1374 2255 egregia
1425 2163 1812 2257 principum
1863 2164 2219 2253 comitiva,
2271 2165 2615 2237 nobilibus
2667 2173 2736 2237 et
2778 2165 3336 2238 ministerialibus
3372 2162 3475 2260 (d)
3522 2166 3759 2237 multis
3808 2187 3901 2237 ex

1096 2285 1386 2358 diversis
1433 2286 1790 2358 Alemanie
1842 2287 2154 2380 partibus
2207 2297 2277 2359 et
2327 2287 2417 2360 de
2463 2284 2723 2360 ducatu
2772 2296 3003 2360 nostro
3037 2289 3297 2361 Suevie
3339 2289 3902 2361 concurrentibus

1092 2408 1185 2481 ad
1245 2421 1542 2482 nostram
1603 2411 2025 2504 presenciam
2057 2467 2073 2496 ,
2137 2409 2227 2482 de
2287 2411 2777 2506 tranquillitate
2827 2412 3375 2506 circumjacentis
3416 2410 3503 2508 (e)
3554 2413 3904 2507 provincie

1088 2533 1290 2628 plene
1330 2535 1807 2624 tractavimus,
1845 2535 2253 2629 recipientes
2287 2534 2384 2605 ibi
2420 2535 2713 2607 nuncios
2747 2535 2838 2608 de
2880 2556 3207 2630 prospero
3243 2545 3424 2608 statu
3465 2536 3697 2607 future
3729 2557 3905 2607 con-

1088 2657 1288 2728 sortis
1332 2667 1595 2748 nostre,
1644 2658 1895 2731 sororis
1929 2658 2210 2730 illustris
2245 2659 2432 2753 regis
2467 2658 2883 2752 Anglorum,
2918 2680 3058 2753 que
3089 2668 3245 2753 post
3297 2679 3653 2731 accessum
3700 2680 3903 2730 suum

1085 2782 1157 2850 in
1192 2780 1620 2854 Alemaniam
1672 2803 2114 2876 quocumque
2154 2782 2471 2855 transivit
2508 2783 2697 2855 omni
2739 2779 3260 2855 honorificentia
3299 2781 3724 2876 principum,
3766 2803 3903 2854 no·-

1082 2903 1323 2974 bilium
1359 2901 1480 3001 [et]
1517 2906 1933 3001 populorum
1976 2906 2357 2978 devocione
2387 2903 2755 2997 magnifice
2790 2906 3125 2980 duximus
3161 2903 3680 3000 procedendum
3721 2903 3896 2997 (sic),

1085 3037 1286 3121 prout
1330 3029 1500 3099 tanti
1536 3029 1787 3101 federis
1829 3030 2048 3122 exigit
2088 3031 2519 3124 magnitudo.
2574 3031 2887 3104 Preterea
2929 3029 3095 3124 quia
3130 3050 3256 3100 rex
3291 3027 3475 3100 filius
3511 3037 3764 3118 noster,
3798 3048 3905 3098 re-

1085 3150 1492 3222 cedentibus
1531 3153 1853 3224 omnibus
1902 3153 1992 3224 ab
2046 3175 2130 3227 eo
2179 3166 2337 3249 post
2387 3152 2766 3228 adventum
2814 3162 3122 3225 nostrum
3168 3173 3346 3246 quos
3398 3152 3653 3225 invitos
3696 3150 3784 3223 ad
3827 3172 3904 3223 se

1082 3283 1408 3364 traxerat,
1454 3274 1544 3347 de
1578 3276 1872 3367 singulis
1906 3274 2335 3366 dubitande,
2393 3278 2694 3350 incertus
2731 3285 2965 3348 utrum
3002 3274 3096 3348 ad
3132 3274 3348 3371 pedes
3393 3284 3661 3348 nostros
3694 3295 3904 3347 acce-

1081 3398 1274 3471 deret
1307 3406 1535 3469 utrum
1566 3398 1759 3492 quod
1778 3407 2117 3494 oporteret
2137 3421 2300 3472 eum
2330 3401 2404 3472 in
2431 3402 2665 3495 aliquo
2697 3409 2919 3474 castro
2944 3399 3187 3496 recipi,
3217 3422 3377 3472 cum
3410 3399 3499 3473 de
3526 3400 3676 3494 (sic)
3703 3396 3902 3492 quasi

1083 3522 1175 3595 de
1218 3522 1436 3615 gratia
1487 3532 1716 3594 nostra
1773 3521 2086 3596 defidens
2134 3545 2210 3597 se
2245 3546 2406 3597 cum
2441 3526 2590 3598 suis
2640 3526 2711 3602 in
2757 3533 2978 3597 castro
3014 3524 3309 3597 Trevelli
3352 3530 3701 3617 receptare
3744 3541 3902 3616 pro-

1082 3656 1405 3741 poneret,
1448 3645 1727 3719 tandem
1765 3647 1858 3719 ad
1894 3668 2012 3719 cor
2054 3669 2373 3724 reversus
2417 3649 2708 3722 nuncios
2760 3669 2926 3721 suos
2979 3646 3420 3722 venientibus
3470 3645 3673 3720 nobis
3713 3642 3899 3739 apud

1082 3772 1542 3844 Nuoremberc
1574 3771 1671 3867 (f)
1704 3773 2109 3862 destinavit,
2150 3794 2276 3869 per
2311 3795 2492 3868 quos
2531 3773 2981 3847 devocionem
3033 3794 3230 3844 suam
3277 3772 3479 3866 plene
3523 3770 3727 3842 nobis
3774 3788 3895 3841 ex·

1085 3918 1345 3990 ponens
1374 3906 1442 3968 et
1477 3895 1976 3988 indulgentiam
2010 3898 2370 3992 postulans
2402 3897 2650 3970 obtulit
2688 3918 2764 3970 se
2806 3905 3125 3992 paratum
3171 3894 3261 3967 ad
3297 3914 3423 3966 nos
3454 3894 3661 3984 juxta
3690 3911 3901 3963 man-

1167 4147 1251 4228 (a)
1293 4148 1419 4209 Sub
1444 4150 1557 4210 hoc
1586 4150 1714 4211 loco
1743 4152 2033 4228 quaedam
2057 4152 2259 4213 deesse
2283 4153 2581 4213 videntur.

1168 4252 1251 4333 (b)
1296 4255 1365 4316 In
1400 4255 1600 4317 codiee
1622 4256 1826 4330 vicini,
1856 4258 2030 4318 male.

1173 4360 1248 4439 (c)
1292 4362 1367 4421 In
1390 4361 1589 4422 codice
1615 4363 1918 4441 recipiant,
1947 4365 2220 4440 pessime.

1168 4465 1258 4547 (d)
1299 4468 1371 4528 In
1396 4467 1595 4528 codice
1620 4468 2098 4530 ministrantibus.

1174 4572 1249 4651 (e)
1301 4574 1371 4633 Iu
1398 4573 1599 4634 codice
1623 4574 2093 4637 circundat-entis.

1170 4679 1267 4760 (s)
1294 4681 1365 4742 In
1391 4680 1589 4741 codice
1614 4680 2005 4742 Rourembert.
