4500 5956
644 634 833 694 lmmcr.
868 633 958 711 5.]
1536 633 1932 696 HISTORIA
1980 633 2571 695 mPLOMATrcA.
3350 636 3467 698 567

735 768 1109 858 Henricus,
1148 768 1609 842 Romanorum
1640 789 1772 842 rex
1807 769 1934 842 Dei
1971 769 2189 863 gratia
2226 791 2498 865 semper
2535 782 2910 863 augustus,
2954 770 3296 844 universis
3333 773 3470 847 im·-

648 892 814 987 perii
846 890 1172 965 fidelibus
1203 892 1524 987 paginam
1574 892 1760 965 hanc
1805 894 2063 966 visuris
2094 894 2385 988 gratiam
2425 916 2624 967 suam
2660 905 2729 969 et
2763 915 2967 968 omne
3006 897 3295 969 bonum.
3332 898 3473 971 Re-

648 1016 780 1109 gali
817 1015 1291 1089 munificentie
1339 1015 1525 1090 cedit
1563 1016 1656 1091 ad
1692 1017 1982 1108 gloriam
2019 1018 2079 1090 si
2128 1018 2363 1111 dignis
2394 1019 2662 1093 extollit
2686 1019 3100 1113 honoribus,
3150 1022 3209 1092 si
3237 1042 3470 1095 rerum

650 1139 1015 1234 amplificat
1050 1140 1490 1213 incrementis
1515 1140 1628 1212 sui
1661 1141 1958 1213 cultores
1993 1141 2227 1213 lateris
2264 1150 2334 1214 et
2364 1164 2647 1214 suorum
2672 1144 2983 1215 conscios
3017 1154 3461 1217 secretorum.

653 1265 818 1335 Hinc
862 1264 1049 1336 enim
1090 1264 1372 1338 devotio
1420 1264 1711 1358 pullulat
1763 1264 1838 1337 in
1873 1264 2200 1356 subjectis
2248 1275 2320 1338 et
2353 1275 2644 1360 augetur
2675 1288 3006 1340 numerus
3041 1269 3112 1339 in
3157 1269 3462 1363 devotis,

652 1389 1135 1483 multiplicante
1190 1387 1662 1463 munificentia
1718 1410 1845 1485 per
1894 1390 2297 1486 exemplum
2349 1391 2688 1485 quicquid
2738 1392 2960 1487 potuit
3016 1414 3140 1486 per
3183 1395 3472 1486 gratiam

654 1512 1035 1585 contulisse.
1080 1512 1249 1587 Inde
1288 1523 1395 1587 est
1434 1512 1627 1607 quod
1662 1523 1904 1586 notum
1938 1535 2090 1586 esse
2124 1514 2448 1587 volumus
2481 1515 2825 1586 universis
2859 1519 3110 1588 nostris
3149 1515 3472 1590 fidelibus

654 1644 785 1707 tam
829 1637 1260 1730 presentibus
1297 1659 1510 1732 quam
1565 1637 1819 1709 futuris
1866 1637 2054 1732 quod
2106 1637 2518 1710 constitutus
2563 1638 2635 1708 in
2689 1640 3031 1734 presentia
3079 1651 3307 1712 nostra
3360 1640 3470 1713 di·

654 1760 862 1832 lectus
926 1762 1251 1858 princeps
1309 1772 1538 1835 noster
1605 1761 1902 1836 Sifridus
1966 1762 2524 1859 archiepiscopus
2581 1765 3023 1857 Moguntinus
3083 1764 3472 1838 celsitudini

655 1893 875 1956 nostre
904 1884 1325 1981 supplicavit
1349 1893 1605 1959 attente
1633 1895 1712 1958 ut
1731 1885 2172 1960 donationem
2202 1897 2274 1959 et
2305 1888 2815 1963 concessionem
2846 1888 3274 1983 principatus
3299 1891 3477 1963 Lau-

655 2008 963 2082 rissensis
1002 2009 1289 2082 ecclesie
1319 2031 1482 2082 cnm
1519 2010 1709 2082 omni
1740 2010 2028 2103 honore,
2065 2011 2372 2103 vasallis,
2418 2010 2998 2103 ministerialibus,
3044 2012 3309 2102 castris,
3347 2034 3473 2108 op·

656 2132 829 2226 pidis
849 2187 870 2223 ,
914 2133 1407 2228 proventibus,
1444 2133 1722 2226 juribus
1758 2142 1829 2207 et
1871 2134 2304 2231 pertinentiis
2331 2136 2502 2227 suis,
2540 2157 2583 2208 a
2610 2135 2892 2208 domino
2923 2144 2993 2206 et
3021 2145 3212 2230 patre
3243 2148 3474 2211 nostro

657 2255 992 2330 Friderico
1027 2258 1480 2332 invictissimo
1511 2259 1975 2332 Romanorum
2011 2260 2419 2355 imperatore
2449 2281 2721 2356 semper
2750 2269 3069 2354 augusto,
3103 2261 3474 2334 Jerusalem

659 2390 719 2453 et
763 2382 994 2456 Sicilie
1041 2403 1207 2477 rege
1232 2439 1248 2471 ,
1298 2382 1503 2455 nobis
1552 2384 1991 2480 presentibus
2048 2394 2118 2456 et
2176 2385 2798 2475 consentientibus,
2848 2384 3288 2458 laudabiliter
3344 2386 3479 2457 sibi

659 2507 898 2580 factam
933 2516 1004 2580 et
1037 2507 1323 2580 ecclesie
1358 2508 1764 2603 Moguntine
1805 2506 1953 2604 (l),
1997 2508 2229 2581 denuo
2271 2518 2488 2581 ratam
2523 2508 2782 2581 habere
2816 2517 2884 2580 et
2922 2530 3332 2581 conservare
3377 2510 3485 2580 in·

660 2629 1060 2704 violabiliter
1107 2630 1543 2705 deberemus.
1582 2633 1721 2706 Nos
1774 2633 1988 2728 igitur
2036 2632 2466 2705 attendentes
2514 2642 2710 2727 grata
2745 2633 3076 2727 obsequia
3122 2656 3259 2727 que
3299 2634 3483 2707 dicta

662 2756 937 2827 ecclesia
982 2755 1390 2848 Moguntina
1426 2757 1630 2830 nobis
1670 2766 1739 2829 et
1786 2758 2346 2853 progenitoribus
2389 2758 2637 2829 nostris
2678 2756 2984 2829 noscitur
3023 2756 3475 2851 impendisse,

665 2880 1170 2953 considerantes
1214 2881 1421 2954 etiam
1455 2881 1738 2956 servitia
1776 2881 2010 2954 debita
2057 2881 2348 2976 imperio
2382 2903 2521 2975 que
2570 2902 2695 2975 per
2735 2880 3205 2975 impotentiam
3247 2903 3489 2954 mona-

664 3006 839 3077 sterii
881 3006 1239 3079 memorati
1283 3007 1347 3078 ei
1389 3005 1726 3079 hactenus
1775 3018 1937 3079 sunt
1987 3006 2371 3097 subtracta,
2418 3026 2545 3101 per
2584 3004 2847 3078 dictum
2892 3003 3485 3101 archiepiscopum

665 3136 725 3201 et
749 3150 1179 3203 successores
1222 3131 1374 3222 ejus
1420 3151 1624 3226 posse
1654 3151 1958 3224 congrue
2003 3129 2356 3222 exhiberi,
2402 3131 2913 3203 concessionem
2940 3140 3011 3203 et
3048 3130 3488 3204 donationem

665 3253 1031 3347 predictam
1076 3262 1405 3349 tanquam
1442 3254 1535 3326 de
1565 3275 1850 3326 assensu
1894 3263 2126 3326 nostro
2165 3254 2414 3327 factam
2466 3263 2681 3327 ratam
2724 3253 3098 3347 habentes,
3147 3256 3488 3350 presentis

665 3378 906 3470 regalis
940 3376 1196 3472 pagine
1237 3378 1588 3450 sancimus
1633 3377 1862 3450 edicto
1901 3387 2244 3472 quatenus
2292 3377 2480 3451 nulla
2516 3400 2808 3473 persona
2839 3379 2977 3451 alta
3005 3380 3118 3451 vel
3165 3380 3484 3472 humiliS,

668 3502 1114 3575 ecclesiastica
1168 3503 1282 3575 vel
1318 3501 1708 3594 mundana,
1748 3502 1815 3574 ei
1860 3524 2037 3575 ausu
2077 3504 2436 3576 temerario
2487 3504 2825 3577 contraire
2867 3514 3239 3598 presumat.
3288 3503 3489 3589 Quod

670 3625 724 3695 si
748 3628 905 3721 quis
941 3627 1407 3717 attentaverit,
1445 3638 1672 3721 preter
1707 3625 2255 3721 indignationem
2284 3650 2497 3723 quam
2534 3650 2630 3700 ex
2661 3628 2797 3700 hoc
2831 3627 3112 3719 incidet,
3146 3630 3490 3722 quinqua-

670 3749 851 3840 ginta
913 3752 1123 3824 libras
1176 3752 1325 3824 auri
1370 3774 1447 3824 se
1499 3752 1774 3824 noverit
1825 3754 2412 3848 compositurum,
2468 3774 2763 3847 quarum
2819 3751 3257 3824 medietatem
3308 3751 3496 3825 curie

671 3886 916 3967 nostre,
960 3877 1244 3947 alteram
1278 3896 1446 3947 vero
1478 3876 1657 3971 parti
1692 3897 1891 3970 passe
1926 3875 2248 3967 injuriam
2285 3878 2609 3949 volumus
2647 3875 2998 3970 applicari.

759 3999 989 4072 Testes
1029 3999 1237 4093 hujus
1276 3997 1813 4072 confirmationis
1849 4010 2079 4072 nostre
2127 4009 2291 4071 sunt
2332 4026 2349 4069 z
2396 4001 2475 4070 B.
2519 3997 2903 4094 patriarcha
2940 3996 3483 4092 AquilegiensiS,

673 4119 747 4191 E.
784 4123 1301 4217 Salzburgensis
1337 4122 1931 4218 archiepiscopus,
1969 4124 2054 4194 H.
2103 4122 2645 4217 HerbipolensiS,
2685 4121 2765 4193 E.
2803 4121 3364 4216 BambergensiS.
3415 4124 3485 4196 S.

677 4242 1177 4318 Ratisbonensis
1227 4244 1601 4339 imperialis
1649 4247 1805 4318 aule
1855 4244 2346 4337 cancellarius,
2407 4245 2766 4317 Heinricus
2815 4245 3370 4337 wormatiensiS,
3413 4245 3489 4319 C.

680 4363 1116 4464 Frisingensis
1159 4368 1512 4465 episcopi,
1565 4370 1782 4444 abbas
1832 4370 2061 4443 Sancti
2113 4368 2324 4459 Galli,
2374 4370 2716 4462 Saxonie,
2755 4370 3094 4462 Meranie,
3143 4368 3499 4443 Karinthie

1312 4622 2287 4635 —n-*Q--mo———o
2314 4625 3088 4635 -οῳ--ι-φ-ο-...ᾘ

758 4774 823 4850 (4)
855 4778 933 4839 ef.
962 4795 1147 4855 supra,
1172 4795 1231 4854 p.
1261 4783 1366 4841 326
1398 4786 1453 4838 et
1476 4796 1631 4857 seqq.
