4500 5956
1107 610 1229 671 628
2150 605 2496 666 HENRlCl
2547 604 2882 665 SEPTlm
3557 607 3718 683 [Amr.
3758 608 3929 671 1234.

1111 741 1580 839 spectantibus
1601 761 1723 835 per
1754 742 2132 837 emptiones
2149 738 2302 812 sive
2329 739 2599 812 cambia
2629 759 2760 809 nec
2792 759 2932 809 non
2957 737 3481 809 elemosinarum
3501 740 3931 832 largitionem

1112 868 1206 941 ad
1222 870 1450 962 ipsum
1476 866 1964 938 monasterium
1987 864 2313 937 devolute
2333 863 2613 950 fuerint,
2650 862 2866 934 libere
2893 860 3241 955 possideat
3262 862 3577 954 etquiete
3596 864 3932 957 quicquid

1110 991 1201 1062 ab
1235 989 1494 1061 eisdem
1532 998 1670 1059 tam
1706 988 1798 1060 de
1837 988 2211 1059 mobilibus
2243 1008 2455 1079 quam
2495 986 2641 1058 suis
2690 985 3159 1056 immobilibus
3205 985 3616 1057 conferatur.
3670 986 3929 1058 Confir-

1108 1135 1378 1185 mamus
1411 1111 1616 1183 etiam
1659 1111 1790 1205 ipsi
1823 1111 2110 1183 ecclesie
2152 1120 2230 1181 ut
2258 1109 2595 1203 quicquid
2638 1131 2730 1180 ex
2768 1109 3133 1201 largitione
3168 1106 3601 1201 pontificum,
3644 1130 3930 1183 conces-

1104 1236 1296 1308 sione
1323 1234 1746 1329 principum,
1800 1231 2174 1306 donatione
2203 1233 2568 1324 comitum,
2624 1232 2969 1305 baronum
3013 1253 3137 1303 seu
3167 1232 3459 1303 aliorum
3504 1230 3814 1304 fidelium
3853 1234 3926 1306 in

1102 1361 1600 1453 presentiarum
1638 1360 1824 1450 juste
1868 1380 1950 1429 ac
1996 1357 2485 1429 rationabiliter
2517 1355 2824 1450 possidet
2869 1353 2982 1425 vel
3043 1355 3114 1424 in
3162 1355 3472 1425 futurum
3495 1357 3683 1446 juste
3707 1355 3924 1429 dona·

1103 1482 1307 1554 tionis
1332 1482 1530 1553 titulo
1572 1482 1821 1576 poterit
1862 1480 2189 1574 adipisci,
2242 1477 2436 1550 firma
2479 1488 2548 1550 et
2592 1478 2854 1549 illibata
2887 1476 3018 1548 sibi
3044 1486 3488 1571 permaneant
3516 1477 3709 1570 (sic),
3770 1480 3925 1551 Do-

1102 1604 1292 1675 mino
1318 1613 1552 1675 nostro
1587 1603 1801 1674 Jhesu
1846 1603 2105 1675 Christo
2154 1603 2445 1674 feliciter
2494 1601 2939 1674 concedente.
2981 1598 3090 1673 Ad
3137 1602 3337 1692 cujus
3368 1601 3468 1672 rei
3501 1602 3921 1695 perhennem

1097 1727 1537 1816 memoriam,
1597 1736 1981 1821 presentem
2031 1727 2356 1821 paginam
2403 1726 2737 1798 conscribi
2782 1725 3119 1818 jussimus
3161 1733 3230 1796 et
3285 1726 3657 1816 majestatis
3690 1735 3921 1799 nostre

1093 1849 1285 1921 bulla
1324 1849 1748 1942 consignari,
1808 1851 2000 1943 regia
2043 1850 2451 1922 auctoritate
2480 1849 2787 1921 districte
2810 1848 3265 1943 precipientes
3298 1857 3375 1918 ut
3402 1849 3570 1919 nulli
3608 1871 3917 1942 unquam

1093 1992 1385 2065 persone
1427 1973 1692 2044 licitum
1747 1975 1837 2045 sit
1889 1973 2070 2045 hanc
2121 1984 2352 2045 nostre
2397 1970 2932 2044 confirmationis
2988 1973 3314 2065 paginam
3364 1971 3736 2064 infringere
3789 1994 3913 2045 seu

1091 2096 1323 2188 aliquo
1359 2096 1423 2168 ei
1466 2097 1862 2168 temeritatis
1900 2118 2076 2168 ausu
2115 2097 2423 2169 obviare.
2480 2098 2632 2180 Que
2674 2096 2796 2187 qui
2844 2097 3067 2167 facere
3115 2096 3632 2190 presumpserit,
3685 2096 3757 2166 in
3791 2117 3919 2169 sue

1091 2219 1628 2313 presumptionis
1682 2241 1932 2313 penam
1976 2230 2249 2291 centum
2306 2240 2569 2290 marcas
2616 2218 2711 2311 (a)
2765 2220 3032 2309 argenti
3093 2218 3473 2292 examinati
3510 2228 3909 2313 componat,

1089 2362 1385 2435 quarum
1419 2343 1752 2416 medietas
1790 2342 1956 2415 fisco
1991 2355 2253 2431 nostro,
2298 2365 2457 2437 pars
2482 2343 2751 2436 reliqua
2782 2343 3003 2438 passis
3029 2344 3123 2434 inj
3135 2343 3351 2414 uriam
3381 2345 3838 2438 persolvatur.

1181 2465 1413 2535 Testes
1440 2463 1539 2536 hii
1565 2474 1727 2536 sunt
1759 2491 1776 2536 ε
1814 2467 1894 2537 Β.
1932 2466 2348 2539 venerabilis
2361 2465 2881 2557 Argentinensis
2903 2466 3302 2560 episcopus,
3330 2466 3406 2537 C.
3442 2468 3658 2538 abbas
3678 2468 3911 2538 Sancti

1085 2584 1287 2675 Galli,
1332 2609 1562 2661 comes
1594 2589 1953 2660 Heinricus
2000 2590 2089 2663 de
2114 2589 2395 2675 Werda,
2440 2610 2667 2661 comes
2697 2590 2905 2661 Wolf.
2945 2588 3036 2662 de
3071 2591 3340 2679 Vergen
3376 2587 3508 2683 (b),
3551 2590 3911 2661 Heinricus

1086 2708 1178 2780 de
1211 2710 1450 2801 Nifen,
1488 2708 1814 2783 Albertus
1853 2714 2055 2785 frater
2091 2713 2350 2806 ipsius,
2407 2711 2846 2784 Eberhardus
2890 2711 2979 2784 de
3023 2713 3458 2802 Eberstaine,
3517 2712 3599 2783 E.
3641 2712 3911 2807 dapifer

1083 2829 1173 2902 de
1204 2832 1564 2926 Walpurc‚
1608 2834 1969 2905 Heinricus
1993 2835 2414 2907 camerarius
2443 2834 2534 2907 de
2561 2837 3041 2929 Ravenspurc,
3069 2836 3456 2909 Fridericus
3483 2837 3686 2909 frater
3705 2858 3903 2925 sune,

1082 2952 1522 3030 Eberhardus
1549 2957 1637 3028 de
1667 2958 2276 3052 Hertingesberge‚
2316 2968 2385 3029 et
2407 2959 2521 3030 alii
2553 2960 3022 3055 quamplures.

1182 3074 1428 3148 Actum
1467 3101 1651 3152 anno
1688 3082 2031 3153 dominice
2055 3083 2545 3155 incarnationis
2575 3083 2942 3154 millesimo
2968 3085 3438 3156 ducentesimo
3463 3085 3682 3156 XXX⁰
3709 3085 3897 3175 1111‘0,

1085 3198 1462 3272 indictione
1490 3204 1816 3296 septima,
1857 3214 2187 3296 regnante
2211 3204 2492 3277 domino
2519 3208 2838 3279 Heinrico
2866 3207 3332 3278 Romanorum
3377 3228 3542 3301 rege
3586 3208 3905 3280 invictis-

1084 3321 1299 3410 sime,
1338 3344 1522 3395 anno
1555 3326 1749 3417 regni
1792 3328 1942 3417 ejus
1977 3328 2185 3400 tercio
2213 3328 2484 3400 decimo
2513 3327 2644 3424 (l).
2687 3330 3269 3423 (Monoqramma.)

1178 3445 1429 3516 Datum
1445 3446 1633 3540 apud
1651 3449 2074 3539 Hagenowe‚
2111 3470 2347 3521 mense
2376 3451 2747 3543 februari0,
2780 3462 3025 3525 octavo
3052 3450 3384 3527 kalendas
3411 3453 3737 3525 februarii
3761 3451 3894 3548 (2).

1162 3645 1247 3725 (α)
1289 3648 1361 3707 In
1387 3648 1690 3724 privilegio
1714 3648 1996 3709 Friderlcl
2022 3657 2249 3709 centum
2275 3649 2476 3712 libras.

1162 3750 1241 3830 (b)
1288 3753 1698 3814 Veristmlliter
1725 3771 1921 3816 comes
1960 3754 2367 3836 wolframmus
2385 3757 2454 3817 de
2491 3759 2795 3839 Verinqen,
2822 3761 3039 3819 omisso
3065 3759 3482 3819 abreviationts
3509 3762 3701 3837 signo.
3732 3759 3897 3820 Idem

1076 3860 1180 3935 qul
1207 3858 1384 3934 paulo
1410 3858 1588 3933 infra,
1623 3877 1686 3937 p.
1719 3869 1858 3922 640.

1150 4146 1221 4217 (⁴)
1257 4147 1313 4202 Si
1338 4164 1508 4206 annus
1536 4152 1685 4222 regni
1713 4160 2052 4226 computetur
2074 4169 2107 4210 a
2130 4158 2197 4212 23
2220 4155 2403 4228 aprilis
2422 4157 2580 4227 ⁴220,
2602 4171 2743 4211 nunc
2767 4162 2998 4229 quartus
3015 4153 3247 4212 decimus
3269 4171 3394 4213 esse
3417 4155 3668 4228 deberet;
3696 4157 3894 4216 sivero

1076 4239 1146 4295 ab
1174 4247 1362 4298 octavo
1384 4245 1511 4299 maii
1537 4250 1673 4303 ⁴222
1690 4290 1703 4316 ,
1726 4248 2087 4306 duodecimus.

1152 4335 1223 4409 (2)
1260 4335 1393 4393 Cum
1422 4346 1581 4396 notae
1617 4342 2022 4417 chronologicae
2058 4361 2164 4402 non
2194 4347 2334 4402 inter
2362 4361 2422 4402 se
2451 4347 2806 4416 concordent,
2837 4349 3017 4420 potius
3057 4347 3264 4405 ultimis
3292 4349 3585 4408 sistendum
3623 4353 3893 4410 credimus

1078 4447 1221 4505 quae
1246 4432 1562 4490 vicesimum
1578 4438 1821 4508 quintum
1838 4441 2071 4512 januarii
2086 4442 2225 4497 diem
2242 4443 2500 4513 indicant,
2525 4444 2627 4499 nisi
2653 4444 2791 4502 forte
2810 4446 3153 4505 amanuensis
3179 4453 3369 4506 octavo
3393 4449 3652 4506 kalendas
3671 4449 3891 4523 [obrua-

1075 4530 1155 4585 rii
1181 4545 1282 4602 pro
1305 4534 1503 4588 martii
1525 4535 1614 4605 (22
1635 4534 1793 4608 febr.)
1821 4552 1921 4609 per
1948 4537 2284 4594 oscitantiam
2306 4539 2598 4613 scripserit.
