4500 5956
1035 609 1156 671 898
1930 682 1935 688 ¹
2034 612 2457 676 rnlnssnlcl
2507 611 2845 674 ssscumnl
3472 616 3633 695 [Anu.
3671 617 3841 680 1236.

1032 753 1111 816 et
1149 745 1324 817 lator
1348 746 1614 837 justitie
1644 768 1783 820 non
1815 747 2121 840 adesset,
2156 747 2468 821 canonici
2503 767 2780 840 quoque
2810 756 2880 818 et
2905 745 3382 823 ministeriales
3409 752 3846 825 Brixineuses

1041 868 1480 942 omissionem
1524 871 1786 961 jurium
1840 872 2125 945 ecclesie
2177 872 2582 964 allegarent,
2632 891 2760 943 nos
2810 868 3069 943 dictum
3111 871 3512 966 episcopum
3559 873 3654 946 ad
3693 896 3845 968 pre-

1039 991 1328 1064 sentiam
1360 1002 1663 1067 nostram
1695 996 2101 1068 vocavimus
2139 1004 2211 1066 et
2241 992 2730 1088 requisivimus
2770 992 2963 1086 quod
3005 1015 3166 1066 cum
3198 993 3349 1066 dux
3378 1006 3556 1069 esset
3589 1006 3659 1069 et
3680 1000 3842 1088 jus-

1039 1114 1333 1186 titiarius
1377 1124 1582 1208 terre,
1627 1119 1922 1211 qualiter
1961 1118 2387 1211 contingeret
2425 1117 2538 1187 hic
2581 1114 2923 1208 defectus3
2973 1125 3044 1188 et
3077 1113 3293 1214 [cum]
3328 1119 3475 1212 ipse
3514 1120 3843 1193 malefac-

1035 1247 1260 1311 torum
1294 1239 1687 1312 instantiam
1736 1262 1821 1313 ac
1868 1242 2287 1314 debilitatem
2330 1239 2634 1334 corporis
2673 1259 2757 1311 ac
2788 1258 2915 1311 sue
2964 1237 3431 1334 impotentiam
3477 1241 3843 1314 senectutis

1033 1361 1357 1454 allegaret
1412 1365 1912 1458 presentialiter
1969 1386 2199 1437 coram
2269 1362 2500 1454 nobis,
2548 1358 2835 1458 tam[en]
2883 1362 3286 1435 consulente
3335 1362 3535 1435 nobis
3583 1364 3715 1435 sibi
3769 1374 3843 1435 ut

1033 1485 1373 1558 inveniret
1423 1487 1605 1560 viam
1669 1487 1933 1559 consilii
2002 1509 2125 1583 per
2186 1508 2396 1582 quam
2455 1485 2877 1582 pauperibus
2925 1494 2996 1557 et
3053 1485 3424 1574 divitibus,
3481 1487 3717 1580 parvis
3774 1497 3843 1559 et

1033 1608 1303 1703 magnis
1343 1610 1610 1702 justitia
1650 1621 2043 1683 servaretur
2084 1621 2153 1683 et
2190 1609 2430 1683 fideles
2477 1610 2765 1682 ecclesie
2804 1607 2938 1680 sub
2976 1616 3076 1681 tot
3106 1608 3443 1703 pressuris
3470 1619 3542 1680 et
3583 1631 3842 1702 angus-

1031 1730 1147 1802 tiis
1201 1732 1433 1805 vexati
1475 1732 1812 1827 respirent
1850 1731 1949 1829 (a)
1987 1754 2117 1805 nec
2163 1733 2549 1830 privaretur
2593 1730 2883 1805 ecclesia
2937 1731 3140 1803 bonis
3190 1732 3336 1804 suis
3355 1784 3379 1820 ,
3435 1732 3842 1806 deliberavit

1029 1874 1188 1925 cum
1224 1854 1652 1950 principibus
1691 1857 1813 1951 qui
1859 1866 2208 1953 presentes
2240 1857 2529 1932 aderant
2565 1866 2636 1930 et
2684 1877 2846 1929 cum
2891 1854 3217 1928 fratribus
3249 1856 3396 1928 suis
3440 1856 3740 1949 capitulo
3772 1865 3841 1926 et

1029 1977 1592 2051 ministerialibus
1645 1980 1935 2053 ecclesie
1990 1981 2418 2054 Brixinensis
2436 2034 2457 2070 ,
2518 2001 2650 2054 nec
2695 1978 3233 2052 commodiorem
3301 1978 3522 2073 potuit
3587 1978 3841 2051 habere

1028 2098 1233 2172 aliam
1288 2100 1418 2196 (b),
1482 2102 1743 2175 eisdem
1812 2104 2109 2197 capitulo
2168 2113 2239 2176 et
2300 2104 2854 2178 ministerialibus
2909 2101 3000 2176 de
3043 2102 3392 2174 communi
3436 2101 3721 2174 consilio
3771 2110 3842 2174 et

1026 2244 1311 2297 assensu
1358 2246 1522 2297 suos
1572 2226 2130 2315 informantibus,
2180 2229 2605 2300 voluntatem
2656 2248 2868 2320 quam
2914 2224 3107 2320 quod
3155 2223 3563 2298 excellentie
3613 2233 3841 2297 nostre

1025 2346 1372 2420 humiliter
1413 2346 1501 2442 (c)
1536 2349 1983 2444 supplicavit,
2024 2351 2339 2444 exposita
2380 2351 2451 2421 in
2497 2359 2726 2422 nostra
2770 2348 3114 2443 presentia
3151 2350 3338 2440 justa
3384 2368 3630 2438 causa,
3671 2368 3840 2440 qua-

1025 2470 1213 2542 tinus
1244 2469 1342 2566 (d)
1382 2467 1526 2569 [de]
1566 2474 1913 2566 regalibus
1947 2473 2233 2546 ecclesie
2266 2471 2552 2563 cedant3
2595 2481 2972 2568 spontanea
3006 2471 3359 2544 voluntate
3405 2471 3474 2541 in
3518 2468 3838 2540 manibus

1022 2593 1272 2667 nostris
1301 2616 1442 2666 una
1478 2617 1636 2667 cum
1674 2596 2127 2669 confratribus
2184 2597 2333 2668 suis
2376 2595 2678 2692 capitulo
2726 2604 2795 2668 et
2829 2594 2919 2667 de
2965 2615 3251 2667 assensu
3292 2602 3364 2664 et
3408 2592 3498 2665 de
3553 2592 3837 2665 consilio

1020 2717 1564 2791 ministerialium
1618 2742 1903 2794 suorum
1955 2721 2335 2815 resignavit
2383 2720 2616 2794 omnia
2672 2722 2829 2813 jura
2886 2719 3144 2809 regalia
3195 2717 3506 2811 ejusdem
3555 2715 3839 2789 ecclesie

1019 2849 1158 2913 tam
1195 2840 1268 2910 in
1303 2844 1542 2914 castris
1578 2866 1789 2938 quam
1824 2845 1896 2916 in
1926 2845 2349 2935 civitatibus,
2391 2841 2602 2932 villis,
2643 2841 2944 2936 oppidis,
2987 2841 3572 2932 ministerialibus,
3614 2840 3837 2912 homi·

1022 2965 1226 3038 nibus
1261 2974 1330 3039 et
1370 2966 1525 3040 aliis
1571 2970 1953 3042 rationibus
1993 2970 2173 3060 suis;
2216 2969 2289 3041 iu
2331 2980 2561 3042 nostra
2589 2976 2661 3043 et
2685 2966 2951 3062 imperii
2986 2965 3324 3053 custodia,
3361 2962 3838 3060 procuratione

1022 3098 1091 3159 et
1138 3089 1499 3163 affectione
1539 3092 1816 3186 singula
1869 3092 2301 3165 committens
2354 3101 2432 3164 ut
2483 3113 2565 3164 ea
2625 3089 2955 3164 custodiri
3001 3089 3093 3161 ad
3149 3087 3661 3160 indemnitatem
3714 3106 3837 3158 ec·-

1024 3210 1229 3283 clesie
1273 3212 1604 3285 faciemus
1647 3223 1716 3285 et
1754 3214 2119 3287 efficaciter
2161 3214 2553 3309 procurari,
2590 3223 2658 3286 et
2689 3222 2767 3286 ut
2799 3210 3051 3286 amodo
3089 3209 3513 3303 judiciorum
3563 3217 3836 3280 nostro-

1021 3353 1178 3401 rum
1222 3329 1315 3427 (e)
1364 3343 1748 3407 statuamus
1787 3336 1911 3430 qui
1953 3335 2366 3410 authoritate
2419 3344 2652 3410 nostra
2700 3344 2771 3409 et
2818 3334 3092 3430 imperii
3133 3332 3471 3426 justitiam
3515 3330 3837 3403 omnibus

1022 3450 1343 3526 fidelibus
1386 3458 1673 3530 ecclesie
1723 3458 1930 3532 faciat
1977 3467 2048 3532 et
2095 3469 2478 3534 conservet.
2526 3460 2835 3534 Castrum
2879 3476 3161 3553 quoque
3210 3454 3459 3528 Veldes
3522 3452 3833 3525 commit-

1023 3577 1232 3649 timus
1264 3578 1513 3651 dilecto
1538 3580 1833 3676 principi
1858 3591 2091 3654 nostro
2129 3581 2292 3655 duci
2322 3581 2678 3655 Karinthie
2721 3580 2794 3652 in
2827 3579 2973 3653 vita
3003 3577 3310 3674 episcopi
3346 3573 3438 3647 ad
3471 3596 3641 3647 usus
3672 3595 3835 3647 suos

1023 3710 1091 3773 et
1120 3702 1409 3774 ecclesie
1440 3704 2020 3777 conservandum.
2054 3705 2459 3780 Nominatus
2484 3726 2652 3779 vero
2686 3705 3048 3799 episcopus
3081 3699 3464 3775 reservavit
3488 3697 3621 3770 sibi
3657 3696 3831 3793 [pro]

1021 3826 1513 3898 sustentatione
1570 3847 1699 3900 sua
1758 3827 2108 3901 redditum
2164 3829 2477 3921 ejusdem
2535 3828 2736 3902 castri
2794 3825 3159 3900 Veldensis
3228 3831 3299 3897 et
3365 3821 3509 3895 duo
3566 3820 3827 3904 officia,

1020 3945 1245 4020 Anras
1287 3949 1544 4022 scilicet
1578 3957 1647 4023 et
1677 3949 2095 4045 Lisahoven,
2140 3975 2283 4047 que
2329 3954 2399 4024 in
2444 3952 2587 4026 vita
2637 3973 2764 4025 sua
2797 3949 2890 4024 ad
2943 3971 3146 4023 usum
3194 3958 3263 4022 et
3299 3942 3663 4022 commoda
3705 3962 3836 4015 sua

1108 4273 1189 4352 (a)
1235 4275 1347 4351 Ap.
1383 4275 1678 4354 Hor-mayr
1701 4278 1889 4338 nostri
1905 4286 2113 4358 perant
2145 4277 2293 4359 (ll).

1106 4372 1188 4453 (b)
1230 4374 1457 4435 Ibidem
1483 4375 1688 4437 annad
1713 4375 1763 4456 (Ι
1781 4376 1798 4438 Ι
1814 4377 1861 4457 ).
1920 4380 1925 4384 ’

1107 4479 1184 4558 (c)
1226 4480 1449 4541 Ibidem
1475 4479 1761 4558 similiter,
1789 4486 1965 4546 male.

1105 4581 1194 4663 (d)
1235 4583 1460 4646 Ibidem
1478 4603 1673 4666 meam,
1702 4591 1901 4651 minus
1922 4596 2101 4653 recte.

1103 4685 1182 4769 (e)
1223 4689 1564 4771 Legendum
1593 4709 1734 4755 vero
1761 4695 1994 4758 videtur
2014 4692 2270 4777 aliqroem
2282 4693 2554 4780 judicum
2577 4702 2926 4760 natm-nm.
