4500 5956
531 615 722 675 lnnrcr.
757 611 845 695 8.]
1438 608 1827 671 HISTORIA
1878 607 2466 671 mPLoMA'rmA.
3228 611 3339 671 701

531 746 718 818 omni
752 743 1100 817 exactioni
1128 753 1195 816 et
1221 742 1713 839 impedimento
1741 742 2050 836 quolibet
2076 740 2414 837 (cuilibet)
2450 739 2640 836 quod
2667 761 2791 835 per
2820 761 2949 811 vos
2979 750 3047 813 et
3082 752 3348 817 nostros

528 869 895 962 hucusque
920 866 1195 957 habuit,
1232 874 1303 938 et
1330 865 1888 958 recognoscimus
1916 864 2118 935 villas
2156 872 2422 936 notatas
2452 885 2578 936 sue
2608 863 2894 935 ecclesie
2926 863 3241 953 attinere,
3277 875 3348 939 et

531 988 757 1087 ipsum
809 990 883 1060 in
928 988 1429 1084 possessionem
1459 988 1799 1060 mittimus
1845 986 2284 1078 earumdem,
2328 996 2397 1059 et
2431 987 2918 1058 renunciamus
2956 997 3226 1060 monete
3272 989 3344 1059 in

530 1112 948 1201 Swinfurth3
991 1113 1192 1205 signa
1225 1111 1520 1183 forensia
1557 1110 1628 1181 in
1661 1110 1826 1183 villa
1854 1111 2294 1182 Tutensteten
2320 1119 2390 1180 et
2420 1110 2581 1181 alibi
2620 1109 2874 1204 deponi
2908 1119 3167 1181 remota
3192 1132 3344 1182 am-

530 1235 863 1329 bignitate
885 1235 1194 1327 qualibet
1223 1242 1631 1322 statuentes,
1669 1243 1738 1305 et
1760 1254 1887 1305 vos
1912 1232 2277 1304 universos
2304 1242 2372 1304 et
2401 1233 2710 1325 singulos
2754 1242 2822 1303 et
2868 1233 3039 1305 alios
3080 1244 3347 1306 nostros

398 1402 401 1405 -
531 1358 842 1430 homines
870 1357 959 1428 ab
984 1357 1317 1429 hactenus
1341 1355 1473 1427 sibi
1502 1356 1705 1427 illatis
1732 1354 2001 1446 injuriis
2024 1365 2094 1426 et
2120 1356 2635 1447 gravaminibus
2662 1378 2784 1449 per
2805 1364 3159 1447 optentum
3185 1379 3345 1449 gra-

532 1480 618 1551 tie
673 1491 904 1552 nostre
951 1488 1489 1574 compescentes,
1544 1477 1951 1550 Mandamus
2002 1478 2213 1572 igitur
2261 1478 2663 1550 auctoritate
2703 1478 2891 1569 regia
2955 1476 3343 1553 firmissime

531 1602 728 1675 vobis
762 1603 1218 1697 precipientes
1269 1602 1597 1695 quatinus
1629 1601 1891 1673 dictum
1942 1601 2325 1696 principem
2369 1611 2709 1690 nostrum,
2760 1601 3117 1672 ecclesiam
3149 1624 3343 1675 snam

532 1735 596 1797 et
624 1747 868 1798 omnes
888 1725 1387 1817 jurisdictionis
1418 1746 1543 1797 sue
1574 1724 1888 1797 homines
1920 1724 1990 1797 in
2020 1724 2453 1796 libertatibus
2484 1734 2552 1796 et
2577 1724 2903 1795 omnibus
2941 1745 3179 1797 eorum
3220 1727 3345 1817 ju-

531 1848 721 1919 ribus
771 1850 1070 1943 amplius
1120 1868 1262 1919 non
1308 1847 1648 1940 gravem,
1708 1847 1889 1918 sicut
1936 1847 2196 1941 regiam
2269 1846 2558 1940 diligitis
2612 1846 2901 1938 gratiam
2946 1848 3340 1940 specialem.

533 1971 785 2043 Scituri
823 1971 1012 2064 quod
1044 1971 1469 2065 quicumque
1508 1978 1811 2043 vestrum
1860 1979 2095 2042 contra
2133 1968 2532 2061 hujusmodi
2584 1968 2985 2040 mandatum
3021 1990 3181 2041 eum
3232 1971 3345 2044 vel

531 2115 688 2166 suos
716 2094 992 2165 turbare
1024 2094 1496 2187 presumserit,
1537 2093 1869 2165 offensam
1899 2095 2041 2166 lese
2076 2094 2340 2165 senciet
2374 2093 2768 2184 majestatis.
2807 2094 2892 2163 Et
2916 2094 3237 2166 volumus
3270 2104 3348 2166 nt

531 2238 647 2309 per
676 2218 1069 2290 sentencias
1108 2216 1465 2289 coherceat
1510 2236 1782 2303 omnes,
1823 2217 2185 2288 universos
2225 2226 2297 2288 et
2332 2216 2674 2310 singulm,
2737 2216 2861 2310 qui
2894 2216 2994 2305 ei,
3057 2218 3345 2290 ecclesie

531 2360 649 2412 sue
692 2349 816 2410 aut
861 2340 1008 2411 suis
1058 2340 1352 2412 lesiones
1384 2339 1739 2412 intulerint
1784 2349 1909 2411 aut
1947 2348 2341 2435 procurant.
2393 2341 2849 2412 Reservamus
2881 2350 3114 2414 antem
3145 2343 3346 2414 nobis

526 2465 633 2554 jus
658 2460 855 2556 quod
881 2461 952 2532 in
991 2461 1156 2537 villa
1192 2460 1645 2534 Gochesheim
1669 2463 1760 2534 ab
1782 2463 2070 2557 antiquo
2092 2464 2516 2536 dinoscimur
2546 2462 2895 2535 habuisse.
2929 2464 3013 2535 Et
3038 2475 3113 2535 ut
3135 2464 3345 2558 hujus

531 2586 1074 2659 renunciacionis
1108 2597 1177 2659 et
1206 2586 1702 2679 recognicionis
1733 2588 1988 2682 pagina
2021 2597 2092 2660 et
2117 2588 2446 2660 memoria
2483 2587 2732 2658 futuris
2772 2588 3193 2682 temporibus
3216 2588 3340 2661 ha·

533 2709 803 2799 beatur,
840 2719 912 2782 et
939 2709 1005 2781 ei
1042 2719 1111 2781 et
1147 2708 1436 2782 ecclesie
1467 2729 1594 2780 sue
1615 2729 1754 2803 que
1783 2709 2102 2804 superius
2137 2719 2300 2781 sunt
2324 2730 2649 2804 expressa
2686 2710 3172 2783 inviolabiliter
3200 2714 3343 2784 ob-

533 2844 924 2921 serventur,
970 2853 1255 2928 presens
1287 2833 1616 2927 scriptum
1649 2832 1858 2926 sigilli
1886 2833 2098 2905 nostri
2125 2832 2508 2904 munimine
2539 2832 2827 2905 fecimus
2857 2834 3187 2907 roborari.

619 2961 792 3032 Data
825 2959 1072 3052 Houge
1114 2956 1257 3050 (l),
1297 2976 1480 3030 anno
1516 2955 1789 3030 Domini
1815 2957 1909 3029 Μ’
1940 2954 2065 3029 CC⁰
2090 2955 2488 3041 XXX1111‘0,
2537 2957 2631 3029 xl
2677 2956 3008 3030 kalendas
3050 2957 3343 3035 decem-

534 3081 702 3169 bris,
740 3080 1120 3154 indictione
1152 3089 1423 3154 octava.

628 3578 1040 3689 Henricus‚
1089 3582 1608 3667 Romanorum
1645 3610 1775 3669 rex
1793 3646 1819 3691 ,
1875 3586 2232 3670 ecclesiae
2270 3587 2524 3672 Sancti
2558 3589 2924 3674 Johannis
2960 3593 3041 3673 in
3075 3594 3342 3706 Houge

533 3711 1082 3796 ordinationem
1148 3714 1683 3800 Embrichonis
1751 3718 2369 3831 wirzburgensis
2439 3721 2624 3804 olim
2692 3725 3069 3833 episcopi,
3138 3753 3340 3811 anno

538 3845 735 3925 1130
790 3854 1195 3954 statutam,
1235 3839 1674 3933 renovando
1744 3851 2193 3959 confirmat3
2240 3854 2315 3936 vi
2386 3853 2643 3962 cujuS,
2684 3857 3095 3939 mandante
3162 3886 3339 3970 rege

532 3970 916 4083 Lothario,
977 4004 1330 4062 excessus
1380 3980 1861 4091 Regenhardi
1918 3985 2014 4066 de
2064 3985 2267 4067 Ense
2289 4046 2314 4093 ‚
2360 3987 2704 4070 advocati
2751 3988 3133 4095 praefatae
3193 4017 3335 4074 ec-

534 4103 823 4213 clesiae,
865 4108 947 4189 in
981 4111 1185 4193 villis
1223 4111 1572 4220 diversis,
1611 4113 1693 4194 in
1728 4140 1929 4226 pago
1963 4116 2440 4227 Badengowe
2474 4118 2636 4200 sitis
2651 4179 2675 4225 ‚
2716 4131 3227 4232 removentur,
3266 4135 3342 4207 et

533 4234 666 4343 ipsi
709 4249 786 4321 et
819 4239 1275 4326 haeredibus
1318 4243 1522 4354 ejuS‚
1565 4255 1865 4330 tantum
1919 4274 2009 4331 ex
2056 4250 2340 4359 gratia,
2400 4259 2606 4333 certa
2655 4253 3043 4361 quantitas
3098 4258 3343 4342 servi-

537 4365 806 4451 tiorum
843 4372 990 4455 sub
1026 4374 1510 4458 anathemate
1544 4377 2025 4488 relinquitur.

546 4530 1459 4553 ——m—..Q-0-...u——m

3108 4558 3332 4572 ——--——-

604 4602 680 4757 (ἑὲ
702 4605 919 4664 Scilicet
951 4609 1244 4670 claustrum
1270 4613 1465 4687 Hauq,
1509 4613 1668 4672 hodie
1704 4614 1844 4672 intra
1883 4630 2067 4673 muros
2101 4616 2331 4675 civitatis
2375 4618 2777 4693 Herbipolensis
2819 4622 3004 4680 situm.
3053 4624 3131 4682 Cf.
3174 4631 3213 4680 t.
3254 4627 3334 4696 11,

542 4711 592 4768 p.
683 4705 744 4775 6,
774 4710 889 4762 not.
915 4710 970 4763 4.

3453 3611 3504 3653 In
3523 3614 3703 3654 civitate

3451 3665 3710 3719 Herbipoli,

3398 3718 3453 3761 2³
3489 3720 3759 3762 novembri·-
