4500 5956
1087 674 1211 738 588
2136 672 2487 735 rismum
2541 669 2885 733 SEPTml
3543 668 3704 747 [Asu.
3745 668 3918 730 1232.

697 1249 922 1351 unffi}
986 1334 1004 1360 ‚
1198 1242 1610 1349 HenricuS,
1667 1243 2187 1328 Romanorum
2242 1269 2412 1347 rex,
2464 1243 2926 1327 monasterio
2992 1242 3462 1327 Caesariensi
3527 1243 3921 1353 (Kaisers-

713 1360 768 1403 ¹⁹
788 1316 996 1400 ΜΞ·
1092 1372 1343 1483 heim)
1382 1373 1872 1458 donationem
1916 1373 2433 1457 ministerialis
2471 1374 2591 1457 sui
2626 1373 2955 1457 Heinrici
2986 1374 3084 1457 de
3118 1373 3502 1457 Kallindin
3546 1385 3624 1459 et
3657 1374 3917 1459 uxoris

1090 1504 1257 1616 ejus
1292 1507 1391 1590 de
1424 1516 1757 1615 quatuor
1790 1507 2205 1590 nominatis
2239 1508 2570 1616 praediis
2596 1506 2779 1590 illuc
2813 1505 3091 1589 factam
3111 1570 3136 1614 ,
3176 1507 3606 1591 confirmat.

1254 1744 1447 1825 (Edit.
1480 1748 1545 1806 ln
1586 1745 1845 1806 Monam.
1876 1745 2071 1822 Boia,
2100 1752 2248 1808 tom.
2278 1746 2482 1826 XXX,
2507 1763 2647 1824 pars
2669 1747 2746 1825 1⁸,
2775 1757 2843 1809 n·
2870 1756 3018 1823 716,
3046 1764 3113 1826 p.
3145 1756 3294 1822 205,
3322 1763 3400 1809 ex
3424 1747 3699 1825 orlglnall
3741 1749 3915 1825 cujus

1323 1851 1583 1930 slglllum
1629 1854 1806 1930 perlit
1821 1894 1843 1926 ,
1898 1851 2339 1915 remanentibus
2381 1858 2615 1914 tautum
2656 1851 2776 1914 filis
2829 1854 3114 1933 disruptis
3166 1854 3412 1917 violacei
3431 1898 3451 1933 ‚
3494 1852 3615 1915 albl
3659 1858 3720 1914 et
3764 1851 3911 1912 ssavi

1324 1954 1586 2036 coloris.)

1180 2169 1543 2242 Heinricus
1604 2170 1939 2265 septimus
1963 2228 1980 2258 ,
2058 2170 2305 2244 divina
2371 2172 2649 2245 favente
2703 2170 3064 2245 clementia
3116 2172 3579 2244 Romanorum
3651 2190 3779 2244 rex
3840 2182 3910 2245 et

1081 2314 1353 2389 semper
1406 2303 1769 2388 augustus.
1821 2295 1964 2367 Deo
2020 2293 2309 2367 creatori
2365 2306 2597 2369 nostro
2649 2303 2922 2390 gratum
2971 2303 3042 2368 et
3089 2296 3371 2390 placens
3413 2304 3720 2390 prestare
3765 2315 3904 2367 non

1080 2417 1501 2512 ambigimus
1527 2418 1968 2513 obsequium,
2006 2419 2065 2490 si
2096 2420 2249 2492 loca
2276 2418 2519 2492 divino
2553 2419 2771 2492 cultui
2808 2420 3198 2515 mancipata
3239 2419 3712 2492 curaverimus
3742 2441 3906 2491 am-

1076 2543 1295 2639 pliare
1330 2552 1663 2616 eteorum
1692 2541 2107 2639 promotioni
2159 2564 2242 2615 ac
2280 2541 2665 2616 defensioni
2709 2541 3210 2616 intenderimus
3242 2563 3402 2614 cum
3440 2542 3715 2614 effectu.
3750 2542 3905 2627 Qua

1076 2666 1168 2741 de
1199 2688 1274 2740 re
1302 2667 1619 2740 noverint
1643 2675 1785 2738 tam
1811 2688 2097 2761 presens
2138 2677 2287 2740 etas
2325 2688 2535 2762 qnam
2568 2687 2968 2739 successura
3003 2666 3364 2761 posteritas
3407 2664 3601 2760 quod
3643 2685 3772 2738 nos
3811 2664 3902 2738 de

1074 2790 1279 2886 plena
1320 2790 1774 2885 cognovimus
1820 2790 2111 2863 veritate
2143 2800 2215 2863 et
2253 2790 2624 2863 multorum
2665 2789 2976 2863 veridico
3021 2811 3115 2862 ex
3164 2791 3380 2863 relatu
3430 2799 3502 2862 et
3544 2810 3639 2862 ex
3686 2789 3901 2861 literis

1073 2922 1143 2986 et
1168 2913 1683 2989 confirmatione
1722 2915 2141 2989 serenissimi
2179 2913 2446 2988 domini
2482 2913 2913 3010 imperatoris
2946 2913 3165 3010 patris
3194 2912 3406 2986 nostri
3440 2933 3667 2986 coram
3698 2913 3899 2986 nobis

1070 3035 1284 3119 lecta,
1319 3037 1510 3130 quod
1536 3038 1995 3110 ministerialis
2022 3047 2254 3110 noster
2299 3038 2661 3111 Heinricus
2698 3037 2790 3112 de
2838 3037 3194 3109 Kallindin
3228 3046 3297 3109 et
3333 3058 3513 3110 uxor
3550 3059 3677 3109 sua
3710 3038 3899 3110 Bena

1068 3159 1218 3253 pari
1246 3168 1410 3231 voto
1435 3167 1503 3231 et
1535 3160 1767 3233 animo
1795 3161 2116 3234 concordi
2142 3162 2558 3234 monasterio
2587 3162 2970 3235 Cesariensi
3000 3160 3324 3233 universa
3344 3160 3528 3234 bona
3563 3170 3633 3232 et
3657 3160 3897 3255 predia

1066 3302 1209 3376 que
1279 3280 1629 3354 habebant
1680 3283 1872 3378 apud
1930 3285 2263 3377 Egewilr,
2314 3285 3000 3358 Vebermvotshoven
3016 3339 3038 3377 ,
3097 3283 3553 3356 Wezelsheim
3575 3341 3592 3371 ,
3639 3282 3895 3355 Wach-

1068 3404 1288 3477 steine
1336 3413 1405 3478 et
1445 3406 1903 3501 Volperstetin
1928 3460 1950 3498 ,
1995 3407 2557 3481 contradiderunt
2616 3419 2684 3482 et
2731 3408 3168 3480 contulerunt
3219 3406 3437 3479 libere
3475 3401 3770 3479 tenenda
3825 3415 3896 3478 et

1065 3536 1400 3623 perpetuo
1443 3528 1859 3623 possidenda
1893 3557 1909 3600 ε
1948 3530 2063 3601 tali
2100 3540 2330 3603 tamen
2357 3532 2674 3604 condicto
2704 3530 3030 3604 videlicet
3066 3538 3138 3603 et
3163 3539 3363 3625 pacto
3398 3527 3589 3623 quod
3625 3550 3894 3601 annua-

1061 3650 1188 3724 tim
1221 3651 1312 3723 ab
1343 3650 1603 3725 eisdem
1651 3652 1855 3725 bonis
1898 3654 2140 3726 libram
2183 3676 2338 3727 cere
2380 3677 2508 3750 pro
2552 3676 2765 3728 censu
2809 3656 3243 3749 persolvatur
3288 3652 3577 3725 ecclesie
3627 3673 3890 3724 memo-

1061 3784 1248 3867 rate,
1300 3783 1370 3848 et
1426 3775 1484 3847 si
1542 3776 1832 3848 alterum
1900 3777 2208 3873 ipsorum
2266 3779 2556 3873 premori
2617 3778 3009 3872 contingat,
3067 3786 3414 3873 superstes
3471 3775 3715 3870 predia
3762 3797 3891 3871 pro

1063 3899 1309 3972 eodem
1346 3919 1553 3972 censu
1600 3899 1768 3971 dum
1807 3901 2059 3974 vixerit
2097 3902 2462 3993 obtinebit,
2510 3911 2578 3975 et
2602 3902 2942 3975 ambobus
2973 3899 3320 3973 defunctis
3350 3899 3596 3971 eadem
3647 3897 3886 3992 predia

1064 4024 1549 4095 monasterium
1602 4024 1816 4097 libere
1875 4034 1943 4098 et
1992 4027 2256 4121 absque
2318 4026 2859 4099 contradictione
2912 4023 3221 4118 qualibet
3281 4021 3689 4118 possidebit.
3744 4023 3889 4093 Hoc

1064 4145 1270 4218 etiam
1304 4155 1501 4240 pacto
1534 4148 1933 4244 interposito
1957 4150 2151 4244 qnod
2186 4150 2244 4221 si
2288 4151 2440 4223 viro
2471 4158 2742 4222 mortuo
2778 4148 2963 4220 dicta
2990 4149 3178 4219 Bena
3207 4145 3692 4240 supervixerit,
3737 4145 3886 4240 ipsa

1059 4268 1244 4340 bona
1288 4290 1413 4362 pro
1454 4290 1663 4341 censu
1700 4281 2059 4364 prenotato
2104 4273 2199 4345 ad
2237 4275 2389 4365 ejus
2426 4274 2571 4345 vite
2614 4273 2982 4344 terminum
3028 4270 3402 4362 obtinebit,
3443 4278 3514 4341 et
3555 4268 3612 4340 si
3655 4270 3881 4341 forsan

1061 4391 1213 4462 viro
1254 4390 1390 4463 alio
1430 4392 1849 4486 superducto
1897 4395 2255 4486 generabit
2303 4417 2552 4490 pueros
2590 4404 2659 4466 et
2695 4393 3015 4484 heredes,
3049 4395 3149 4466 hii
3189 4395 3260 4466 in
3302 4391 3652 4488 prelibatis
3680 4391 3880 4464 bonis

1061 4514 1316 4587 nullam
1373 4514 1823 4587 hereditatem
1875 4516 1987 4588 vel
2053 4517 2405 4608 justiciam
2467 4518 2823 4589 habebunt
2863 4517 3334 4605 hereditandi,
3405 4538 3534 4590 nec
3585 4515 3879 4605 alicujus

1056 4639 1318 4732 ingenii
1352 4640 1679 4735 scrupulo
1725 4661 1807 4713 ea
1859 4648 2179 4735 poterunt
2222 4641 2314 4713 ab
2364 4641 2652 4715 ecclesia
2699 4641 3026 4715 alienare.
3064 4641 3278 4733 Regia
3322 4640 3534 4735 igitur
3574 4637 3880 4712 anctori-

1055 4773 1194 4838 tate
1244 4772 1473 4837 nostra
1524 4773 1593 4836 et
1653 4765 1854 4857 legali
1919 4764 2272 4837 sanctione
2320 4766 2786 4862 supradictam
2836 4766 3274 4840 donationem
3322 4762 3608 4837 ecclesie
3660 4762 3878 4834 Cesa-
