4500 5956
657 4037 783 4088 Apud

568 4089 703 4132 Herbi
709 4092 844 4153 polim
856 4119 870 4145 ,

650 4155 786 4186 mue.

951 609 1074 672 864
1958 604 2382 667 rnrnssmcl
2432 604 2780 667 suenum
3401 606 3559 688 [Anu.
3597 607 3768 671 1236.

1064 1128 1489 1212 Fridericus
1513 1189 1536 1234 ,
1595 1128 2110 1210 Romanorum
2170 1126 2611 1234 imperator,
2670 1125 2988 1209 sculteto
3038 1126 3135 1208 de
3182 1126 3656 1235 Oppenheim
3700 1140 3774 1212 et

961 1262 1523 1344 successoribus
1568 1259 1732 1369 ejus
1763 1261 2081 1341 mandat
2133 1269 2218 1340 ut
2253 1258 2432 1367 jura
2475 1269 2548 1341 et
2589 1258 3173 1340 consuetudines
3210 1285 3408 1368 quae
3441 1259 3642 1345 cives
3678 1263 3773 1344 de

963 1394 1436 1503 Oppenheim
1475 1419 1520 1474 a
1554 1390 1944 1500 maJestate
1989 1417 2129 1472 sua
2168 1399 2462 1497 tenent,
2502 1390 2903 1473 observare
2938 1392 3315 1473 studeant.

1107 1603 1351 1682 (Inedit.
1399 1618 1477 1662 ex
1504 1600 1774 1678 originali
1808 1602 1872 1660 in
1898 1600 2142 1661 archivo
2177 1599 2677 1673 Darmstadtensi,
2707 1609 2772 1661 n·
2818 1609 2925 1675 133
2967 1599 3146 1677 sigilli
3184 1603 3335 1662 cerei
3374 1600 3772 1680 fragmentum

1197 1709 1425 1786 laqueis
1451 1707 1838 1767 membraneis
1862 1703 2125 1784 pendet.)

1056 1891 1200 1978 Fr„
1240 1888 1364 1961 Dei
1413 1888 1627 1981 gratia
1666 1887 2127 1959 Romanorum
2170 1886 2536 1981 imperator
2576 1907 2848 1981 semper
2881 1897 3249 1982 augustu3‚
3290 1888 3663 1962 Ierusalem
3705 1899 3775 1962 et

960 2014 1210 2110 Sycilie
1234 2034 1388 2099 rex,
1422 2012 1708 2083 sculteto
1742 2009 1833 2083 de
1867 2008 2272 2105 Oppenhein
2324 2018 2395 2082 et
2431 2009 2772 2082 universis
2806 2010 3108 2082 scultetis
3134 2009 3393 2082 ibidem
3428 2034 3552 2107 pro
3585 2022 3773 2085 tem-

962 2159 1131 2233 pore
1164 2135 1549 2210 constitutis
1602 2133 1928 2206 fidelibus
1970 2134 2116 2205 suis
2165 2134 2454 2226 gratiam
2490 2156 2688 2206 suam
2725 2144 2793 2206 et
2835 2155 3041 2206 omne
3075 2134 3362 2207 bonum.
3394 2138 3627 2222 Quum
3681 2138 3771 2212 ad

962 2263 1093 2335 hoc
1130 2264 1288 2354 jura
1324 2257 1643 2354 specialia
1688 2277 1812 2351 per
1845 2256 2207 2350 privilegia
2242 2266 2313 2328 et
2352 2256 2603 2351 scripta
2637 2257 2908 2351 publica
2948 2257 3418 2329 conceduntur
3445 2267 3521 2330 ut
3555 2270 3774 2332 status

959 2386 1367 2459 devotorum
1410 2382 1677 2476 imperii
1709 2380 1799 2453 de
1830 2381 2013 2451 bono
2047 2382 2118 2450 in
2156 2380 2405 2452 melius
2436 2390 2798 2474 augeatur,
2835 2379 3002 2453 hinc
3025 2391 3131 2452 est
3169 2383 3401 2475 itaque
3426 2383 3622 2476 quod
3647 2406 3774 2457 nos

959 2513 1188 2582 future
1235 2507 1505 2579 utilitati
1544 2505 1805 2578 civium
1852 2514 2239 2576 nostrorum
2285 2504 2375 2576 de
2414 2505 2819 2600 Oppenhein
2853 2505 3219 2600 providere
3253 2508 3596 2599 volentes,
3647 2510 3774 2582 tibi

961 2635 1238 2728 tuisque
1293 2630 1804 2703 successoribus
1861 2625 2276 2699 mandamus
2335 2648 2456 2722 per
2515 2638 2870 2721 optentum
2935 2630 3152 2721 gratie
3212 2641 3441 2703 nostre
3493 2630 3776 2705 firmiter

957 2757 1416 2855 precipientes
1458 2753 1784 2847 quatinus
1810 2753 1970 2844 jura
2021 2761 2090 2823 et
2134 2752 2670 2825 consuetudines
2705 2752 3001 2824 civitatis
3052 2752 3140 2825 de
3181 2753 3581 2849 Oppenhein
3635 2778 3775 2854 que

959 2906 1083 2981 per
1123 2879 1480 2977 privilegia
1514 2898 1641 2972 pro
1689 2876 1856 2972 ipsis
1898 2875 2169 2948 civibus
2213 2884 2447 2949 nostra
2488 2877 2809 2968 majestas
2848 2876 3264 2967 introduxit,
3313 2887 3451 2949 tam
3486 2880 3558 2950 in
3594 2881 3777 2952 civi-

956 3018 1096 3080 tate
1125 3026 1334 3100 quam
1376 3011 1571 3075 extra
1603 3002 1951 3073 civitatem
1988 3001 2060 3072 in
2090 3001 2288 3072 terris
2316 3012 2383 3072 et
2419 3001 2490 3071 in
2536 3001 2737 3095 aquis
2779 3003 3001 3074 taliter
3034 3002 3401 3076 observare
3442 3006 3774 3081 studeatis

955 3142 1030 3202 ut
1079 3151 1154 3201 se
1189 3127 1491 3198 munitos
1540 3126 1918 3220 privilegiis
1965 3124 2216 3197 nostris
2246 3124 2596 3217 gaudeant
2622 3135 2691 3196 et
2719 3145 2846 3197 vos
2884 3125 3422 3218 indignationem
3473 3139 3772 3202 nostram

949 3251 1224 3347 possitis
1255 3250 1539 3321 evitare.

1049 3375 1294 3445 Datum
1328 3369 1518 3466 apud
1562 3371 2021 3465 Herbipolim‚
2059 3390 2245 3443 anno
2282 3370 2629 3444 dominice
2662 3372 3149 3444 incarnationis
3188 3374 3284 3445 Μ.
3312 3372 3435 3447 CC.
3461 3375 3769 3468 XXXVI,

953 3517 1186 3571 mense
1217 3495 1459 3586 madii,
1504 3514 1685 3566 none
1721 3494 2138 3567 indictionis.

2132 3760 3309 3776 *mm

1057 4023 1481 4107 Fridericus
1498 4087 1521 4132 ,
1563 4025 2085 4107 Romanorum
2141 4024 2584 4133 imperator,
2642 4024 2741 4105 ad
2786 4022 3412 4132 supplicationem
3449 4022 3773 4132 Philippi

952 4159 1046 4240 de
1096 4156 1521 4242 Hohenvels
1563 4156 1810 4241 fidelis
1861 4158 2020 4263 sui,
2074 4157 2235 4240 filio
2281 4167 2356 4239 et
2406 4154 2606 4238 filiae
2656 4154 2821 4264 ejus
2873 4154 3220 4266 Philippo
3264 4167 3340 4239 et
3384 4156 3771 4239 Elizabeth

951 4290 1180 4372 feuda
1233 4316 1431 4398 quae
1483 4289 1645 4399 ipse
1698 4289 2095 4399 Philippus
2147 4288 2248 4372 ab
2291 4289 2609 4397 imperio
2651 4296 2894 4396 tenet,
2931 4297 3105 4397 post
3158 4300 3484 4371 mortem
3537 4286 3773 4395 ipsius

949 4421 1407 4529 possidenda
1440 4422 1808 4504 concedit.

1108 4620 1347 4699 (Inedit.
1378 4638 1453 4680 ex
1481 4621 1747 4697 originali
1773 4622 1835 4679 in
1862 4620 2104 4681 archivo
2128 4619 2332 4680 ducat.
2353 4620 2616 4682 Nassow.
2647 4618 2805 4696 apud
2833 4617 3055 4679 Idstein
3077 4622 3258 4695 juxta
3284 4615 3767 4687 Francorurtum3

1181 4729 1363 4805 cujus
1387 4728 1617 4805 copiam
1643 4725 1960 4788 liberaliter
1985 4726 2156 4787 nobis
2183 4725 2326 4787 fecit
2348 4728 2446 4786 vir
2471 4728 2739 4804 egregius
2759 4726 2819 4787 J.
2849 4725 2922 4788 F.
2951 4724 3355 4805 Boehmerns.)
