4500 5956
511 670 700 728 lnntcr.
730 660 817 745 9.]
1406 653 1808 717 HISTORIA
1853 652 2448 717 nlpnousslca,
3220 643 3339 707 787

516 799 765 873 cesimo
794 794 1068 892 quinto,
1099 809 1337 865 mense
1364 788 1686 880 octobris,
1720 787 2101 864 indintione
2127 810 2339 883 nona,
2373 788 2754 883 imperante
2780 783 3063 860 domino
3095 790 3333 856 nostro

514 920 854 995 Friderico
870 972 890 1008 ,
943 915 1070 989 Dei
1121 914 1343 1010 gratia
1388 911 1844 987 invictissimo
1898 914 2362 987 Romanorum
2416 913 2828 1007 imperatore
2882 928 3155 1004 semper
3206 925 3336 982 au·

515 1054 753 1139 gusto,
791 1037 1170 1115 Jerusalem
1211 1047 1283 1111 et
1314 1036 1548 1110 Sicilie
1577 1056 1770 1131 rege,
1804 1030 1991 1111 anno
2019 1036 2295 1133 imperii
2330 1036 2485 1129 ejus
2517 1034 2765 1131 quinto
2793 1031 3100 1124 decimo,
3141 1032 3342 1126 regni

516 1167 892 1242 Jerusalem
947 1161 1262 1251 decimo,
1311 1159 1510 1257 regni
1559 1181 1731 1235 vero
1790 1160 2028 1233 Sicilie
2087 1161 2434 1233 tricesimo
2498 1158 2787 1254 septimo
2827 1154 2969 1253 (t),
3021 1154 3332 1230 feliciter.

518 1292 756 1364 Amen.

611 1415 863 1487 Datum
897 1409 1095 1509 apud
1130 1408 1542 1505 Augustam,
1576 1428 1839 1501 mense,
1875 1427 2062 1482 anno
2097 1417 2167 1481 et
2195 1405 2571 1480 indictione
2602 1404 3019 1500 prescriptis.

629 2040 1054 2125 Fridericus
1070 2104 1095 2150 ,
1165 2040 1691 2125 Romanorum
1760 2039 2205 2149 imperator,
2262 2038 2364 2121 ad
2450 2038 3079 2149 supplicationem
3149 2036 3353 2122 Her-

530 2173 787 2255 manni
857 2171 1210 2284 magistri
1280 2174 1559 2255 domus
1630 2170 1950 2255 Sanctae
2019 2170 2298 2256 Mariae
2372 2170 3062 2280 Theutonioorum,
3136 2171 3207 2255 ei
3275 2183 3353 2257 et:

529 2308 887 2392 fratribus
950 2306 1119 2418 ejus
1187 2306 1585 2390 ecclesiam
1640 2304 1720 2386 in
1782 2305 2105 2416 Kunitz,
2162 2330 2344 2389 cum
2415 2302 2749 2388 ecclesiis
2818 2306 2901 2386 in
2970 2305 3215 2390 Berne
3276 2318 3352 2390 et

531 2439 996 2549 Yvernstorf,
1038 2465 1235 2550 quas
1270 2438 1457 2521 olim
1496 2436 1783 2520 eisdem
1810 2435 1978 2550 jam
2019 2436 2429 2545 concessit,
2480 2437 2734 2522 denuo
2779 2439 3123 2523 concedit
3158 2450 3230 2524 et
3265 2439 3347 2520 in

529 2581 973 2683 perpetuum
1018 2570 1446 2654 confirmat.
2006 2556 2009 2559 ’

695 2812 884 2891 (Edit.
916 2815 982 2873 in
1007 2808 1229 2874 Solotlz.
1260 2807 1675 2889 wochenblate,
1706 2827 1848 2873 ann.
1884 2818 2064 2884 1828,
2093 2820 2160 2870 n⁰
2188 2819 2301 2885 23,
2342 2827 2405 2889 p.
2440 2818 2589 2884 2363
2623 2810 2756 2871 coll.
2792 2826 2928 2870 cum
2966 2809 3117 2870 libro
3143 2811 3356 2888 coplali

768 2917 898 2978 ord.
928 2918 1287 2980 Theutonte.
1317 2920 1380 2980 ln
1408 2917 1650 2980 archivo
1670 2915 2089 2997 Kentgsberg„
2118 2915 2224 2977 fol.
2257 2914 2581 2995 lit-1¹2.)

629 3133 705 3204 In
742 3132 1022 3206 nomine
1064 3139 1305 3205 sancte
1337 3141 1409 3204 et
1450 3131 1819 3205 individue
1855 3130 2228 3203 Trinitatis.
2275 3129 2664 3204 Fridericus
2695 3129 3084 3223 secundus,
3117 3130 3362 3206 divina

536 3255 815 3328 favente
860 3255 1227 3328 clementia
1277 3255 1747 3327 Romanor-um
1792 3254 2166 3349 imperator
2213 3275 2489 3349 semper
2541 3262 2917 3348 augustus,
2981 3255 3362 3330 Jerusalem

536 3388 607 3450 et
642 3378 871 3450 Sicilie
904 3399 1060 3451 rex.
1110 3378 1184 3451 Si
1232 3376 1543 3451 fidelium
1591 3386 1980 3452 nostrorum
2021 3385 2095 3451 et
2130 3398 2371 3452 eorum
2411 3377 2746 3474 precipue
2797 3399 3096 3473 quorum
3137 3379 3366 3454 devo-

536 3500 791 3573 tionem
856 3501 1194 3596 obsequia
1246 3500 1544 3596 gratiora
1595 3500 2117 3593 commendant,
2189 3501 2555 3596 petitiones
2621 3502 3090 3577 favorabiliter
3147 3525 3367 3578 exau-

538 3621 797 3714 dimus,
852 3624 1106 3697 nostris
1144 3624 1380 3721 potius
1420 3624 1831 3698 utilitatibus
1871 3624 2362 3720 providemus,
2411 3624 2585 3698 dnm
2613 3624 2807 3720 quod
2841 3626 2964 3698 uni
3015 3629 3364 3701 confertur

536 3747 630 3821 ob
664 3749 985 3822 meritum
1032 3747 1538 3823 transfunditur
1564 3746 1655 3822 ad
1687 3749 1858 3824 alios
1887 3771 2015 3845 per
2046 3751 2473 3846 exemplum.
2516 3749 2869 3825 Universis
2897 3749 3109 3842 igitur
3133 3761 3367 3824 nostro

538 3871 831 3967 imperio
891 3873 1220 3966 subjectis
1267 3882 1409 3947 tam
1468 3873 1905 3969 presentibus
1950 3894 2162 3968 quam
2222 3872 2475 3946 futuris
2532 3871 2858 3946 volumus
2917 3894 3068 3946 esse
3123 3885 3366 3948 notum

535 3997 730 4093 quod
770 4000 1181 4073 constitutus
1225 3999 1301 4072 in
1338 4000 1686 4097 presentia
1719 4007 1957 4074 nostra
1987 4000 2197 4072 trater
2240 3999 2713 4091 Hermannus,
2743 3999 3164 4072 venerabilis
3219 4023 3368 4076 ma-

539 4122 752 4215 gister
793 4122 1043 4197 domus
1078 4124 1438 4220 hospitalis
1486 4125 1736 4199 Sancte
1783 4123 1998 4198 Marie
2044 4122 2624 4196 'theutonicorum
2676 4122 2748 4195 in
2794 4123 3211 4216 Jerusalem,
3259 4126 3371 4201 di·

541 4247 759 4318 lectus
807 4246 1032 4320 fidelis
1070 4258 1326 4337 noster,
1368 4260 1601 4322 nostre
1640 4248 2033 4322 celsitudini
2064 4245 2480 4343 supplicavit
2523 4246 2717 4342 qnod
2760 4269 2917 4321 cnm
2964 4249 3129 4321 olim
3177 4250 3374 4350 apud

541 4369 853 4464 Burgum
897 4371 1134 4444 Sancti
1183 4373 1489 4446 Donnini
1540 4372 1675 4445 sibi
1726 4382 1796 4446 et
1841 4371 2082 4445 domui
2128 4392 2257 4446 sue
2299 4371 2836 4446 concesserimus
2889 4374 3250 4452 ecclesiam
3300 4375 3376 4447 in

546 4770 586 4827 d
618 4673 699 4829 ge)
732 4673 921 4735 Annus
953 4676 1105 4751 regni
1140 4676 1372 4752 Siciliae,
1403 4677 1642 4754 quinque
1672 4676 1950 4738 mensibus
1970 4676 2088 4752 §am
2112 4682 2242 4737 ante
2285 4676 2594 4754 incoeptus,
2639 4677 2942 4739 triceffimus
2989 4685 3215 4739 octavus
3256 4696 3382 4740 esse

587 4786 617 4828 e
690 4779 791 4831 ret.

3517 2056 3645 2112 ΛΡΜ

3446 2113 3718 2207 *m
