4500 5956
1045 516 1171 580 806
2054 512 2486 578 mmmm
2530 511 2888 576 SECUNM
3486 515 3655 599 [Amr.
3687 519 3860 582 lm.

1052 677 1237 752 dicte
1296 671 1585 749 ecclesie
1641 672 2028 750 vivariensi
2090 700 2133 751 a
2196 673 2383 751 divis
2443 675 2758 772 augustis
2841 673 3199 771 quondam
3259 677 3869 774 predecessoribus

1050 801 1299 876 nostris
1329 809 1399 872 et
1429 798 1635 873 nobis
1669 795 1939 874 dudum
1980 819 2306 874 conoessa
2343 820 2502 873 cum
2545 795 2876 872 omnibus
2899 821 3042 894 que
3073 801 3513 875 continentur
3547 804 3622 875 in
3664 804 3863 901 ipsis,

1048 924 1435 999 secundum
1469 918 1667 1019 quod
1702 941 1786 998 ea
1819 923 2053 996 omnia
2081 923 2505 1020 temporibus
2533 923 2844 1020 ipsorum
2883 923 3448 1019 predecessorum
3481 935 3869 1002 nostrorum

1052 1053 1123 1122 et
1167 1067 1392 1142 usque
1441 1045 1534 1121 ad
1578 1046 1708 1121 hec
1757 1046 1979 1120 felicia
2027 1059 2334 1143 tempora
2381 1055 2614 1121 nostra
2661 1041 2904 1120 eadem
2957 1047 3249 1122 ecclesia
3299 1050 3488 1144 juste
3537 1053 3757 1126 tenuit
3800 1066 3873 1129 et

1056 1172 1395 1268 possedit,
1437 1172 1572 1244 sibi
1606 1172 1696 1246 de
1727 1171 1946 1268 gratia
1983 1180 2216 1245 nostra
2269 1167 2606 1246 duximus
2645 1169 3156 1263 confirmanda3
3207 1181 3582 1248 statuentes
3633 1186 3705 1250 et
3743 1176 3876 1250 im·

1056 1297 1295 1392 periali
1323 1297 1707 1370 sancientes
1744 1295 1972 1370 edicto
1997 1305 2342 1390 quatenus
2382 1294 2573 1366 nulla
2605 1295 2889 1380 omnino
2929 1317 3223 1391 persona
3252 1298 3389 1370 alta
3415 1299 3528 1372 vel
3561 1299 3872 1388 humilis,

1054 1421 1517 1494 ecclesiastica
1562 1420 1675 1492 vel
1716 1419 2077 1510 secularis,
2127 1419 2490 1492 ecclesiam
2530 1418 3041 1507 Vivariensem,
3098 1420 3501 1517 episcopum
3558 1423 3673 1496 vel
3723 1426 3879 1517 ejus

1055 1564 1484 1617 successores
1521 1552 1756 1615 contra
1793 1543 2001 1637 hujus
2036 1541 2567 1616 confirmationis
2617 1554 2847 1616 nostre
2895 1553 3205 1617 tenorem
3225 1600 3246 1632 ,
3294 1546 3529 1640 aliquo
3574 1556 3881 1642 tempore

1058 1665 1504 1755 adveniente,
1550 1687 1724 1738 ausu
1772 1666 2131 1740 temerario
2183 1688 2393 1762 super
2432 1665 2542 1738 his
2593 1667 2914 1740 omnibus
2968 1668 3298 1764 impetere
3345 1669 3458 1742 vel
3496 1669 3885 1765 inquietare

1057 1800 1433 1887 presumat.
1464 1789 1664 1878 Quod
1696 1790 1819 1885 qui
1855 1791 2026 1863 forte
2061 1792 2584 1887 presumpserit,
2638 1801 2866 1887 preter
2896 1792 3441 1887 indignationem
3476 1796 3687 1867 nostri
3726 1797 3881 1868 cul-

1066 1916 1272 1988 minis
1302 1937 1511 2010 quam
1550 1915 1877 2002 incurret,
1919 1914 1972 1984 L
1998 1914 2329 1987 librarum
2359 1915 2513 1987 auri
2552 1917 2709 2011 puri
2743 1937 2922 2010 pena
2958 1917 3319 2011 plectetur,
3353 1916 3720 2015 medietate
3746 1920 3881 2014 ipsi

1063 2059 1339 2113 camere
1381 2048 1613 2112 nostre
1655 2045 1723 2111 et
1754 2034 2019 2132 reliqua
2050 2038 2422 2113 medietate
2455 2039 2633 2135 parti
2665 2060 2870 2135 passe
2918 2035 3240 2134 injuriam
3278 2039 3755 2136 persolvenda.
3795 2044 3888 2115 Ut

1066 2170 1298 2236 autem
1325 2161 1455 2235 hec
1478 2169 1709 2236 nostra
1739 2162 2165 2235 confirmatio
2193 2162 2410 2236 robur
2444 2162 2751 2236 obtineat
2795 2172 3125 2258 perpetue
3169 2162 3510 2237 firmitatis
3530 2219 3551 2254 ‚
3602 2186 3889 2261 presens

1064 2288 1505 2384 privilegium
1541 2286 1684 2359 fieri
1719 2295 1789 2359 et
1813 2286 2003 2360 hulla
2031 2304 2241 2358 aurea
2272 2287 2540 2381 typario
2563 2287 2672 2381 (a)
2703 2297 2938 2359 nostre
2964 2287 3341 2380 majestatis
3375 2288 3711 2384 impressa
3734 2291 3892 2381 ius-

1066 2413 1287 2484 simus
1318 2409 1751 2484 communiri.

1167 2538 1390 2630 Hujus
1418 2535 1518 2606 rei
1553 2543 1758 2606 testes
1782 2543 1947 2605 sunt
1979 2559 2000 2606 ε
2035 2531 2473 2608 'treverensis
2504 2532 3062 2630 archiepiscopus
3083 2588 3104 2624 ,
3152 2534 3308 2608 dux
3335 2535 3625 2609 Bavarie
3660 2556 3891 2608 comes

1069 2660 1412 2757 palatinus
1447 2658 1644 2749 Reni,
1681 2657 1832 2729 dux
1865 2657 2336 2749 Lotharingie,
2373 2657 2522 2730 dux
2549 2657 2949 2746 Brabantie,
2987 2657 3139 2731 dux
3175 2657 3266 2731 de
3297 2658 3664 2755 Limburg‚
3707 2681 3891 2732 mar-

1072 2785 1229 2858 chio
1270 2782 1361 2857 de
1403 2777 1634 2856 Baden
1658 2838 1675 2872 ,
1726 2777 2142 2876 burgravius
2182 2783 2273 2856 de
2311 2780 2768 2873 Nuremberc,
2805 2780 2885 2854 R.
2931 2801 3160 2856 comes
3201 2780 3612 2875 Tolosanus,
3661 2783 3750 2856 A.
3805 2783 3899 2857 de

1071 2907 1375 2984 Pictavia
1423 2926 1651 2983 comes
1696 2903 2236 3000 valentinensiS,
2285 2902 2367 2978 G.
2414 2903 2503 2980 de
2544 2905 2968 2999 Borgavius,
3009 2902 3090 2978 Α.
3145 2901 3430 3001 Aioara,
3480 2908 3567 2980 V.
3617 2902 3708 2981 de
3752 2905 3898 2980 Ba-

1079 3044 1277 3108 vasta
1305 3033 1423 3130 (b),
1452 3032 1539 3107 V.
1574 3029 1663 3107 de
1688 3032 1937 3120 Navis,
1976 3041 2044 3105 et
2082 3030 2196 3104 alii
2226 3029 2696 3126 quamplures.

1174 3160 1466 3249 Signum
1501 3152 1764 3229 domini
1791 3153 2154 3243 Friderici,
2185 3152 2312 3228 Dei
2353 3156 2572 3248 gratia
2614 3153 3046 3227 invictissimi
3081 3154 3546 3228 Romanorum
3597 3156 3898 3251 impera·

1079 3280 1246 3355 toris
1280 3298 1549 3375 semper
1578 3280 1880 3373 augusti,
1915 3278 2291 3351 Jerusalem
2330 3288 2399 3352 et
2444 3278 2672 3352 Sicilie
2710 3278 2893 3373 regis
2933 3278 3309 3373 magnifici.

1177 3404 1347 3477 Acta
1372 3414 1534 3477 sunt
1554 3394 1738 3501 [hec]
1757 3420 1938 3475 anno
1963 3399 2307 3475 dominice
2328 3400 2814 3475 incarnationis
2840 3400 3290 3491 MCCXXXV,
3307 3422 3546 3476 mense
3561 3402 3892 3496 januarii,

1080 3528 1178 3605 IX
1227 3528 1664 3620 indictionis,
1706 3527 2089 3622 imperante
2125 3524 2408 3603 domino
2443 3537 2677 3600 nostro
2709 3525 3096 3620 Friderico‚
3137 3526 3266 3599 Dei
3302 3528 3522 3621 gratia
3574 3526 3903 3601 invictis-

1081 3657 1257 3730 simo
1292 3654 1756 3728 Romanorum
1789 3652 2193 3748 imperatore
2237 3672 2508 3747 semper
2553 3658 2881 3746 augusto,
2918 3649 3292 3724 Jerusalem
3333 3662 3403 3724 et
3434 3652 3667 3725 Sicilie
3697 3672 3898 3745 rege,

1084 3796 1266 3852 anno
1302 3776 1569 3874 imperii
1606 3778 1760 3871 ejus
1793 3774 1977 3869 XVI,
2007 3774 2204 3871 regni
2234 3774 2607 3849 Jerusalem
2641 3772 2733 3868 X,
2760 3775 2961 3868 regni
2984 3794 3152 3849 vero
3175 3772 3408 3848 Sicilie
3435 3772 3750 3849 XXXVII
3775 3774 3900 3872 (c),

1083 3898 1392 3976 feliciter.
1433 3901 1682 3974 Amen.

1178 4024 1430 4099 Datum
1464 4022 1656 4121 apud
1683 4021 2043 4118 Hagenau,
2079 4043 2294 4115 ann0,
2337 4041 2575 4096 mense
2603 4031 2672 4095 et
2703 4020 3077 4097 indictione
3106 4021 3525 4120 prescriptis.

1170 4146 1255 4229 (a)
1298 4148 1368 4210 ln
1396 4150 1695 4226 impressis
1727 4153 2020 4226 tympano,
2048 4144 2225 4208 male.

1168 4252 1253 4336 (b)
1296 4252 1388 4317 cf.
1428 4257 1671 4317 munna
1704 4270 1861 4333 quae
1901 4254 1965 4315 tn
2004 4253 2388 4331 praecedente
2420 4254 2756 4333 privilegio,
2797 4270 2862 4333 p.
2910 4262 3063 4330 801,
3108 4255 3341 4317 diverse
3380 4256 3558 4317 simul
3595 4261 3659 4315 st
3694 4256 3912 4316 rectius

1082 4364 1516 4442 exprimuntur.

1168 4468 1246 4547 (c)
1291 4468 1443 4527 Istae
1469 4472 1643 4525 notae
1676 4476 1813 4525 cum
1848 4464 2229 4542 praelaudato
2262 4464 2573 4543 privilegio
2608 4480 2731 4527 non
2764 4467 3147 4529 concordant.
3174 4468 3359 4529 Recte
3383 4474 3619 4542 umen,
3658 4468 3712 4527 sl
3749 4474 3917 4528 tem-

1082 4590 1227 4654 pora
1252 4572 1706 4650 computaveriS,
1735 4572 1819 4629 itu
1846 4576 2037 4630 essent
2067 4588 2084 4629 ε
2114 4587 2273 4630 anno
2297 4570 2499 4649 imper.
2539 4571 2600 4631 X
2607 4572 2700 4649 W,
2729 4590 2895 4653 reqn.
2917 4573 3110 4634 lev-tu.
3143 4573 3254 4652 11,
3281 4570 3444 4636 sicil.
3481 4571 3815 4635 XXXVIII.
