4500 5956
1089 630 1210 690 912
2085 628 2511 689 rmnsslucl
2566 627 2912 688 SECUNDI
3529 634 3689 712 [Anu.
3729 636 3900 699 1236.

1083 766 1269 855 juste
1318 770 1636 835 verentes
1689 783 1777 833 ne
1825 763 2186 858 utriusque
2241 761 2534 857 perfidia
2590 762 2835 835 fideles
2901 760 3212 836 inficeret
3257 776 3601 841 contactu.
3652 772 3897 845 Eccle-

1090 887 1345 959 siarum
1372 895 1601 958 tamen
1638 907 1918 957 suarum
1947 886 2421 980 proventibus,
2453 895 2657 980 prout
2691 887 2761 956 in
2796 886 3118 981 episcopo
3143 890 3545 982 supradicto
3572 903 3900 967 statutum

1090 1010 1317 1081 extitit
1357 1010 1547 1104 apud
1577 1011 1837 1082 Fanum
1890 1018 1957 1081 et
1996 1032 2122 1104 per
2155 1009 2614 1082 venerabilem
2663 1009 3066 1101 magistrum
3113 1011 3365 1085 domus
3412 1016 3660 1088 Sancte
3693 1019 3904 1089 Marie

1090 1133 1664 1205 Theutonicorum
1696 1132 2104 1205 officialibus
2135 1134 2387 1205 nostris
2430 1133 2842 1223 injunctum,
2877 1133 3062 1228 ipsos
3106 1136 3298 1207 nullo
3345 1137 3553 1209 modo
3586 1141 3903 1212 volumus

1089 1257 1508 1329 defraudari.
1550 1258 1892 1351 Reputare
1932 1265 2238 1351 preterea
2277 1278 2412 1329 non
2446 1255 2719 1328 debetis
2748 1256 3129 1329 absurdum
3164 1258 3224 1330 si
3258 1261 3559 1333 notarios
3592 1263 3904 1356 publicos

1089 1382 1449 1476 episcopos
1493 1383 1718 1453 facere
1764 1391 1992 1454 nostra
2025 1383 2419 1454 constitutio
2454 1402 2593 1452 non
2639 1381 2999 1475 permittit,
3042 1402 3200 1453 cum
3251 1405 3293 1454 a
3350 1385 3552 1456 nobis
3597 1394 3905 1457 tantum-

1090 1503 1296 1574 modo
1333 1504 1609 1598 publica
1648 1503 1943 1575 debeant
1992 1503 2216 1576 officia
2253 1503 2620 1598 postulari,
2656 1503 2729 1572 in
2774 1523 2981 1595 quem
3025 1504 3177 1596 lege
3226 1507 3415 1597 regia
3466 1506 3736 1600 prodita
3766 1510 3900 1581 Ro-

1090 1649 1338 1698 manus
1379 1628 1678 1722 populus
1709 1627 2129 1698 auctoritatis
2176 1636 2246 1699 et
2279 1627 2538 1719 justitie
2568 1625 2843 1721 publice
2873 1628 3158 1698 contulit
3185 1636 3614 1721 potestatem.
3649 1631 3902 1704 Judeos

1090 1759 1317 1822 autem
1344 1804 1361 1836 ,
1413 1752 1536 1821 etsi
1595 1761 1732 1820 tam
1781 1750 1853 1820 in
1903 1751 2188 1844 imperio
2223 1773 2435 1844 quam
2482 1751 2552 1821 in
2589 1772 2802 1844 regno
2837 1752 3037 1823 nobis
3069 1754 3415 1823 communi
3454 1756 3615 1845 Jure
3659 1753 3899 1828 imme-

1092 1873 1276 1944 diate
1321 1874 1749 1964 subjaceant,
1797 1894 1838 1943 a
1875 1874 2061 1944 nulia
2115 1884 2343 1944 tamen
2388 1874 2675 1946 ecclesia
2722 1874 2875 1946 illos
2926 1875 3337 1947 abstulimus
3370 1898 3511 1968 que
3545 1900 3755 1972 super
3801 1880 3900 1951 eis

1080 1999 1198 2089 jus
1231 1996 1527 2091 speciale
1559 1996 2016 2090 pretenderet‚
2043 1995 2233 2088 quod
2271 1996 2617 2068 communi
2636 1997 2776 2087 juri
2804 2007 3036 2070 nostro
3059 1999 3301 2072 merito
3330 2002 3739 2095 preferretur
3772 2004 3891 2096 (a).

1087 2125 1308 2218 Super
1360 2130 1608 2215 nepote
1655 2140 1824 2192 vero
1883 2120 2063 2213 regis
2119 2119 2352 2191 Tunisi
2410 2121 2752 2213 captivato
2819 2122 3304 2194 conscientiam
3375 2134 3674 2197 vestram
3738 2128 3901 2198 satis

1084 2255 1315 2317 nostre
1361 2244 1742 2317 serenitatis
1788 2243 2072 2336 epistola
2117 2244 2449 2338 premissa
2502 2244 2856 2336 perdocuit
2889 2244 3034 2337 (i);
3078 2244 3203 2317 sed
3252 2247 3310 2317 si
3356 2248 3556 2319 vobis
3598 2247 3687 2320 ad
3744 2271 3899 2342 pre·

1083 2390 1241 2440 sens
1279 2369 1694 2439 contrarium
1736 2366 2094 2455 suadetur,
2143 2366 2467 2438 videlicet
2514 2364 2705 2459 quod
2758 2376 2983 2461 preter
3038 2368 3324 2462 predicti
3360 2371 3543 2462 regis
3573 2370 3899 2443 offensam

1081 2494 1473 2578 ultroneus,
1533 2514 1672 2564 non
1735 2490 2063 2564 seductus
2119 2490 2214 2563 ad
2269 2492 2724 2585 Apostolicam
2782 2492 3030 2564 Sedem
3085 2495 3443 2566 accederet
3502 2506 3901 2590 recepturus

1076 2616 1504 2711 baptismatis
1537 2625 2062 2706 sacramentum,
2097 2615 2526 2707 inquiremus
2563 2615 2850 2687 libenter
2885 2615 3118 2688 denuo
3141 2618 3503 2689 veritatem
3533 2641 3615 2690 ac
3644 2620 3897 2692 deinde

1082 2741 1304 2812 taliter
1347 2739 1799 2835 procedemus
1854 2738 2043 2833 quod
2079 2741 2148 2809 in
2210 2761 2295 2812 eo
2346 2739 2589 2811 honori
2648 2749 2883 2812 sancte
2924 2741 3229 2812 Romane
3277 2742 3583 2815 Ecclesie
3633 2745 3897 2816 satisfa-

1083 2865 1345 2935 ciemus
1383 2874 1450 2935 et
1484 2874 1737 2935 nostro.
1796 2864 2004 2936 Porro
2044 2863 2235 2957 quod
2280 2886 2320 2934 a
2365 2865 2610 2935 comite
2653 2864 2986 2936 Tolosauo
3034 2865 3156 2957 qui
3203 2866 3402 2936 nobis
3442 2876 3512 2937 et
3559 2866 3898 2938 fidelitatis

1081 2989 1365 3061 vinculo
1414 2998 1483 3060 et
1527 2988 1879 3060 affinitatis
1918 2989 2078 3079 jure
2124 2997 2394 3061 tenetur
2439 2989 2789 3077 astrictu8‚
2842 2998 3198 3081 propterea
3257 2989 3443 3082 quod
3494 2993 3898 3062 sententiam

1084 3112 1818 3184 excommunicationis
1853 3111 2242 3203 incurrerit,
2284 3111 2639 3183 servitium
2667 3111 2977 3183 debitum
3008 3133 3131 3206 pro
3166 3112 3376 3184 feudo
3406 3114 3596 3207 quod
3637 3114 3729 3186 ab
3773 3116 3897 3185 im-

1085 3236 1276 3328 perio
1321 3243 1550 3305 tenere
1586 3235 1969 3306 dinoscitur
2018 3233 2301 3306 minime
2352 3234 2815 3328 requiramus,
2868 3255 3007 3307 non
3063 3236 3317 3327 injuste
3363 3238 3566 3308 nobis
3620 3259 3896 3309 cansam

1084 3355 1558 3429 admirationis
1610 3355 1910 3428 adduxit
1959 3356 2152 3450 quod
2203 3379 2328 3452 per
2372 3358 3148 3431 excommunicationem
3196 3360 3463 3431 comitis
3521 3361 3901 3455 supradicti

1080 3480 1220 3572 juri
1262 3490 1493 3551 nostro
1540 3478 1993 3574 prejudicium
2048 3481 2438 3573 generetur,
2487 3482 2838 3574 presertim
2888 3504 3046 3553 cum
3098 3482 3410 3554 nondum
3469 3484 3556 3554 sit
3604 3506 3727 3577 per
3774 3506 3899 3555 nos

1088 3604 1178 3675 de
1207 3604 1540 3675 sententia
1585 3604 1975 3698 principum
2023 3604 2232 3676 feudo
2283 3605 2617 3699 privatus.
2668 3605 2755 3677 Et
2803 3606 2905 3677 sic
2947 3606 3406 3678 emolumento
3447 3606 3641 3677 feudi
3686 3628 3898 3700 penes

1083 3729 1312 3823 ipsum
1350 3728 1665 3800 comitem
1701 3736 2097 3799 remanente
2120 3784 2136 3814 ,
2173 3749 2389 3820 quare
2427 3738 2705 3824 propter
2750 3729 3529 3802 excommunicationem
3570 3729 3896 3800 immuni-

1087 3861 1226 3924 tate
1258 3850 1507 3924 debeat
1541 3851 1847 3945 gaudere
1876 3852 2136 3922 servitii
2178 3873 2316 3923 non
2351 3852 2705 3938 videmus,
2752 3872 2910 3922 cum
2950 3852 3684 3924 excommunicationis
3716 3873 3893 3946 pena

1080 3976 1252 4048 nulli
1296 3974 1708 4048 beneficium
1759 3974 2009 4048 debeat
2047 3975 2500 4047 immunitatis
2540 3975 2808 4046 afferre.
2856 3975 3170 4069 Denique
3205 3975 3394 4068 quod
3438 3998 3562 4071 per
3606 3976 3894 4069 inquisi-

1164 4203 1247 4284 (α)
1288 4206 1363 4267 In
1386 4207 1519 4268 cod.
1549 4206 1738 4268 Paris.
1757 4203 2155 4285 preferuntur.

1156 4546 1229 4619 (4)
1258 4547 1449 4604 Utrum
1475 4548 1612 4604 haec
1636 4549 1858 4623 epistola
1880 4550 2099 4624 papales
2123 4549 2326 4606 litteras
2349 4566 2486 4622 quas
2512 4564 2696 4624 supra,
2721 4567 2776 4623 p.
2800 4550 2923 4618 872,
2947 4549 3235 4621 edidimuS,
3255 4554 3497 4622 tempore
3517 4548 3890 4621 praecesserit,

1081 4659 1154 4700 an
1176 4649 1362 4717 postea
1383 4644 1486 4700 sub
1507 4644 1678 4702 forma
1703 4645 1943 4718 responsi
1966 4646 2164 4719 scripta
2190 4647 2377 4717 fuerit,
2407 4662 2514 4703 non
2535 4647 2737 4704 scimus
2767 4646 2896 4703 dum
2927 4646 3117 4703 eadem
3150 4646 3374 4719 epistola
3402 4661 3499 4704 nos
3520 4661 3693 4718 usque
3719 4644 3894 4702 adhuc

1075 4742 1294 4800 omnino
1328 4741 1557 4800 latuerit.
