4500 5956
1048 586 1170 648 784
2045 582 2475 644 rmnmuct
2524 580 2877 643 sneunm
3497 583 3664 663 [An.
3696 584 3874 650 1235.

1184 794 1189 797 .
1290 717 1510 779 branae
1539 715 1749 778 infima
1792 716 2058 777 suchsus
2097 722 2189 777 est
2203 761 2223 790 ,
2270 717 2366 777 vei
2409 718 2605 794 potius
2648 714 3000 776 mandatum
3042 713 3206 792 quod
3247 712 3326 776 ab
3362 715 3604 777 exordio
3644 733 3898 796 semper.

1293 823 1489 902 sigillo
1514 825 1726 899 caruit,
1750 822 1920 887 alteri
1938 826 2103 901 justo
2127 825 2523 884 instrumento
2547 825 2728 900 atque
2751 820 2944 899 sigillo
2968 820 3200 882 munito
3224 819 3523 883 inclusum
3548 821 3730 903 erat.)

1154 1005 1632 1107 Fr[idericus],
1672 1010 1795 1083 Dei
1829 1009 2049 1104 gratia
2073 1010 2535 1082 Romanorum
2571 1007 2941 1103 imperator
2969 1027 3238 1102 semper
3267 1018 3631 1103 augustus,
3661 1011 3877 1085 Jeru-

1056 1133 1269 1205 salem
1306 1142 1374 1206 et
1402 1132 1631 1205 Sicilie
1665 1154 1791 1205 rex
1811 1186 1832 1224 ,
1888 1132 2253 1206 buticlario
2291 1131 2382 1206 de
2417 1122 2905 1204 Nuorenberch
2948 1129 3136 1203 fideli
3179 1152 3308 1204 suo
3352 1134 3645 1225 gratiam
3680 1157 3882 1208 suam

1057 1266 1126 1329 et
1169 1278 1375 1329 omne
1421 1255 1712 1328 bonum.
1770 1256 2133 1341 Querelam
2185 1254 2513 1351 prepositi
2566 1264 2635 1327 et
2681 1262 3064 1327 conventus
3117 1251 3208 1327 de
3259 1256 3658 1350 Speinshart
3705 1257 3880 1332 fide-

1057 1379 1227 1452 lium
1277 1388 1664 1451 nostrorum
1722 1380 2108 1475 recepimus
2162 1379 2627 1453 continentem
2680 1377 2873 1472 quod
2932 1377 3289 1451 lantcravii
3338 1378 3430 1453 de
3474 1380 3882 1473 Waltekke,

1059 1500 1150 1575 de
1187 1500 1662 1574 Luikenberch
1690 1511 1759 1574 et
1802 1503 2140 1575 Henricus
2176 1502 2265 1575 de
2310 1500 2677 1591 Turndorf,
2714 1502 3071 1575 occasione
3103 1501 3465 1576 advocatie
3498 1528 3711 1599 quam
3747 1505 3887 1579 ha-

1058 1624 1225 1697 bere
1264 1644 1340 1696 se
1374 1633 1691 1697 asserunt
1738 1624 1812 1696 in
1860 1624 2278 1719 quibusdam
2319 1624 2502 1698 villis
2551 1623 2771 1719 ipsius
2804 1623 3127 1717 ecclesie,
3163 1624 3490 1699 videlicet
3528 1627 3877 1720 Wolawe,

1060 1743 1568 1839 Curbansdorf,
1622 1747 1892 1819 Prissen
1912 1801 1933 1840 ,
1988 1747 2453 1840 Curbenseze,
2505 1746 2941 1836 Mukenrott,
2999 1745 3345 1821 Aldinriut
3392 1757 3464 1822 et
3515 1752 3880 1846 Tunpach,

1060 1890 1223 1941 cum
1259 1870 1521 1942 nullam
1571 1869 1670 1942 ibi
1706 1871 2146 1944 advocatiam
2176 1870 2513 1963 habeant,
2555 1870 2743 1967 ipsos
2774 1871 3202 1967 prepositum
3236 1882 3306 1945 et
3350 1884 3775 1946 conventum
3811 1875 3889 1946 in

1064 1992 1326 2066 eisdem
1370 1992 1553 2065 villis
1600 2005 1987 2087 aggravant
2018 2005 2087 2068 et
2120 1993 2617 2092 dapmnificare
2667 2016 2806 2066 non
2842 2003 3134 2083 cessant,
3183 2015 3460 2069 omnem
3495 1997 3596 2069 eis
3638 1998 3891 2071 moles-

1064 2115 1230 2188 tiam
1283 2124 1351 2188 et
1392 2116 1731 2207 jacturam
1790 2117 2069 2191 assidue
2131 2117 2512 2192 inferendO.
2573 2117 2745 2190 Cum
2804 2117 3014 2212 igitur
3059 2119 3507 2192 ecclesiarum
3548 2123 3709 2215 jura
3763 2144 3892 2195 ve·

1058 2238 1266 2310 limus
1302 2238 1491 2311 illesa
1534 2240 1836 2332 servari,
1884 2241 2193 2315 fidelitati
2232 2252 2352 2316 tue
2388 2241 2671 2314 firmiter
2716 2240 3158 2337 precipiendo
3200 2242 3610 2316 mandamus
3633 2299 3655 2335 ‚
3705 2267 3882 2340 qua-

1060 2361 1248 2435 tinus
1289 2362 1617 2458 inquisita
1658 2364 1750 2439 de
1803 2365 1938 2438 hiis
1985 2366 2386 2457 diligentius
2440 2366 2765 2457 veritate,
2825 2366 2886 2437 si
2942 2365 3068 2437 tibi
3123 2367 3499 2440 constiterit
3553 2368 3649 2440 ita
3699 2390 3890 2461 esse,

1070 2485 1419 2580 predictos
1493 2488 1878 2562 lancravios
1947 2500 2017 2563 et
2075 2490 2446 2564 Henricum
2510 2489 2735 2562 taliter
2800 2488 2894 2561 ab
2966 2489 3365 2563 eorumdem
3438 2492 3765 2588 prepositi
3825 2503 3900 2566 et

1066 2619 1452 2683 conventus
1500 2611 1811 2685 indebita
1843 2614 2311 2686 molestatione
2347 2633 2767 2707 compescas,
2805 2621 2875 2684 et
2909 2631 3117 2705 cogas
3162 2623 3366 2709 prout
3387 2616 3652 2708 justum
3688 2615 3900 2688 fuerit

1063 2743 1145 2805 ut
1178 2733 1406 2806 ablata
1441 2735 1831 2824 restituant,
1871 2747 1949 2808 ut
1982 2758 2192 2832 super
2228 2735 2365 2808 hiis
2403 2736 2651 2809 iterum
2690 2735 2948 2808 nullam
2984 2736 3490 2831 querimoniam
3526 2738 3898 2812 audiamus

1067 2865 1139 2928 et
1173 2865 1294 2929 tua
1329 2856 1620 2951 proinde
1655 2857 1935 2932 devotio
1969 2858 2511 2933 commendetur.

1168 2981 1418 3053 Datum
1450 2981 1793 3076 Auguste,
1832 2983 2021 3057 XXV
2049 2983 2374 3075 octobris,
2414 2981 2812 3057 indictionis
2837 2985 3069 3058 V1111·.

2413 3281 3426 3294 m———ss-——ss-

717 3581 971 3635 mm...
1180 3544 1611 3629 Fridericus
1638 3609 1661 3653 ,
1733 3544 2257 3629 Romanorum
2340 3546 2784 3654 imperator,
2849 3544 3244 3628 ecclesiam
3314 3545 3395 3626 in
3466 3545 3851 3655 Kitzingen
3876 3606 3906 3652 ,

755 3633 943 3680 octobri.

1081 3703 1260 3762 cum
1314 3678 1658 3788 personis
1721 3691 1796 3761 et
1839 3676 2448 3787 possessionibus
2499 3676 2859 3761 omnibus
2883 3737 2907 3784 ,
2946 3676 3025 3757 in
3092 3677 3398 3787 speciali
3445 3678 3911 3787 protectione

1086 3837 1226 3895 sua
1260 3821 1335 3895 et
1368 3809 1665 3920 imperii
1701 3809 1990 3918 recipit.

1251 4027 1433 4106 (Edit.
1465 4029 1528 4086 in
1556 4025 1777 4101 hemi,
1814 4023 2013 4088 θαι-ἠ.
2044 4021 2528 4098 Fraakenlands,
2555 4029 2604 4084 t.
2636 4023 2748 4096 111,
2775 4039 2839 4101 p.
2886 4031 3024 4096 380,
3066 4039 3237 4086 num.
3268 4032 3378 4097 3⁵3
3419 4029 3479 4085 et
3509 4039 3610 4102 ap.
3644 4023 3906 4085 Monam.

1327 4133 1524 4207 Boio„
1555 4139 1604 4193 t.
1632 4132 1829 4211 XXX,
1857 4150 1921 4210 p.
1956 4140 2099 4211 248,
2135 4148 2299 4193 num.
2331 4127 2828 4201 DCCXXXVIII,
2864 4144 2941 4189 ex
2966 4129 3240 4207 originali
3264 4129 3424 4191 unde
3457 4130 3719 4208 sigillum
3742 4146 3913 4192 non-

1323 4239 1473 4299 nihil
1501 4237 1725 4299 laesum
1757 4236 2054 4315 appendet
2072 4252 2149 4297 ex
2185 4234 2304 4297 filis
2328 4237 2529 4297 sericis
2553 4235 2697 4296 flavi
2721 4239 2784 4295 et
2807 4233 2973 4295 rubri
2996 4233 3256 4316 coloris.)

1182 4420 1657 4521 FriidericusL
1693 4422 1819 4494 Dei
1852 4422 2070 4516 gratia
2097 4422 2561 4495 Romanorum
2595 4422 2967 4517 imperator
2997 4440 3269 4516 semper
3311 4428 3676 4514 augustus,
3712 4420 3915 4492 Jeru-

1087 4547 1298 4623 salem
1338 4556 1407 4620 et
1438 4547 1666 4620 Sicilie
1701 4569 1854 4620 rex.
1893 4547 2307 4641 Religiosam
2341 4548 2559 4620 vitam
2596 4545 3013 4619 habentibus
3044 4544 3396 4641 imperiale
3429 4544 3637 4619 debet
3670 4543 3921 4618 adesse

1084 4670 1470 4768 presidium
1515 4693 1605 4743 ne
1642 4672 1951 4764 cujusvis
1984 4670 2389 4746 temeritatis
2426 4670 2744 4744 incursus
2788 4679 2911 4743 aut
2955 4690 3075 4744 eos
3113 4691 3160 4743 a
3202 4669 3389 4743 bono
3420 4664 3772 4766 proposito
3806 4689 3924 4742 re-
