4500 5956
630 541 827 600 lumcr.
864 539 951 615 7.]
1530 532 1923 599 HISTORIA
1971 535 2559 599 mnouATmA.
3322 536 3444 600 685

627 692 752 746 nos
787 672 1072 744 habere.
1118 670 1367 743 Filium
1396 669 1596 744 ducis
1629 672 1948 747 Bawaric
1974 693 2183 766 quem
2202 670 2517 745 obsidem
2534 668 2905 742 habuimus
2931 691 3058 765 pro
3083 669 3442 765 utriusque

625 796 896 870 cautela
929 805 1000 867 et
1032 792 1255 867 filium
1289 796 1709 869 marchionis
1735 796 1826 870 de
1856 796 2090 869 Baden
2119 817 2330 890 quem
2360 805 2606 890 sponte
2635 804 2708 865 et
2732 794 2911 866 ultro
2937 792 3138 865 nohis
3163 793 3436 886 obtulit,

622 920 832 992 immo
869 917 1195 992 devotius
1227 919 1647 1014 supplicavit
1667 928 1748 993 ut
1771 941 1863 993 ne
1887 919 2192 1013 aliquam
2213 918 2307 992 de
2339 918 2492 1014 ipso
2515 916 2973 991 diffidentiam
2995 917 3434 1006 haberemus,

622 1064 781 1117 eum
826 1043 900 1114 in
959 1041 1272 1116 obsidem
1327 1042 1639 1138 recipere
1680 1042 2161 1138 dignaremur,
2216 1065 2344 1140 per
2401 1042 2577 1115 dura
2617 1050 2937 1137 precepta
2979 1041 3192 1135 patris
3229 1040 3440 1114 nostri

620 1165 877 1260 quihus
911 1165 1255 1238 contraire
1287 1186 1418 1238 nec
1461 1167 1788 1240 volumus
1817 1189 1948 1239 nec
1974 1167 2348 1256 debemus,
2406 1186 2547 1237 non
2583 1164 2734 1237 sine
2765 1165 3071 1238 maxima
3101 1186 3440 1238 verecun-

629 1287 746 1361 dia
792 1289 1156 1362 restituere
1201 1288 1645 1381 cogebamur.
1696 1290 2052 1365 Telonium
2095 1310 2378 1384 quoque
2424 1289 2495 1361 in
2533 1288 2924 1361 Baccherah
2967 1287 3162 1382 quod
3204 1289 3277 1360 in
3325 1309 3441 1361 so-

615 1411 875 1506 lempni
908 1413 1101 1486 curia
1128 1412 1609 1504 Frankenfort,
1650 1414 1955 1488 dictante
1981 1416 2320 1488 sententia
2344 1413 2735 1509 principum
2754 1466 2774 1504 ,
2817 1412 3188 1485 inhibitum
3214 1414 3439 1486 fuerat

616 1534 777 1607 duci
813 1537 1106 1611 Bavarie
1128 1546 1199 1610 et
1233 1536 1494 1611 deinde
1527 1537 1714 1612 idem
1749 1538 1900 1612 dux
1935 1560 2264 1634 expresse
2296 1538 2676 1630 abjuravit,
2718 1547 2955 1610 contra
2980 1538 3236 1610 factum
3273 1557 3434 1610 nos-

611 1668 796 1728 trum
827 1667 896 1730 et
926 1659 1323 1754 principum
1359 1660 1684 1751 veniens,
1723 1661 1973 1734 feodali
1989 1663 2150 1753 jure
2167 1660 2330 1733 duci
2348 1660 3047 1733 contulitmemorato.
3079 1657 3434 1752 Siquidem

607 1779 885 1852 nobiles
919 1791 991 1852 et
1017 1790 1410 1875 magnates,
1465 1783 1763 1856 vasallos
1792 1792 1864 1856 et
1897 1783 2379 1856 ministeriales
2414 1804 2541 1855 seu
2578 1781 2748 1855 alios
2782 1801 3259 1875 quoscumque
3292 1802 3434 1854 ve-

608 1902 877 1977 nientes
928 1903 1020 1977 ad
1071 1906 1298 2000 ipsum
1348 1914 1419 1979 et
1471 1905 1909 1981 detrahentes
1952 1906 2117 1980 hinc
2179 1906 2347 1980 inde
2403 1905 2638 1994 nobis,
2706 1905 2809 1977 eis
2860 1904 3179 1977 credulas
3230 1927 3435 1979 aures

606 2026 1045 2118 adhibendo,
1107 2028 1310 2102 audit
1344 2040 1418 2102 et
1463 2029 1790 2121 exaudit,
1847 2028 2022 2102 dans
2066 2029 2326 2103 litteras
2376 2037 2446 2102 et
2493 2027 2821 2102 mandata
2861 2030 3287 2102 revocatoria
3341 2029 3434 2104 de

607 2150 804 2222 factis
840 2153 1092 2224 nostris
1128 2153 1201 2224 in
1233 2174 1374 2225 non
1405 2154 1752 2228 modicam
1788 2163 2088 2227 nostram
2128 2175 2211 2226 ac
2245 2175 2441 2226 suam
2476 2162 2545 2226 et
2573 2153 2846 2248 imperii
2873 2154 3227 2227 lesionem.
3267 2155 3428 2227 Pre-

609 2272 808 2347 dictis
836 2275 1073 2369 itaque
1102 2275 1444 2350 mandatis
1468 2286 1540 2349 et
1566 2276 1906 2372 preceptis
1936 2275 2262 2350 dominus
2285 2284 2355 2350 et
2387 2285 2580 2372 pater
2612 2286 2841 2349 noster
2869 2277 3209 2370 quasdam
3237 2299 3428 2351 com-

610 2398 1016 2472 minationes
1062 2400 1335 2477 addidit
1365 2402 1843 2493 inconsuetas,
1901 2398 2226 2475 videlicet
2265 2401 2326 2473 si
2379 2402 2452 2472 in
2488 2402 2723 2495 aliquo
2762 2423 3002 2475 eorum
3047 2424 3186 2497 que
3228 2403 3429 2476 nobis

609 2522 991 2617 specialiter
1019 2534 1185 2596 tnnc
1205 2525 1568 2599 mandavit
1595 2525 2066 2600 inveniremur
2082 2526 2293 2599 etiam
2322 2526 2395 2597 in
2430 2526 2716 2598 minimo
2751 2526 3204 2620 negligentes,
3236 2529 3429 2620 quod

609 2647 882 2719 nuntios
916 2657 986 2720 et
1022 2649 1283 2722 litteras
1315 2660 1586 2725 nostras
1621 2650 1713 2723 de
1738 2661 1967 2724 cetero
2002 2672 2145 2724 non
2180 2651 2515 2745 reciperet
2554 2650 2667 2723 vel
2698 2649 2992 2724 audiret.
3025 2651 3427 2724 Procuravit

608 2771 806 2843 etiam
838 2772 1034 2866 apud
1081 2773 1334 2846 Sedem
1386 2773 1858 2870 Apostolicam
1902 2774 2093 2869 quod
2119 2795 2243 2870 per
2286 2772 2627 2868 quosdam
2648 2771 3057 2846 Alemannis
3081 2774 3424 2869 principes

608 2892 988 2968 denuntiati
1036 2896 1509 2971 debueramus
1550 2898 2288 2974 excommunicationis
2329 2896 2611 2970 vinculo
2663 2895 2984 2970 innodari
3021 2895 3168 2995 (l);
3226 2897 3421 2994 quod

604 3026 782 3091 tanto
814 3022 1101 3113 gravius
1121 3033 1270 3096 erat
1297 3023 1499 3096 nobis
1524 3033 1860 3118 quantum
1888 3023 2340 3119 perniciosius
2357 3032 2462 3096 est
2486 3023 2805 3118 exemplo
2836 3034 2908 3095 et
2929 3032 3165 3096 contra
3187 3023 3422 3097 omnia

598 3141 745 3233 jura
785 3153 928 3217 tam
969 3146 1429 3221 ecclesiastica
1464 3170 1677 3243 quam
1709 3147 2099 3238 mundana,
2150 3169 2313 3220 cnm
2350 3147 2441 3221 de
2478 3146 2618 3220 nlla
2666 3147 3096 3219 contumacia
3127 3147 3237 3219 vel
3279 3146 3417 3221 de-

602 3265 757 3339 licto
794 3269 1089 3342 convicti
1128 3271 1461 3345 fuerimus
1487 3272 1602 3344 vel
1622 3272 1950 3359 confessi,
1989 3272 2201 3343 immo
2223 3271 2430 3343 etiam
2458 3291 2591 3343 nec
2616 3270 3009 3343 commoniti
3042 3293 3168 3343 nec
3195 3271 3405 3344 citati.

601 3390 791 3464 Unde
807 3395 1051 3468 merito
1078 3394 1506 3469 credendum
1544 3417 1681 3468 non
1721 3405 1905 3468 esset
1930 3395 2045 3467 vel
2081 3394 2289 3467 etiam
2322 3395 2861 3490 presumendum
2892 3416 2935 3466 a
2968 3393 3147 3466 Sede
3176 3393 3412 3489 Apos-

602 3516 824 3607 tolica,
861 3540 902 3590 a
930 3539 1072 3612 qua
1100 3520 1256 3610 jura
1286 3517 1564 3614 prodire
1601 3518 1859 3591 debent
1886 3527 1955 3593 et
1991 3540 2130 3590 non
2160 3519 2448 3612 injurie,
2490 3520 2655 3590 tales
2690 3519 2950 3591 litteras
2985 3528 3055 3589 et
3092 3519 3413 3592 mandata

602 3649 828 3713 contra
860 3662 1222 3734 personam
1247 3651 1546 3714 nostram
1577 3641 1667 3715 de
1683 3652 1866 3715 certa
1881 3643 2162 3715 scientia
2190 3663 2570 3715 emanasse.
2593 3640 2707 3716 Ad
2731 3641 3157 3714 obviandum
3184 3643 3415 3737 itaque

600 3764 941 3837 salutifere
975 3764 1085 3837 his
1121 3766 1319 3838 malis
1350 3788 1518 3861 sepe
1559 3765 1794 3861 sepius
1829 3766 2215 3840 direximus
2247 3766 2635 3861 solempnes
2674 3766 2953 3837 nuntios
2988 3776 3285 3855 nostros,
3343 3777 3410 3837 et

600 3907 775 3960 nunc
807 3890 1416 3962 excellentissimos
1459 3913 1638 3985 quos
1666 3891 2038 3981 habemus,
2101 3891 2427 3965 videlicet
2465 3889 2894 3962 venerabiles
2929 3889 3407 3981 Moguntinum

601 4011 1187 4110 archiepiscopum
1220 4023 1290 4087 et
1316 4015 1889 4110 Bambergensem
1918 4016 2319 4112 episcopum
2354 4012 2485 4110 (2),
2517 4013 2802 4086 dilectos
2827 4011 3192 4084 familiares
3220 4013 3409 4106 prin-

662 4358 729 4432 (t)
769 4360 853 4419 Cf.
880 4360 1163 4434 epistolam
1181 4377 1358 4436 papae
1382 4361 1785 4437 archiepiscopo
1809 4360 2110 4419 Trevirensi
2134 4360 2411 4430 directam,
2431 4357 2534 4416 sub
2557 4356 2682 4415 dato
2703 4357 2872 4415 Reate
2895 4360 2931 4415 ὅ
2943 4356 3065 4431 julii
3086 4359 3247 4430 ⁴236,
3266 4373 3407 4432 quae

601 4469 777 4529 supra,
805 4475 863 4531 p.
904 4461 1007 4515 ⁴73
1036 4465 1093 4515 et
1119 4475 1273 4533 seqq.

662 4554 730 4625 (2)
767 4556 916 4625 Quos
952 4556 1170 4628 quidem
1199 4557 1254 4612 in
1281 4555 1544 4630 imperiali
1581 4555 1731 4613 curia
1771 4560 2041 4613 morantes
2078 4570 2265 4611 mense
2296 4551 2576 4611 novembri
2613 4552 2774 4626 hujus
2810 4551 2935 4609 anni
2973 4551 3292 4608 invenimus.
3321 4550 3399 4607 Cf.

603 4662 746 4722 supra
766 4667 825 4726 p.
851 4656 982 4723 502,
1007 4654 1134 4721 507,
1162 4657 1287 4713 509.
