<?xml version="1.0" encoding="UTF-8"?>
<!DOCTYPE html PUBLIC "-//W3C//DTD XHTML 1.0 Transitional//EN"
    "http://www.w3.org/TR/xhtml1/DTD/xhtml1-transitional.dtd">
<html xmlns="http://www.w3.org/1999/xhtml" xml:lang="en" lang="en">
 <head>
  <title>
</title>
<meta http-equiv="Content-Type" content="text/html;charset=utf-8" />
  <meta name='ocr-system' content='tesseract 3.04.00' />
  <meta name='ocr-capabilities' content='ocr_page ocr_carea ocr_par ocr_line ocrx_word'/>
</head>
<body>
  <div class='ocr_page' id='page_1' title='image "./historiadiploma00empegoog_0301.png"; bbox 0 0 4500 5956; ppageno 0'>
   <div class='ocr_carea' id='block_1_1' title="bbox 671 616 3488 708">
    <p class='ocr_par' dir='ltr' id='par_1_1' title="bbox 671 616 3488 708">
     <span class='ocr_line' id='line_1_1' title="bbox 671 616 3488 708; baseline -0.004 -18"><span class='ocrx_word' id='word_1_1' title='bbox 671 631 863 690; x_wconf 71' lang='grc' dir='ltr'><strong>ῐιωιοτ.</strong></span> <span class='ocrx_word' id='word_1_2' title='bbox 896 623 983 708; x_wconf 88' lang='grc'>9.]</span> <span class='ocrx_word' id='word_1_3' title='bbox 1584 618 1978 681; x_wconf 77' lang='lat' dir='ltr'>HISTORIA</span> <span class='ocrx_word' id='word_1_4' title='bbox 2025 616 2609 682; x_wconf 69' lang='lat' dir='ltr'>mnoMATch.</span> <span class='ocrx_word' id='word_1_5' title='bbox 3368 617 3488 680; x_wconf 76' lang='lat'>843</span> 
     </span>
    </p>
   </div>
   <div class='ocr_carea' id='block_1_2' title="bbox 674 1223 3809 1739">
    <p class='ocr_par' dir='ltr' id='par_1_2' title="bbox 674 1223 3809 1739">
     <span class='ocr_line' id='line_1_2' title="bbox 773 1223 3809 1341; baseline -0.012 -27"><span class='ocrx_word' id='word_1_6' title='bbox 773 1231 963 1314; x_wconf 90' lang='lat' dir='ltr'>Inde</span> <span class='ocrx_word' id='word_1_7' title='bbox 996 1231 1414 1341; x_wconf 82' lang='lat' dir='ltr'>imperator</span> <span class='ocrx_word' id='word_1_8' title='bbox 1453 1230 1764 1315; x_wconf 84' lang='lat' dir='ltr'>veniens</span> <span class='ocrx_word' id='word_1_9' title='bbox 1804 1229 2360 1313; x_wconf 74' lang='lat' dir='ltr'>confluentiam</span> <span class='ocrx_word' id='word_1_10' title='bbox 2375 1290 2400 1337; x_wconf 93' lang='lat'>,</span> <span class='ocrx_word' id='word_1_11' title='bbox 2441 1226 2886 1312; x_wconf 86' lang='lat' dir='ltr'>inferiorum</span> <span class='ocrx_word' id='word_1_12' title='bbox 2935 1225 3268 1336; x_wconf 88' lang='lat' dir='ltr'>partium</span> <span class='ocrx_word' id='word_1_13' title='bbox 3320 1223 3487 1304; x_wconf 88' lang='lat' dir='ltr'>mi-</span> <span class='ocrx_word' id='word_1_14' title='bbox 3634 1234 3809 1291; x_wconf 48' lang='lat' dir='ltr'>mam]</span> 
     </span>
     <span class='ocr_line' id='line_1_3' title="bbox 674 1355 3484 1472; baseline -0.002 -28"><span class='ocrx_word' id='word_1_15' title='bbox 674 1362 917 1446; x_wconf 91' lang='lat' dir='ltr'>litiam</span> <span class='ocrx_word' id='word_1_16' title='bbox 959 1362 1260 1447; x_wconf 84' lang='lat' dir='ltr'>invocat</span> <span class='ocrx_word' id='word_1_17' title='bbox 1314 1372 1580 1447; x_wconf 88' lang='lat' dir='ltr'>contra</span> <span class='ocrx_word' id='word_1_18' title='bbox 1614 1362 2200 1472; x_wconf 80' lang='lat' dir='ltr'>Longobardos3</span> <span class='ocrx_word' id='word_1_19' title='bbox 2241 1363 2375 1445; x_wconf 91' lang='lat' dir='ltr'>sed</span> <span class='ocrx_word' id='word_1_20' title='bbox 2416 1360 2680 1469; x_wconf 84' lang='lat' dir='ltr'><strong>paucis</strong></span> <span class='ocrx_word' id='word_1_21' title='bbox 2733 1358 2878 1440; x_wconf 90' lang='lat' dir='ltr'>sibi</span> <span class='ocrx_word' id='word_1_22' title='bbox 2944 1355 3484 1458; x_wconf 88' lang='lat' dir='ltr'>annuentibus,</span> 
     </span>
     <span class='ocr_line' id='line_1_4' title="bbox 679 1491 3487 1596; baseline -0.004 -20"><span class='ocrx_word' id='word_1_23' title='bbox 679 1494 956 1578; x_wconf 81' lang='lat' dir='ltr'><strong>milites</strong></span> <span class='ocrx_word' id='word_1_24' title='bbox 1027 1496 1126 1578; x_wconf 89' lang='lat' dir='ltr'>de</span> <span class='ocrx_word' id='word_1_25' title='bbox 1186 1495 1461 1580; x_wconf 83' lang='lat' dir='ltr'>Suevia</span> <span class='ocrx_word' id='word_1_26' title='bbox 1520 1504 1625 1580; x_wconf 66' lang='lat' dir='ltr'>et·</span> <span class='ocrx_word' id='word_1_27' title='bbox 1658 1495 1949 1578; x_wconf 88' lang='lat' dir='ltr'>Alsatia</span> <span class='ocrx_word' id='word_1_28' title='bbox 2016 1494 2160 1578; x_wconf 89' lang='lat' dir='ltr'>sibi</span> <span class='ocrx_word' id='word_1_29' title='bbox 2232 1493 2580 1577; x_wconf 80' lang='lat' dir='ltr'><strong>assumit.</strong></span> <span class='ocrx_word' id='word_1_30' title='bbox 2645 1492 2962 1575; x_wconf 75' lang='lat' dir='ltr'>Gonnrn.</span> <span class='ocrx_word' id='word_1_31' title='bbox 3030 1491 3292 1573; x_wconf 71' lang='lat' dir='ltr'>Conon.</span> <span class='ocrx_word' id='word_1_32' title='bbox 3363 1513 3487 1596; x_wconf 90' lang='lat' dir='ltr'>ap.</span> 
     </span>
     <span class='ocr_line' id='line_1_5' title="bbox 675 1625 1973 1739; baseline 0.002 -31"><span class='ocrx_word' id='word_1_33' title='bbox 675 1625 1053 1737; x_wconf 70' lang='lat' dir='ltr'>Boanum,</span> <span class='ocrx_word' id='word_1_34' title='bbox 1087 1635 1377 1729; x_wconf 79' lang='lat' dir='ltr'>Fontes,</span> <span class='ocrx_word' id='word_1_35' title='bbox 1424 1640 1483 1712; x_wconf 82' lang='lat' dir='ltr'>t.</span> <span class='ocrx_word' id='word_1_36' title='bbox 1526 1628 1623 1736; x_wconf 94' lang='lat' dir='ltr'>II,</span> <span class='ocrx_word' id='word_1_37' title='bbox 1663 1655 1742 1739; x_wconf 88' lang='lat' dir='ltr'>p.</span> <span class='ocrx_word' id='word_1_38' title='bbox 1787 1629 1973 1713; x_wconf 77' lang='lat'><strong>569.</strong></span> 
     </span>
    </p>
   </div>
   <div class='ocr_carea' id='block_1_3' title="bbox 1794 1978 2197 1989">
    <p class='ocr_par' dir='ltr' id='par_1_3' title="bbox 1794 1978 2197 1989">
     <span class='ocr_line' id='line_1_6' title="bbox 1794 1978 2197 1989; baseline -0.002 -1"><span class='ocrx_word' id='word_1_39' title='bbox 1794 1978 2197 1989; x_wconf 64' lang='lat' dir='ltr'>m</span> 
     </span>
    </p>
   </div>
   <div class='ocr_carea' id='block_1_4' title="bbox 682 2280 3905 2926">
    <p class='ocr_par' dir='ltr' id='par_1_4' title="bbox 682 2280 3905 2926">
     <span class='ocr_line' id='line_1_7' title="bbox 780 2280 3905 2393; baseline -0.003 -25"><span class='ocrx_word' id='word_1_40' title='bbox 780 2282 1206 2368; x_wconf 88' lang='lat' dir='ltr'>Fridericus</span> <span class='ocrx_word' id='word_1_41' title='bbox 1219 2344 1244 2387; x_wconf 88' lang='lat'>,</span> <span class='ocrx_word' id='word_1_42' title='bbox 1287 2284 1809 2368; x_wconf 91' lang='lat' dir='ltr'>Romanorum</span> <span class='ocrx_word' id='word_1_43' title='bbox 1862 2281 2304 2390; x_wconf 86' lang='lat' dir='ltr'>imperator,</span> <span class='ocrx_word' id='word_1_44' title='bbox 2346 2283 2830 2393; x_wconf 84' lang='lat' dir='ltr'>privilegium</span> <span class='ocrx_word' id='word_1_45' title='bbox 2865 2307 2912 2364; x_wconf 92' lang='lat' dir='ltr'>a</span> <span class='ocrx_word' id='word_1_46' title='bbox 2948 2307 3030 2364; x_wconf 90' lang='lat' dir='ltr'>se</span> <span class='ocrx_word' id='word_1_47' title='bbox 3081 2280 3247 2390; x_wconf 93' lang='lat' dir='ltr'>ipso</span> <span class='ocrx_word' id='word_1_48' title='bbox 3297 2290 3501 2362; x_wconf 88' lang='lat' dir='ltr'>tem-</span> <span class='ocrx_word' id='word_1_49' title='bbox 3573 2287 3905 2385; x_wconf 51' lang='lat' dir='ltr'>mugga-0,</span> 
     </span>
     <span class='ocr_line' id='line_1_8' title="bbox 683 2413 3502 2528; baseline -0.001 -30"><span class='ocrx_word' id='word_1_50' title='bbox 683 2443 863 2528; x_wconf 91' lang='lat' dir='ltr'>pore</span> <span class='ocrx_word' id='word_1_51' title='bbox 893 2416 1112 2527; x_wconf 88' lang='lat' dir='ltr'>regni</span> <span class='ocrx_word' id='word_1_52' title='bbox 1150 2417 1269 2500; x_wconf 92' lang='lat' dir='ltr'>sui</span> <span class='ocrx_word' id='word_1_53' title='bbox 1296 2416 1586 2500; x_wconf 81' lang='lat' dir='ltr'>civibus</span> <span class='ocrx_word' id='word_1_54' title='bbox 1607 2413 2185 2499; x_wconf 88' lang='lat' dir='ltr'>Coloniensibus</span> <span class='ocrx_word' id='word_1_55' title='bbox 2210 2415 2597 2498; x_wconf 87' lang='lat' dir='ltr'>indultum</span> <span class='ocrx_word' id='word_1_56' title='bbox 2624 2418 2937 2499; x_wconf 84' lang='lat' dir='ltr'>innovat</span> <span class='ocrx_word' id='word_1_57' title='bbox 2962 2424 3037 2498; x_wconf 87' lang='lat' dir='ltr'>et</span> <span class='ocrx_word' id='word_1_58' title='bbox 3060 2414 3502 2517; x_wconf 88' lang='lat' dir='ltr'>confirmat,</span> 
     </span>
     <span class='ocr_line' id='line_1_9' title="bbox 686 2548 3509 2661; baseline -0.002 -27"><span class='ocrx_word' id='word_1_59' title='bbox 686 2550 1178 2661; x_wconf 79' lang='lat' dir='ltr'>conceditque</span> <span class='ocrx_word' id='word_1_60' title='bbox 1231 2560 1320 2633; x_wconf 88' lang='lat' dir='ltr'>ut</span> <span class='ocrx_word' id='word_1_61' title='bbox 1371 2575 1513 2632; x_wconf 91' lang='lat' dir='ltr'>nec</span> <span class='ocrx_word' id='word_1_62' title='bbox 1550 2548 1840 2632; x_wconf 82' lang='lat' dir='ltr'>scabini</span> <span class='ocrx_word' id='word_1_63' title='bbox 1892 2574 2033 2631; x_wconf 93' lang='lat' dir='ltr'>nec</span> <span class='ocrx_word' id='word_1_64' title='bbox 2084 2550 2283 2633; x_wconf 86' lang='lat' dir='ltr'>cives</span> <span class='ocrx_word' id='word_1_65' title='bbox 2336 2549 2438 2632; x_wconf 92' lang='lat' dir='ltr'>ob</span> <span class='ocrx_word' id='word_1_66' title='bbox 2482 2549 2737 2633; x_wconf 84' lang='lat' dir='ltr'>debita</span> <span class='ocrx_word' id='word_1_67' title='bbox 2790 2575 2924 2631; x_wconf 89' lang='lat' dir='ltr'>seu</span> <span class='ocrx_word' id='word_1_68' title='bbox 2966 2548 3509 2656; x_wconf 82' lang='lat' dir='ltr'>promissiones</span> 
     </span>
     <span class='ocr_line' id='line_1_10' title="bbox 701 2680 3509 2793; baseline -0.002 -29"><span class='ocrx_word' id='word_1_69' title='bbox 701 2682 1250 2793; x_wconf 90' lang='lat' dir='ltr'>cujuscumque</span> <span class='ocrx_word' id='word_1_70' title='bbox 1285 2680 1825 2791; x_wconf 89' lang='lat' dir='ltr'>archiepiscopi</span> <span class='ocrx_word' id='word_1_71' title='bbox 1863 2680 2336 2765; x_wconf 90' lang='lat' dir='ltr'>Coloniensis</span> <span class='ocrx_word' id='word_1_72' title='bbox 2373 2692 2506 2763; x_wconf 87' lang='lat' dir='ltr'>aut</span> <span class='ocrx_word' id='word_1_73' title='bbox 2523 2680 2831 2763; x_wconf 89' lang='lat' dir='ltr'>alterius</span> <span class='ocrx_word' id='word_1_74' title='bbox 2858 2704 3254 2789; x_wconf 84' lang='lat' dir='ltr'>personae,</span> <span class='ocrx_word' id='word_1_75' title='bbox 3276 2680 3509 2760; x_wconf 91' lang='lat' dir='ltr'>dam-</span> 
     </span>
     <span class='ocr_line' id='line_1_11' title="bbox 682 2813 2578 2926; baseline 0.001 -32"><span class='ocrx_word' id='word_1_76' title='bbox 682 2813 1003 2923; x_wconf 89' lang='lat' dir='ltr'>nificari,</span> <span class='ocrx_word' id='word_1_77' title='bbox 1043 2815 1362 2898; x_wconf 86' lang='lat' dir='ltr'>detineri</span> <span class='ocrx_word' id='word_1_78' title='bbox 1399 2822 1533 2897; x_wconf 87' lang='lat' dir='ltr'>aut</span> <span class='ocrx_word' id='word_1_79' title='bbox 1567 2813 1846 2923; x_wconf 88' lang='lat' dir='ltr'>injuste</span> <span class='ocrx_word' id='word_1_80' title='bbox 1888 2816 2191 2926; x_wconf 84' lang='lat' dir='ltr'>gravari</span> <span class='ocrx_word' id='word_1_81' title='bbox 2227 2814 2578 2898; x_wconf 89' lang='lat' dir='ltr'>debeant.</span> 
     </span>
    </p>
   </div>
   <div class='ocr_carea' id='block_1_5' title="bbox 842 3053 3514 3353">
    <p class='ocr_par' dir='ltr' id='par_1_5' title="bbox 842 3053 3514 3353">
     <span class='ocr_line' id='line_1_12' title="bbox 842 3053 3504 3140; baseline -0.001 -23"><span class='ocrx_word' id='word_1_82' title='bbox 842 3057 1068 3137; x_wconf 82' lang='lat' dir='ltr'>(Edidit</span> <span class='ocrx_word' id='word_1_83' title='bbox 1083 3057 1471 3129; x_wconf 56' lang='lat' dir='ltr'>Laconum,</span> <span class='ocrx_word' id='word_1_84' title='bbox 1500 3053 1996 3138; x_wconf 72' lang='lat' dir='ltr'>Urlmndenb.fiir</span> <span class='ocrx_word' id='word_1_85' title='bbox 2015 3056 2107 3118; x_wconf 78' lang='lat' dir='ltr'>die</span> <span class='ocrx_word' id='word_1_86' title='bbox 2123 3056 2302 3140; x_wconf 74' lang='lat' dir='ltr'>qesclt.</span> <span class='ocrx_word' id='word_1_87' title='bbox 2327 3055 2424 3117; x_wconf 73' lang='lat' dir='ltr'>des</span> <span class='ocrx_word' id='word_1_88' title='bbox 2444 3054 2771 3131; x_wconf 68' lang='lat' dir='ltr'>Niedmla„</span> <span class='ocrx_word' id='word_1_89' title='bbox 2792 3074 2906 3117; x_wconf 85' lang='lat' dir='ltr'>zw.</span> <span class='ocrx_word' id='word_1_90' title='bbox 2923 3056 3107 3129; x_wconf 81' lang='lat' dir='ltr'>band,</span> <span class='ocrx_word' id='word_1_91' title='bbox 3131 3073 3194 3134; x_wconf 83' lang='lat' dir='ltr'>p.</span> <span class='ocrx_word' id='word_1_92' title='bbox 3224 3064 3504 3133; x_wconf 81' lang='lat'>107-108,</span> 
     </span>
     <span class='ocr_line' id='line_1_13' title="bbox 928 3159 3514 3242; baseline -0.001 -18"><span class='ocrx_word' id='word_1_93' title='bbox 928 3171 999 3224; x_wconf 66' lang='grc' dir='ltr'>η’</span> <span class='ocrx_word' id='word_1_94' title='bbox 1026 3173 1144 3225; x_wconf 76' lang='lat'>205</span> <span class='ocrx_word' id='word_1_95' title='bbox 1161 3206 1181 3238; x_wconf 86' lang='lat'>,</span> <span class='ocrx_word' id='word_1_96' title='bbox 1210 3181 1288 3225; x_wconf 82' lang='lat' dir='ltr'>ex</span> <span class='ocrx_word' id='word_1_97' title='bbox 1313 3165 1589 3242; x_wconf 74' lang='lat' dir='ltr'>originali</span> <span class='ocrx_word' id='word_1_98' title='bbox 1628 3166 1693 3224; x_wconf 86' lang='lat' dir='ltr'>in</span> <span class='ocrx_word' id='word_1_99' title='bbox 1728 3165 1970 3226; x_wconf 82' lang='lat' dir='ltr'>archivo</span> <span class='ocrx_word' id='word_1_100' title='bbox 1998 3167 2162 3225; x_wconf 83' lang='lat' dir='ltr'>civit.</span> <span class='ocrx_word' id='word_1_101' title='bbox 2193 3165 2569 3226; x_wconf 82' lang='lat' dir='ltr'>Coloniensis.</span> <span class='ocrx_word' id='word_1_102' title='bbox 2599 3164 2781 3225; x_wconf 83' lang='lat' dir='ltr'>Extat</span> <span class='ocrx_word' id='word_1_103' title='bbox 2806 3179 3044 3242; x_wconf 84' lang='lat' dir='ltr'>quoque</span> <span class='ocrx_word' id='word_1_104' title='bbox 3076 3180 3175 3242; x_wconf 87' lang='lat' dir='ltr'>ap.</span> <span class='ocrx_word' id='word_1_105' title='bbox 3206 3159 3514 3224; x_wconf 76' lang='lat' dir='ltr'>Memoria!</span> 
     </span>
     <span class='ocr_line' id='line_1_14' title="bbox 920 3267 2991 3353; baseline -0 -23"><span class='ocrx_word' id='word_1_106' title='bbox 920 3269 990 3330; x_wconf 78' lang='lat' dir='ltr'>in</span> <span class='ocrx_word' id='word_1_107' title='bbox 1019 3268 1248 3331; x_wconf 73' lang='lat' dir='ltr'>Seu-hm</span> <span class='ocrx_word' id='word_1_108' title='bbox 1278 3267 1384 3330; x_wconf 78' lang='lat' dir='ltr'>der</span> <span class='ocrx_word' id='word_1_109' title='bbox 1408 3268 1569 3334; x_wconf 71' lang='lat' dir='ltr'>stadt</span> <span class='ocrx_word' id='word_1_110' title='bbox 1597 3267 1744 3333; x_wconf 67' lang='grc' dir='ltr'>δοίη</span> <span class='ocrx_word' id='word_1_111' title='bbox 1768 3287 1947 3353; x_wconf 77' lang='lat' dir='ltr'>qeqen</span> <span class='ocrx_word' id='word_1_112' title='bbox 1971 3268 2085 3331; x_wconf 75' lang='lat' dir='ltr'>den</span> <span class='ocrx_word' id='word_1_113' title='bbox 2103 3268 2318 3350; x_wconf 59' lang='grc' dir='ltr'>[ξι-ιὰ,</span> <span class='ocrx_word' id='word_1_114' title='bbox 2345 3286 2489 3332; x_wconf 85' lang='lat' dir='ltr'>ann.</span> <span class='ocrx_word' id='word_1_115' title='bbox 2523 3278 2698 3346; x_wconf 82' lang='lat'>1768,</span> <span class='ocrx_word' id='word_1_116' title='bbox 2729 3286 2790 3347; x_wconf 89' lang='lat' dir='ltr'>p.</span> <span class='ocrx_word' id='word_1_117' title='bbox 2827 3268 2991 3347; x_wconf 82' lang='lat'><strong>191.)</strong></span> 
     </span>
    </p>
   </div>
   <div class='ocr_carea' id='block_1_6' title="bbox 680 3475 3507 4815">
    <p class='ocr_par' dir='ltr' id='par_1_6' title="bbox 680 3475 3507 4815">
     <span class='ocr_line' id='line_1_15' title="bbox 790 3475 3507 3554; baseline 0 -2"><span class='ocrx_word' id='word_1_118' title='bbox 790 3480 870 3552; x_wconf 88' lang='lat' dir='ltr'>In</span> <span class='ocrx_word' id='word_1_119' title='bbox 904 3478 1191 3552; x_wconf 90' lang='lat' dir='ltr'>nomine</span> <span class='ocrx_word' id='word_1_120' title='bbox 1237 3486 1474 3551; x_wconf 87' lang='lat' dir='ltr'>sancte</span> <span class='ocrx_word' id='word_1_121' title='bbox 1502 3486 1572 3551; x_wconf 87' lang='lat' dir='ltr'>et</span> <span class='ocrx_word' id='word_1_122' title='bbox 1604 3475 1973 3553; x_wconf 88' lang='lat' dir='ltr'>individue</span> <span class='ocrx_word' id='word_1_123' title='bbox 2015 3479 2384 3552; x_wconf 82' lang='lat' dir='ltr'>Trinitatis.</span> <span class='ocrx_word' id='word_1_124' title='bbox 2435 3478 2834 3553; x_wconf 86' lang='lat' dir='ltr'>Fredericus</span> <span class='ocrx_word' id='word_1_125' title='bbox 2875 3480 3225 3554; x_wconf 86' lang='lat' dir='ltr'>secundus</span> <span class='ocrx_word' id='word_1_126' title='bbox 3268 3480 3507 3553; x_wconf 86' lang='lat' dir='ltr'>divina</span> 
     </span>
     <span class='ocr_line' id='line_1_16' title="bbox 692 3601 3507 3701; baseline 0 -28"><span class='ocrx_word' id='word_1_127' title='bbox 692 3602 976 3674; x_wconf 84' lang='lat' dir='ltr'>favente</span> <span class='ocrx_word' id='word_1_128' title='bbox 1007 3602 1368 3675; x_wconf 88' lang='lat' dir='ltr'>clementia</span> <span class='ocrx_word' id='word_1_129' title='bbox 1409 3601 1870 3675; x_wconf 89' lang='lat' dir='ltr'>Romanorum</span> <span class='ocrx_word' id='word_1_130' title='bbox 1910 3601 2281 3697; x_wconf 87' lang='lat' dir='ltr'>imperator</span> <span class='ocrx_word' id='word_1_131' title='bbox 2325 3624 2597 3698; x_wconf 86' lang='lat' dir='ltr'>semper</span> <span class='ocrx_word' id='word_1_132' title='bbox 2629 3612 2992 3698; x_wconf 76' lang='lat' dir='ltr'>augustuS,</span> <span class='ocrx_word' id='word_1_133' title='bbox 3023 3604 3394 3701; x_wconf 85' lang='lat' dir='ltr'>Jerusalem</span> <span class='ocrx_word' id='word_1_134' title='bbox 3438 3612 3507 3675; x_wconf 88' lang='lat' dir='ltr'>et</span> 
     </span>
     <span class='ocr_line' id='line_1_17' title="bbox 686 3725 3506 3822; baseline -0 -24"><span class='ocrx_word' id='word_1_135' title='bbox 686 3726 915 3799; x_wconf 88' lang='lat' dir='ltr'>Sicilie</span> <span class='ocrx_word' id='word_1_136' title='bbox 944 3748 1077 3800; x_wconf 84' lang='lat' dir='ltr'>rex</span> <span class='ocrx_word' id='word_1_137' title='bbox 1112 3725 1629 3798; x_wconf 86' lang='lat' dir='ltr'>invictissimus.</span> <span class='ocrx_word' id='word_1_138' title='bbox 1665 3726 2045 3821; x_wconf 87' lang='lat' dir='ltr'>Imperialis</span> <span class='ocrx_word' id='word_1_139' title='bbox 2074 3727 2480 3799; x_wconf 81' lang='lat' dir='ltr'>excellentia</span> <span class='ocrx_word' id='word_1_140' title='bbox 2503 3727 2612 3799; x_wconf 89' lang='lat' dir='ltr'>sui</span> <span class='ocrx_word' id='word_1_141' title='bbox 2644 3727 2942 3801; x_wconf 89' lang='lat' dir='ltr'>nominis</span> <span class='ocrx_word' id='word_1_142' title='bbox 2968 3727 3201 3801; x_wconf 90' lang='lat' dir='ltr'>titulos</span> <span class='ocrx_word' id='word_1_143' title='bbox 3221 3727 3506 3822; x_wconf 88' lang='lat' dir='ltr'>ampliat</span> 
     </span>
     <span class='ocr_line' id='line_1_18' title="bbox 689 3850 3501 3947; baseline -0.001 -21"><span class='ocrx_word' id='word_1_144' title='bbox 689 3860 759 3926; x_wconf 87' lang='lat' dir='ltr'>et</span> <span class='ocrx_word' id='word_1_145' title='bbox 790 3851 1048 3925; x_wconf 86' lang='lat' dir='ltr'>extollit</span> <span class='ocrx_word' id='word_1_146' title='bbox 1082 3872 1243 3923; x_wconf 91' lang='lat' dir='ltr'>cum</span> <span class='ocrx_word' id='word_1_147' title='bbox 1280 3852 1516 3925; x_wconf 81' lang='lat' dir='ltr'>innato</span> <span class='ocrx_word' id='word_1_148' title='bbox 1553 3850 1998 3944; x_wconf 83' lang='lat' dir='ltr'>benignitatis</span> <span class='ocrx_word' id='word_1_149' title='bbox 2055 3852 2277 3946; x_wconf 82' lang='lat' dir='ltr'>gratia</span> <span class='ocrx_word' id='word_1_150' title='bbox 2330 3850 2638 3924; x_wconf 85' lang='lat' dir='ltr'>fidelium</span> <span class='ocrx_word' id='word_1_151' title='bbox 2697 3852 2942 3925; x_wconf 88' lang='lat' dir='ltr'>merita</span> <span class='ocrx_word' id='word_1_152' title='bbox 2993 3872 3169 3945; x_wconf 88' lang='lat' dir='ltr'>quos</span> <span class='ocrx_word' id='word_1_153' title='bbox 3220 3852 3501 3947; x_wconf 92' lang='lat' dir='ltr'>speciali</span> 
     </span>
     <span class='ocr_line' id='line_1_19' title="bbox 693 3976 3503 4074; baseline 0 -25"><span class='ocrx_word' id='word_1_154' title='bbox 693 3979 937 4052; x_wconf 81' lang='lat' dir='ltr'>favore</span> <span class='ocrx_word' id='word_1_155' title='bbox 986 3977 1436 4070; x_wconf 78' lang='lat' dir='ltr'>benignitatis</span> <span class='ocrx_word' id='word_1_156' title='bbox 1462 3977 1933 4072; x_wconf 84' lang='lat' dir='ltr'>amplectitur,</span> <span class='ocrx_word' id='word_1_157' title='bbox 1971 3986 2248 4074; x_wconf 87' lang='lat' dir='ltr'>propter</span> <span class='ocrx_word' id='word_1_158' title='bbox 2279 3976 2508 4051; x_wconf 84' lang='lat' dir='ltr'>fidelia</span> <span class='ocrx_word' id='word_1_159' title='bbox 2547 3986 2617 4051; x_wconf 87' lang='lat' dir='ltr'>et</span> <span class='ocrx_word' id='word_1_160' title='bbox 2644 3987 2926 4073; x_wconf 89' lang='lat' dir='ltr'>accepta</span> <span class='ocrx_word' id='word_1_161' title='bbox 2961 3978 3295 4072; x_wconf 90' lang='lat' dir='ltr'>obsequia</span> <span class='ocrx_word' id='word_1_162' title='bbox 3328 3997 3503 4072; x_wconf 94' lang='lat' dir='ltr'>pro-</span> 
     </span>
     <span class='ocr_line' id='line_1_20' title="bbox 686 4100 3502 4197; baseline -0.001 -23"><span class='ocrx_word' id='word_1_163' title='bbox 686 4100 890 4197; x_wconf 80' lang='lat' dir='ltr'>spicit</span> <span class='ocrx_word' id='word_1_164' title='bbox 920 4111 1241 4175; x_wconf 90' lang='lat' dir='ltr'>eteorum</span> <span class='ocrx_word' id='word_1_165' title='bbox 1257 4103 1484 4194; x_wconf 90' lang='lat' dir='ltr'>justas</span> <span class='ocrx_word' id='word_1_166' title='bbox 1506 4101 1980 4176; x_wconf 86' lang='lat' dir='ltr'>favorabiliter</span> <span class='ocrx_word' id='word_1_167' title='bbox 2005 4102 2370 4196; x_wconf 89' lang='lat' dir='ltr'>petitiones</span> <span class='ocrx_word' id='word_1_168' title='bbox 2401 4100 2723 4174; x_wconf 89' lang='lat' dir='ltr'>admittit.</span> <span class='ocrx_word' id='word_1_169' title='bbox 2758 4101 3134 4196; x_wconf 88' lang='lat' dir='ltr'>Eapropter</span> <span class='ocrx_word' id='word_1_170' title='bbox 3158 4101 3502 4174; x_wconf 86' lang='lat' dir='ltr'>universis</span> 
     </span>
     <span class='ocr_line' id='line_1_21' title="bbox 680 4222 3498 4319; baseline 0.001 -25"><span class='ocrx_word' id='word_1_171' title='bbox 680 4222 1004 4296; x_wconf 84' lang='lat' dir='ltr'>fidelibus</span> <span class='ocrx_word' id='word_1_172' title='bbox 1030 4223 1301 4319; x_wconf 90' lang='lat' dir='ltr'>imperii</span> <span class='ocrx_word' id='word_1_173' title='bbox 1333 4233 1474 4297; x_wconf 89' lang='lat' dir='ltr'>tam</span> <span class='ocrx_word' id='word_1_174' title='bbox 1510 4224 1944 4318; x_wconf 84' lang='lat' dir='ltr'>presentibus</span> <span class='ocrx_word' id='word_1_175' title='bbox 1979 4246 2189 4319; x_wconf 91' lang='lat' dir='ltr'>quam</span> <span class='ocrx_word' id='word_1_176' title='bbox 2221 4224 2472 4296; x_wconf 84' lang='lat' dir='ltr'>futuris</span> <span class='ocrx_word' id='word_1_177' title='bbox 2506 4224 2827 4298; x_wconf 86' lang='lat' dir='ltr'>volumus</span> <span class='ocrx_word' id='word_1_178' title='bbox 2858 4245 3008 4297; x_wconf 88' lang='lat' dir='ltr'>esse</span> <span class='ocrx_word' id='word_1_179' title='bbox 3033 4233 3273 4298; x_wconf 88' lang='lat' dir='ltr'>notum</span> <span class='ocrx_word' id='word_1_180' title='bbox 3304 4222 3498 4319; x_wconf 91' lang='lat' dir='ltr'>quod</span> 
     </span>
     <span class='ocr_line' id='line_1_22' title="bbox 696 4347 3500 4444; baseline 0 -25"><span class='ocrx_word' id='word_1_181' title='bbox 696 4348 882 4421; x_wconf 86' lang='lat' dir='ltr'>cives</span> <span class='ocrx_word' id='word_1_182' title='bbox 917 4348 1382 4437; x_wconf 81' lang='lat' dir='ltr'>colonienses,</span> <span class='ocrx_word' id='word_1_183' title='bbox 1420 4347 1653 4422; x_wconf 89' lang='lat' dir='ltr'>dilecti</span> <span class='ocrx_word' id='word_1_184' title='bbox 1686 4348 1926 4423; x_wconf 81' lang='lat' dir='ltr'>fideles</span> <span class='ocrx_word' id='word_1_185' title='bbox 1964 4350 2203 4442; x_wconf 89' lang='lat' dir='ltr'>nostri,</span> <span class='ocrx_word' id='word_1_186' title='bbox 2240 4348 2627 4423; x_wconf 87' lang='lat' dir='ltr'>celsitudini</span> <span class='ocrx_word' id='word_1_187' title='bbox 2665 4357 2894 4423; x_wconf 84' lang='lat' dir='ltr'>nostre</span> <span class='ocrx_word' id='word_1_188' title='bbox 2910 4348 3263 4443; x_wconf 90' lang='lat' dir='ltr'>quoddam</span> <span class='ocrx_word' id='word_1_189' title='bbox 3281 4348 3500 4444; x_wconf 88' lang='lat' dir='ltr'>privi-</span> 
     </span>
     <span class='ocr_line' id='line_1_23' title="bbox 684 4471 3491 4568; baseline 0.001 -26"><span class='ocrx_word' id='word_1_190' title='bbox 684 4472 940 4565; x_wconf 79' lang='lat' dir='ltr'>legium</span> <span class='ocrx_word' id='word_1_191' title='bbox 981 4471 1083 4546; x_wconf 90' lang='lat' dir='ltr'>eis</span> <span class='ocrx_word' id='word_1_192' title='bbox 1118 4480 1436 4568; x_wconf 86' lang='lat' dir='ltr'>tempore</span> <span class='ocrx_word' id='word_1_193' title='bbox 1469 4473 1662 4566; x_wconf 82' lang='lat' dir='ltr'>regni</span> <span class='ocrx_word' id='word_1_194' title='bbox 1694 4474 1908 4547; x_wconf 85' lang='lat' dir='ltr'>nostri</span> <span class='ocrx_word' id='word_1_195' title='bbox 1936 4473 2286 4546; x_wconf 90' lang='lat' dir='ltr'>indultum</span> <span class='ocrx_word' id='word_1_196' title='bbox 2327 4484 2557 4547; x_wconf 87' lang='lat' dir='ltr'>nostre</span> <span class='ocrx_word' id='word_1_197' title='bbox 2598 4474 3006 4547; x_wconf 80' lang='lat' dir='ltr'>excellentie</span> <span class='ocrx_word' id='word_1_198' title='bbox 3051 4474 3491 4561; x_wconf 87' lang='lat' dir='ltr'>obtulerunt;</span> 
     </span>
     <span class='ocr_line' id='line_1_24' title="bbox 684 4596 3497 4693; baseline 0.001 -26"><span class='ocrx_word' id='word_1_199' title='bbox 684 4596 1028 4669; x_wconf 86' lang='lat' dir='ltr'>humiliter</span> <span class='ocrx_word' id='word_1_200' title='bbox 1056 4597 1522 4692; x_wconf 84' lang='lat' dir='ltr'>supplicantes</span> <span class='ocrx_word' id='word_1_201' title='bbox 1559 4606 1638 4668; x_wconf 87' lang='lat' dir='ltr'>ut</span> <span class='ocrx_word' id='word_1_202' title='bbox 1666 4598 1894 4693; x_wconf 88' lang='lat' dir='ltr'>ipsum</span> <span class='ocrx_word' id='word_1_203' title='bbox 1927 4597 2371 4693; x_wconf 80' lang='lat' dir='ltr'>privilegium</span> <span class='ocrx_word' id='word_1_204' title='bbox 2394 4598 2853 4672; x_wconf 86' lang='lat' dir='ltr'>eisinnovare</span> <span class='ocrx_word' id='word_1_205' title='bbox 2880 4606 2948 4670; x_wconf 89' lang='lat' dir='ltr'>et</span> <span class='ocrx_word' id='word_1_206' title='bbox 2976 4597 3382 4673; x_wconf 88' lang='lat' dir='ltr'>confirmare</span> <span class='ocrx_word' id='word_1_207' title='bbox 3406 4598 3497 4672; x_wconf 88' lang='lat' dir='ltr'>de</span> 
     </span>
     <span class='ocr_line' id='line_1_25' title="bbox 685 4721 2563 4815; baseline 0.002 -25"><span class='ocrx_word' id='word_1_208' title='bbox 685 4728 912 4794; x_wconf 83' lang='lat' dir='ltr'>nostra</span> <span class='ocrx_word' id='word_1_209' title='bbox 938 4721 1163 4812; x_wconf 81' lang='lat' dir='ltr'>gratia</span> <span class='ocrx_word' id='word_1_210' title='bbox 1199 4721 1683 4815; x_wconf 79' lang='lat' dir='ltr'>dignaremur3</span> <span class='ocrx_word' id='word_1_211' title='bbox 1722 4722 1919 4814; x_wconf 84' lang='lat' dir='ltr'>cujus</span> <span class='ocrx_word' id='word_1_212' title='bbox 1956 4729 2150 4794; x_wconf 87' lang='lat' dir='ltr'>tenor</span> <span class='ocrx_word' id='word_1_213' title='bbox 2174 4722 2330 4795; x_wconf 87' lang='lat' dir='ltr'>talis</span> <span class='ocrx_word' id='word_1_214' title='bbox 2361 4732 2506 4796; x_wconf 89' lang='lat' dir='ltr'>erat</span> <span class='ocrx_word' id='word_1_215' title='bbox 2545 4751 2563 4793; x_wconf 88' lang='lat'>:</span> 
     </span>
    </p>
   </div>
  </div>
 </body>
</html>
