4500 5956
539 615 750 674 lucrer.
780 612 870 689 6.]
1452 610 1845 672 HISTORIA
1895 612 2479 674 DIPLOMATICA.
3266 615 3387 678 609

543 749 959 821 horreorum
985 766 1126 839 que
1155 744 1287 839 ipsi
1327 745 1567 816 fratres
1598 747 1894 817 fatentur
1919 746 2045 818 vix
2077 747 2168 818 ad
2201 756 2467 841 septem
2498 745 2755 842 pedum
2782 748 2910 819 sita
2948 747 3376 841 distantiam,

554 871 848 965 gratiam
884 876 1189 941 nostram
1219 889 1430 961 quam
1459 870 1681 941 facere
1711 878 1780 941 et
1813 869 1965 942 aliis
2004 872 2489 943 consuevimus
2528 871 2975 942 sacrosanctis
3023 871 3387 946 ordinibus

562 1005 627 1067 et
661 994 836 1088 ipsis
865 991 1270 1064 subtrahere
1301 1012 1438 1063 non
1477 1013 1843 1088 possumus
1868 1014 1999 1066 nec
2029 994 2392 1066 debemus.
2429 995 2682 1065 Notum
2714 994 2925 1086 igitur
2953 995 3042 1065 sit
3062 997 3387 1069 omnibus

564 1130 697 1191 tam
729 1115 1169 1212 presentibus
1197 1136 1407 1208 quam
1441 1116 1734 1209 posteris
1759 1115 1950 1210 quod
1978 1118 2458 1211 proprietatem
2490 1116 2890 1189 horreorum
2919 1119 3385 1213 predictorum

563 1250 623 1314 et
659 1240 860 1312 fundi
892 1247 961 1312 et
995 1258 1154 1312 aree
1179 1238 1466 1311 ecclesie
1493 1238 1868 1312 Salvatoris
1919 1240 2134 1312 nostri
2168 1241 2241 1310 in
2271 1240 2668 1334 Ratispona,
2707 1240 2780 1310 in
2819 1261 2961 1334 qua
3002 1241 3380 1336 supradicti

567 1365 801 1436 fratres
827 1361 1123 1434 Domino
1152 1360 1609 1448 famulantur,
1659 1369 1991 1457 perpetuo
2032 1361 2450 1433 contulimus
2488 1360 2984 1435 adherendam.
3032 1363 3120 1435 Ut
3153 1374 3383 1438 autem

569 1487 690 1560 hec
727 1495 960 1560 nostra
994 1484 1276 1558 donatio
1312 1486 1385 1557 in
1424 1486 1688 1558 irritum
1723 1507 1864 1558 non
1894 1495 2297 1574 revocetur,
2352 1486 2615 1558 stabilis
2648 1507 2818 1558 vero
2866 1508 2949 1558 ac
2984 1485 3180 1559 firma
3228 1509 3386 1582 per-

570 1610 877 1699 maneat,
947 1610 1274 1681 volumus
1336 1629 1491 1682 eam
1571 1609 1868 1704 presenti
1956 1609 2215 1704 pagina
2276 1617 2346 1681 et
2425 1609 2634 1702 sigilli
2709 1610 2923 1681 nostri
3005 1611 3386 1686 munimine

567 1733 891 1806 roborari.

655 1858 907 1929 Datum
960 1854 1250 1943 Werde,
1306 1876 1491 1928 anno
1528 1854 2018 1929 incarnationis
2063 1854 2409 1928 dominice
2448 1855 2546 1927 M⁰
2591 1855 2717 1927 CC⁰
2763 1857 3101 1949 xxxmo,
3163 1857 3386 1931 indic-

571 1978 743 2053 tione
777 1976 957 2077 [V1].

1031 2253 1527 2265 m

678 2496 1080 2606 HenriGUS‚
1116 2498 1635 2582 Romanorum
1672 2525 1846 2607 rex,
1880 2498 2242 2610 Gregorio
2278 2524 2519 2607 papae
2553 2499 2854 2581 nuntiat
2889 2526 3008 2606 se,
3041 2502 3140 2583 ad
3166 2527 3398 2585 man-

592 2628 836 2711 datum
902 2630 1379 2738 imperatoris
1443 2632 1680 2739 patris
1732 2632 1848 2714 sui
1867 2694 1891 2739 ,
1932 2641 2286 2741 paratum
2346 2657 2512 2713 esse
2559 2631 2640 2712 in
2694 2633 3151 2716 conferendo
3206 2635 3402 2717 sub-

599 2759 769 2843 sidio
803 2761 1183 2845 Ecclesiae
1218 2772 1293 2845 et
1329 2764 1505 2845 forti
1550 2763 1822 2845 militia
1866 2764 1945 2845 in
1984 2763 2282 2846 Italiam
2317 2763 2713 2847 mittenda.

734 2972 1078 3054 (Memorat.
1110 2991 1208 3053 ap.
1232 2973 1454 3035 Summ.
1476 2972 1683 3054 privil.
1714 2972 1869 3037 Eccl.
1901 2976 2147 3038 Roman.
2178 2993 2256 3037 ex
2282 2975 2418 3038 cod.
2444 2974 2608 3037 card.
2638 2973 2920 3036 ottoboni
2938 2993 3030 3055 ap.
3066 2976 3396 3050 Munus,

807 3079 1086 3160 ampliss.
1110 3080 1351 3156 collect„
1372 3090 1420 3145 t.
1442 3083 1525 3157 11,
1550 3085 1658 3145 col.
1690 3093 1864 3145 1249.
1892 3085 2157 3146 Extract.
2174 3085 2490 3162 quoqueln
2507 3079 2782 3162 Cataloqo
2795 3081 2979 3142 chart.
3009 3081 3199 3145 eccles.
3228 3085 3395 3146 Rom.

809 3206 907 3267 ap.
932 3190 1293 3264 Mun-rom,
1323 3188 1531 3270 Antiq.
1560 3187 1702 3250 Ital.
1723 3188 1874 3250 med.
1902 3191 2065 3263 aevi,
2095 3197 2142 3251 t.
2173 3193 2287 3268 VI,
2317 3207 2380 3268 p.
2414 3199 2532 3264 86;
2562 3188 2668 3250 ubi
2692 3195 2889 3249 tamen
2916 3193 3166 3266 pessime
3191 3207 3400 3253 sensus

809 3296 1144 3357 litterarum
1168 3297 1558 3371 subvertitur,
1585 3297 1722 3359 licet
1746 3304 1923 3358 notae
1949 3297 2394 3376 chronologicae
2418 3299 2562 3357 aunt
2587 3302 2647 3357 et
2661 3299 2885 3357 mensis
2905 3296 3289 3377 indicentur.)

681 3454 924 3528 Littera
952 3455 1256 3548 Henrici,
1295 3455 1762 3529 Romanorum
1804 3457 2012 3550 regis,
2046 3454 2329 3528 domino
2360 3454 2687 3548 Gregorio
2722 3477 2899 3552 pape
2932 3454 3225 3544 directa,
3261 3477 3403 3550 qua

605 3573 806 3650 eidem
842 3577 1188 3672 significat
1222 3579 1439 3675 quod,
1477 3581 1639 3653 licet
1665 3580 1755 3652 ab
1786 3579 2096 3653 Ecclesia
2122 3579 2384 3674 pluries
2423 3601 2552 3652 suo
2580 3580 2840 3652 nomini
2873 3580 2959 3652 sit
2991 3580 3393 3668 detractum,

603 3701 733 3771 vult
781 3710 1011 3775 tamen
1062 3702 1154 3776 ad
1206 3703 1654 3777 monitionem
1702 3713 1773 3778 et
1825 3704 2231 3777 mandatum
2276 3703 2702 3798 imperatoris
2750 3704 2961 3797 patris
3011 3705 3119 3776 sui
3165 3704 3400 3775 inten-

605 3818 782 3916 dere,
825 3836 902 3897 ut
938 3825 1009 3896 in
1049 3827 1466 3902 conserendo
1509 3827 1824 3901 subsidio
1851 3829 2156 3901 Ecclesie
2189 3830 2494 3900 Romane
2535 3835 2604 3900 et
2645 3827 2980 3899 mittendo
3027 3828 3100 3897 in
3136 3827 3398 3897 Italiam

604 3940 820 4019 fortem
860 3949 1173 4021 militiam
1221 3951 1314 4023 ad
1350 3952 1680 4025 honorem
1728 3952 1991 4046 imperii
2038 3959 2107 4024 et
2154 3949 2594 4023 commodum
2635 3949 2942 4021 Ecclesie
2971 3948 3113 4044 (l),
3166 3949 3401 4021 deser·

605 4065 727 4140 viat
768 4071 1200 4164 beneplacito
1246 4071 1413 4145 dicti
1461 4072 1700 4168 patris.
1759 4073 1848 4145 Et
1888 4084 2081 4168 rogat
2126 4070 2320 4166 quod
2371 4071 2695 4145 dominus
2740 4092 2923 4166 papa
2969 4070 3233 4144 dictum
3275 4094 3403 4167 pa-

609 4192 754 4262 trem
791 4216 1001 4265 suum
1042 4204 1112 4267 et
1145 4216 1305 4267 eum
1349 4206 1637 4291 paterno
1688 4218 1922 4271 amore
1965 4199 2332 4271 confovere
2381 4195 2727 4286 dignetur.
2772 4192 3055 4292 [Incipit
3083 4196 3185 4268 sic
3220 4197 3400 4268 :Re-

612 4317 861 4387 verendo
906 4318 978 4387 in
1018 4318 1280 4392 Christo
1318 4322 1509 4413 patri
1557 4332 1621 4394 et
1656 4322 1938 4413 domm,
1983 4324 2100 4396 t‘ol.
2134 4323 2350 4411 XXV,
2388 4344 2552 4416 pag.
2594 4316 2701 4416 1.]

681 4613 740 4687 (l)
772 4617 850 4675 Ct.
868 4634 1034 4695 supra
1050 4620 1119 4680 de
1136 4621 1390 4681 subsidiis
1412 4624 1484 4681 ab
1500 4625 1819 4699 imperatore
1833 4632 2020 4683 contra
2037 4625 2266 4683 rebelles
2282 4625 2550 4684 Ecclesiae
2567 4641 2779 4684 summo
2796 4624 3028 4700 pontiflci
3045 4625 3399 4702 conferendis,

626 4720 673 4777 1>-
697 4714 803 4785 376,
825 4718 947 4787 394,
968 4723 1079 4775 not.
1106 4721 1160 4791 4,
1190 4722 1314 4792 402,
1336 4724 1462 4793 409,
1493 4725 1615 4794 422,
1642 4725 1767 4795 423,
1794 4724 1916 4781 457.

788 4814 890 4877 lV.
928 4830 1038 4875 Pu·
1062 4834 1108 4877 2.
3013 4830 3084 4881 ’Π

3572 2520 3700 2576 Apud

3475 2574 3771 2683 Βῖἒὶξῗὲιῗ
3789 2599 3807 2625 ’
