4500 5956
693 553 886 613 Ιιιυισῐ.
919 552 1008 627 8.]
1585 545 1981 607 HISTORIA
2034 544 2619 607 DIPLOMA'HCA.
3399 547 3515 606 743

790 686 864 756 6.
919 686 1021 756 De
1048 683 1314 754 colomis
1345 691 1408 753 et
1431 682 1727 753 monetis.
1768 680 1938 753 Cum
1983 679 2203 752 aliena
2249 680 2469 753 invito
2514 679 2797 754 domino
2837 702 2974 752 non
3010 680 3161 753 sine
3185 681 3363 772 juris
3398 681 3515 751 in-

685 809 867 901 juria
896 813 1435 893 commutentur,
1468 826 1554 877 eo
1588 804 1834 878 durius
1853 804 2012 898 quis
2035 804 2194 875 furti
2217 814 2285 875 et
2314 805 2622 877 falsitatis
2653 806 2966 898 arguitur
2986 826 3126 900 quo
3152 825 3514 900 presump-

692 933 959 1005 tuosius
1002 928 1271 1025 aliquid
1322 928 1458 1001 sibi
1498 926 1592 1000 de
1641 927 1741 1001 rei
1793 927 2071 1022 publice
2105 928 2557 1022 proventibus
2605 929 2992 1024 usurpavit.
3040 928 3340 1022 Ideoque
3374 936 3513 1000 sta-

693 1057 949 1127 tuimus
992 1062 1072 1126 ut
1118 1052 1353 1127 omnia
1399 1052 1671 1124 telonea
1712 1061 1850 1123 tam
1908 1050 1979 1122 in
2015 1050 2213 1123 terris
2248 1073 2460 1146 quam
2504 1053 2577 1122 in
2618 1052 2818 1145 aquis
2846 1061 2997 1147 post
3032 1061 3317 1124 mortem
3352 1051 3516 1123 dive

695 1179 1020 1252 memorie
1063 1178 1277 1272 patris
1319 1175 1535 1248 nostri
1594 1174 2025 1269 imperatoris
2075 1175 2379 1246 Heinrici
2428 1196 2470 1246 a
2503 1196 2946 1269 quocumque
2989 1185 3057 1247 et
3095 1175 3513 1268 ubicumque

696 1304 1002 1374 instituta
1023 1301 1316 1391 fuerint,
1340 1307 1825 1370 removeantur
1858 1298 2166 1386 omnino,
2192 1298 2328 1368 nisi
2361 1296 2420 1368 is
2450 1299 2572 1391 qui
2609 1298 2817 1370 habet
2846 1319 3074 1370 coram
3105 1299 3515 1393 imperatore

698 1425 939 1521 probet
958 1432 1038 1495 ut
1061 1424 1326 1516 justum
1352 1430 1457 1494 est
1485 1441 1562 1494 se
1591 1420 1941 1492 teloneum
1965 1419 2057 1492 de
2077 1422 2235 1513 jure
2265 1430 2528 1492 tenere.
2565 1421 2735 1492 Item
2766 1421 3180 1515 precipimus
3202 1422 3513 1492 omnium

698 1550 1113 1622 teloneorum
1147 1543 1812 1640 super-adjectionem
1843 1544 2181 1616 removeri
2217 1553 2291 1616 et
2322 1545 2607 1616 omnino
2640 1566 2908 1616 cessare
2927 1554 2996 1616 et
3029 1545 3098 1614 in
3128 1552 3304 1616 statu
3337 1546 3512 1639 pris·

698 1675 835 1744 tine
864 1670 1313 1744 institutionis
1351 1668 1586 1742 debite
1617 1688 2044 1764 permanere.
2087 1668 2335 1761 Siquis
2370 1679 2603 1741 autem
2635 1668 2848 1760 hujus
2879 1683 3106 1740 nostre
3142 1669 3517 1740 sanctionis

696 1799 984 1870 violator
1031 1795 1371 1869 exstiterit
1427 1801 1548 1864 aut
1606 1791 1871 1887 aliquid
1924 1794 2103 1865 ultra
2160 1790 2473 1864 debitum
2521 1802 2589 1863 et
2635 1801 2967 1863 statutum
3019 1792 3379 1863 extorserit
3400 1793 3514 1864 vel

700 1920 1132 2016 usurpaverit
1160 1918 1236 1989 in
1276 1919 1426 1989 loco
1455 1914 1811 2006 indebito,
1853 1937 2082 1988 coram
2107 1922 2238 1988 suo
2267 1915 2509 2008 judice
2542 1915 2631 1987 de
2662 1915 2772 1986 his
2821 1916 3125 2006 legitime
3160 1915 3517 1987 convictus

698 2057 1023 2138 tanquam
1045 2041 1263 2138 predo
1284 2052 1353 2113 et
1384 2040 1743 2135 populator
1772 2049 1980 2112 strate
2008 2040 2282 2135 publice
2310 2040 2660 2135 puniatur.
2695 2040 3101 2134 Receptores
3129 2061 3296 2111 vero
3333 2040 3517 2111 telo-

699 2188 982 2241 neorum
1012 2175 1153 2238 tam
1188 2166 1260 2236 in
1284 2165 1480 2237 terris
1506 2185 1716 2258 quam
1751 2164 1820 2233 in
1846 2164 2062 2259 aquis
2095 2163 2332 2236 debito
2360 2164 2566 2236 modo
2598 2164 2814 2236 teneri
2852 2163 3168 2235 volumus
3201 2164 3293 2238 ad
3315 2184 3514 2258 repa·

699 2292 1027 2364 rationem
1067 2289 1379 2385 pontium
1416 2298 1485 2361 et
1517 2295 1920 2377 stratarum,
1965 2289 2478 2360 transeuntibus
2523 2296 2594 2360 et
2639 2287 3132 2379 navigantibus
3185 2310 3228 2360 a
3258 2289 3514 2381 quibus

700 2416 959 2488 telonea
998 2413 1387 2508 accipiunt,
1432 2432 1721 2507 pacem,
1762 2412 2199 2484 securitatem
2261 2420 2331 2482 et
2381 2412 2841 2500 conductum,
2897 2412 2991 2483 ita
3045 2412 3236 2504 quod
3305 2413 3516 2484 nichil

699 2538 1010 2609 amittant
1058 2545 1402 2631 quatenus
1444 2534 1654 2607 durat
1698 2534 2045 2606 districtus
2082 2555 2323 2606 eorum
2346 2587 2366 2624 ‚
2402 2543 2606 2628 prout
2629 2535 2875 2606 melius
2902 2542 3193 2629 possunt
3226 2533 3519 2607 fideliter

700 2659 1154 2755 procurando.
1184 2659 1622 2753 Quicumque
1652 2679 1819 2731 vero
1839 2658 2053 2731 tercio
2089 2659 2397 2753 legitime
2423 2658 2780 2729 convictus
2811 2657 3017 2729 fuerit
3047 2680 3275 2730 coram
3314 2658 3515 2730 nobis

699 2794 1027 2857 statutum
1082 2783 1220 2855 hoo
1273 2804 1411 2855 non
1475 2803 1827 2873 servasse,
1869 2783 2212 2853 teloneum
2250 2781 2530 2854 domino
2562 2790 2760 2852 vacet
2812 2801 2852 2851 a
2908 2802 3049 2873 quo
3084 2779 3259 2852 illud
3303 2791 3511 2853 tenet.

698 2909 1009 2981 Districte
1040 2909 1324 3003 insuper
1358 2906 1754 2978 inhibemus
1785 2927 1876 2978 ne
1908 2906 2169 2978 domini
2204 2907 2314 2978 vel
2350 2906 2664 2977 civitates
2701 2915 3013 3000 pretextu
3048 2904 3516 2978 faciendarum

699 3034 1155 3105 munitionum
1184 3033 1298 3104 vel
1321 3031 1455 3104 alia
1474 3051 1920 3126 quacumque
1943 3030 2032 3103 de
2057 3052 2268 3103 causa
2293 3033 2559 3103 telonea
2584 3032 2697 3102 vel
2729 3031 3125 3104 exactiones
3158 3031 3520 3103 instituant

700 3178 832 3250 que
864 3157 1082 3250 vulgo
1107 3154 1436 3227 dicuntur
1462 3155 1703 3249 ungelt
1737 3154 1808 3224 in
1841 3153 2157 3227 homines
2175 3161 2373 3226 extra
2404 3155 2661 3249 positos
2690 3156 2802 3226 vel
2827 3166 3189 3226 extraneos
3212 3156 3321 3226 vel
3338 3154 3520 3226 bona

700 3301 973 3372 eorum,
1011 3279 1137 3353 sed
1168 3279 1493 3353 dominus
1527 3279 1619 3352 de
1652 3280 1930 3352 suo'vel
1976 3273 2335 3351 hominum
2373 3300 2653 3350 suorum
2689 3278 2891 3351 bonis
2921 3278 3231 3371 edificet;
3287 3279 3518 3352 viola-

702 3405 958 3477 toribus
993 3404 1204 3496 hujus
1232 3403 1440 3476 edicti
1474 3404 1689 3476 nostri
1735 3412 2061 3497 tanquam
2097 3402 2518 3498 predonibus
2555 3413 2762 3475 strate
2802 3403 3076 3498 publice
3120 3404 3511 3499 puniendis.

698 3529 764 3600 Si
787 3528 1050 3602 bellum
1087 3528 1196 3601 vel
1230 3549 1434 3600 verra
1470 3527 1676 3599 fuerit
1708 3526 1886 3599 inter
1921 3527 2190 3620 aliquos
2223 3548 2523 3622 quorum
2544 3527 2715 3600 alter
2733 3528 2847 3599 vel
2873 3537 3162 3622 uterque
3197 3529 3268 3598 in
3307 3535 3518 3600 strata

699 3653 1039 3725 teloneum
1098 3651 1349 3725 habeat
1408 3652 1526 3724 vel
1587 3650 2044 3743 conductum,
2088 3659 2333 3723 neuter
2389 3652 2661 3723 illorum
2708 3673 2837 3723 nec
2876 3651 3168 3746 quilibet
3217 3653 3394 3723 alius
3447 3652 3519 3722 in

699 3777 941 3848 odium
972 3776 1082 3848 vel
1108 3777 1382 3872 culpam
1407 3775 1592 3847 illius
1628 3774 1722 3847 ad
1748 3796 1955 3869 quem
1982 3776 2098 3865 ,ius
2132 3776 2381 3848 telonei
2411 3774 2709 3870 pertinet
2734 3774 2847 3847 vel
2874 3774 3284 3860 conductus,
3306 3777 3520 3868 quic-

699 3923 905 3994 quam
940 3900 1457 3973 transeuntibus
1485 3900 1734 3994 rapiat,
1753 3907 1831 3970 ut
1856 3908 2281 3972 transeuntes
2315 3919 2438 3993 per
2472 3907 2749 3970 stratam
2783 3899 3146 3970 securitate
3174 3897 3523 3990 gaudeant

700 4033 765 4095 et
788 4025 1050 4119 quiete.
1091 4024 1228 4109 Qui
1264 4033 1503 4098 contra
1532 4023 1665 4097 hoc
1698 4024 1933 4097 fecerit
1966 4033 2294 4119 tanquam
2323 4023 2536 4119 predo
2577 4022 2896 4117 publicus
2925 4020 3277 4116 puniatur.
3292 4020 3519 4093 Preci-

701 4148 927 4241 pimus
961 4157 1196 4220 autem
1231 4168 1472 4221 omnes
1500 4156 1747 4220 stratas
1771 4148 2086 4245 publicas
2123 4148 2477 4221 observari
2527 4154 2597 4218 et
2632 4153 2901 4217 coactas
2951 4151 3194 4217 stratas
3239 4144 3520 4216 omnino

702 4291 992 4344 cessare.

792 4390 866 4465 7.
921 4396 1022 4464 De
1052 4395 1353 4466 monetis.
1415 4394 1793 4468 Statuimus
1843 4393 2125 4466 firmiter
2172 4416 2412 4466 omnes
2460 4400 2770 4465 monetas
2811 4400 2967 4487 post
3015 4398 3308 4464 mortem
3361 4389 3526 4464 dive

701 4518 1029 4589 memorie
1056 4518 1358 4589 Heinrici
1398 4519 1830 4614 imperatoris
1859 4518 2074 4612 patris
2114 4518 2327 4590 nostri
2350 4517 2632 4589 omnino
2665 4538 2967 4605 cessare,
3008 4517 3432 4611 ubicumque
3459 4527 3528 4588 et

702 4661 739 4711 a
771 4663 1219 4738 quocumque
1254 4643 1511 4715 fuerint
1538 4641 1884 4733 institute,
1923 4641 2058 4714 nisi
2093 4644 2211 4736 qui
2243 4650 2429 4714 tenet
2463 4663 2581 4715 eas
2618 4651 2819 4737 prout
2841 4643 3106 4733 justum
3152 4650 3255 4713 est
3293 4659 3526 4712 coram
