4500 5956
1027 522 1146 585 790
2024 515 2452 579 munemel
2509 514 2863 579 ssscumm
3469 519 3634 598 [An.
3670 520 3846 584 12:35.

1024 665 1335 731 nostrum
1371 653 1445 725 in
1483 652 1867 749 principem
1911 650 2405 741 creaverimuS,
2437 650 2896 725 concedentes
2928 650 2994 725 ei
3023 648 3115 724 de
3143 652 3366 746 gratia
3398 654 3683 755 speciali
3718 656 3854 731 du-

1025 788 1259 855 catum
1286 775 1378 851 de
1411 776 1778 849 Brunswic
1826 796 1986 849 cum
2030 776 2357 850 omnibus
2391 775 2680 868 justitiis
2715 785 2787 848 et
2836 774 3221 849 rationibus
3258 776 3716 852 attinentibus
3756 780 3851 855 ad

1028 902 1416 978 dominium
1470 899 1766 974 civitatis
1815 900 2037 994 ipsius
2089 899 2179 973 de
2222 899 2618 974 Brunswic.
2677 899 2910 986 Quare
2965 897 3278 973 fidelitati
3335 911 3573 977 vestre
3618 904 3855 999 preci-

1025 1026 1283 1122 piendo
1316 1024 1726 1098 mandamus
1756 1031 2096 1118 quatenus
2133 1022 2361 1095 eidem
2398 1021 2564 1095 duci
2597 1022 2848 1097 dilecto
2886 1022 3182 1119 principi
3212 1032 3447 1098 nostro
3483 1026 3854 1102 attendatis

1032 1158 1102 1221 et
1166 1147 1507 1221 obediatis
1559 1145 1657 1220 de
1702 1155 1933 1219 cetero
1989 1152 2323 1241 tanquam
2381 1145 2664 1220 domino
2718 1154 2987 1237 vestro,
3043 1145 3179 1218 sihi
3246 1144 3596 1222 fidelitatis
3651 1152 3856 1245 jura-

1032 1280 1341 1344 mentum
1377 1268 1765 1343 secundum
1813 1268 2388 1343 consuetudinem
2424 1269 2697 1365 imperii
2726 1270 3140 1343 exhibentes
3162 1279 3246 1342 ut
3280 1292 3375 1343 ex
3411 1271 3742 1347 fidelitate
3783 1283 3859 1349 et

1035 1394 1407 1469 devotione
1437 1415 1650 1488 quam
1698 1415 1865 1488 erga
1900 1414 2065 1465 eum
2096 1392 2442 1468 habebitis
2474 1392 2565 1466 de
2597 1396 2860 1483 cetero,
2899 1392 3152 1466 melius
3185 1395 3657 1469 commendari
3685 1418 3860 1494 pos-

1035 1518 1223 1609 sitis,
1266 1526 1338 1591 et
1385 1525 1529 1589 tam
1574 1517 1807 1612 ipsum
1841 1515 2091 1588 ducem
2125 1538 2343 1611 quam
2388 1516 2871 1591 excellentiam
2920 1524 3224 1591 nostram
3276 1517 3370 1593 ad
3416 1528 3612 1615 grata
3654 1520 3862 1595 vobis

1035 1641 1296 1737 premia
1322 1641 1738 1714 conferenda
1769 1661 1896 1735 pro
1925 1641 2185 1713 meritis
2217 1640 2586 1714 inducatis.

1130 1766 1381 1838 Datum
1404 1762 1749 1859 Anguste,
1791 1765 2033 1838 ultimo
2067 1764 2393 1857 octobris,
2430 1763 2811 1840 indictione
2845 1787 3052 1839 nona.

920 2436 934 2459 ‚
1148 2336 1574 2422 Fridericus
1590 2399 1615 2445 ‚
1654 2337 2176 2421 Romanorum
2213 2335 2658 2445 imperator,
2706 2338 3081 2422 universis
3122 2336 3416 2421 civibus
3451 2336 3550 2420 de
3585 2336 3868 2421 Staden

927 2491 937 2503 ·
1047 2473 1365 2555 mandat
1399 2482 1483 2554 ut
1522 2469 1782 2556 Ottoni
1819 2470 1916 2551 de
1949 2467 2402 2578 Luneburg‚
2443 2495 2675 2578 quem
2712 2469 2790 2551 in
2827 2470 3247 2579 principem
3282 2496 3510 2553 suum
3546 2469 3864 2576 creavit,

1043 2605 1445 2688 restituant
1480 2628 1571 2685 ea
1612 2625 1811 2711 quae
1849 2608 2111 2682 tenent
2153 2598 2250 2682 de
2302 2599 2765 2683 haereditate
2816 2600 3236 2709 pertinente
3290 2602 3392 2685 ad
3441 2601 3872 2685 dominium

1043 2738 1141 2819 de
1172 2734 1647 2842 Brunswick‚
1690 2758 1927 2842 quam
1966 2732 2212 2815 eidem
2248 2732 2567 2815 contulit
2600 2732 2680 2813 in
2718 2731 3063 2815 feudum.

1210 2954 1482 3030 (Edider.
1525 2952 1787 3026 sonmo,
1842 2949 2006 3033 Oriq.
2048 2947 2279 3030 Guels„
2319 2954 2370 3012 t.
2411 2947 2521 3023 IV,
2561 2967 2618 3030 p.
2674 2957 2814 3014 168.
2855 2980 2939 2996 -—
2969 2948 3238 3027 Pan-³12,
3285 2947 3434 3012 Uber
3464 2949 3711 3014 Bremen
3745 2948 3878 3013 und

1299 3057 1557 3136 ilerden,
1583 3065 1635 3123 t.
1671 3059 1793 3138 vl,
1820 3076 1886 3137 p.
1920 3068 2061 3123 116.
2091 3090 2171 3104 -
2207 3058 2584 3133 Sentium,
2615 3057 2769 3122 Hist.
2796 3058 2945 3120 Zar-
2977 3054 3170 3138 fiad„
3197 3057 3333 3121 eod.
3365 3058 3640 3138 diplom,
3673 3064 3724 3122 t.
3765 3059 3871 3132 lv.

1282 3184 1346 3245 p.
1386 3169 1546 3240 199.)

1143 3351 1565 3441 Fridericus‚
1603 3350 1733 3422 Dei
1770 3348 1991 3443 gratia
2031 3349 2494 3422 Romanorum
2529 3349 2896 3445 imperator
2942 3370 3217 3447 semper
3253 3359 3631 3445 augustus,
3674 3353 3875 3426 Jeru-

1047 3478 1257 3549 salem
1296 3483 1364 3547 et
1417 3473 1646 3545 Sicilie
1685 3493 1845 3562 rex,
1883 3472 2226 3544 universis
2265 3472 2537 3544 civibus
2587 3472 2679 3545 de
2733 3473 2990 3547 Staden
3035 3471 3359 3546 fidelibus
3402 3474 3551 3546 suis
3585 3475 3875 3569 gratiam

1050 3622 1248 3673 suam
1284 3607 1353 3672 et
1400 3618 1607 3671 omne
1652 3596 1941 3669 bonum.
1978 3593 2262 3667 Dudum
2305 3596 2376 3666 in
2424 3596 2712 3692 collegio
2755 3598 2950 3670 curie
2973 3596 3548 3692 Mogontinensis,
3590 3596 3682 3670 de
3717 3619 3877 3672 con-

1050 3725 1201 3797 silio
1232 3709 1623 3819 principum
1659 3730 2075 3811 nostrorum,
2094 3717 2456 3793 Oddonem
2488 3718 2580 3793 de
2610 3719 3019 3793 Luneborch
3054 3721 3130 3793 in
3157 3720 3535 3817 principem
3565 3730 3877 3795 nostrum

1052 3848 1468 3937 creavimus,
1509 3845 1642 3918 sibi
1669 3845 2099 3918 conferentes
2133 3844 2207 3916 in
2240 3843 2528 3917 feudum
2559 3842 3014 3919 hereditatem
3050 3845 3502 3940 pertinentem
3532 3844 3626 3920 ad
3655 3845 3880 3920 domi·

1055 3973 1250 4044 nium
1322 3971 1413 4045 de
1467 3969 1869 4061 Brunswic‚
1916 3991 2129 4063 quam
2177 3989 2222 4041 a
2272 3968 2545 4042 dilectis
2587 3967 3017 4066 principibus
3065 3972 3316 4044 nostris
3363 3967 3658 4045 Oddone
3699 3969 3883 4044 duce

1056 4097 1347 4170 Bavarie
1379 4104 1449 4168 et
1482 4093 1879 4168 marchione
1909 4092 2000 4166 de
2025 4091 2265 4166 Baden
2296 4093 2460 4166 olim
2496 4114 2922 4187 emeramus,
2951 4094 3231 4167 nomine
3264 4115 3563 4167 uxorum
3599 4115 3884 4169 suarum

1056 4218 1509 4314 pertinentem
1563 4216 1663 4313 (a)
1715 4216 1808 4289 ad
1866 4217 2169 4290 eosdem.
2237 4216 2496 4290 Verum
2550 4239 2714 4290 cum
2773 4217 3075 4313 quedam
3148 4217 3243 4292 de
3300 4217 3680 4292 hereditate
3732 4219 3888 4316 ipsa

1057 4352 1288 4414 tenere
1334 4338 1666 4414 dicamini
1717 4347 1954 4413 contra
2001 4339 2432 4414 collationem
2463 4340 2600 4438 ipsi
2642 4342 2938 4439 principi
2974 4349 3208 4416 nostro
3253 4342 3530 4435 facum,
3570 4341 3887 4417 fidelitati

1057 4468 1282 4533 vestre
1319 4457 1762 4554 precipiendo
1790 4458 2203 4532 mandamus
2241 4471 2584 4555 quatenus
2612 4483 2695 4538 ea
2730 4485 2870 4560 que
2901 4461 2994 4537 de
3021 4461 3403 4538 hereditate
3429 4462 3583 4560 ipsa
3608 4464 3883 4554 tenetis,

1140 4635 1222 4716 (a)
1256 4635 1373 4713 Ap.
1405 4632 1733 4710 schoepflin
1763 4633 2144 4714 pertinentia,
2173 4638 2372 4700 minus
2398 4645 2577 4701 recte.
