4500 5956
538 589 762 658 simum.
792 589 879 677 ·1.]
1465 587 1864 653 msroma
1911 590 2500 654 mrtoua'rrcA.
3265 592 3385 655 643

561 723 938 821 imperialis
978 725 1135 798 aule
1177 725 1582 799 cancellario
1620 725 1710 800 de
1746 725 1989 823 predio
2023 747 2152 799 suo
2190 726 2262 797 in
2313 728 2545 799 Husen
2574 747 2700 798 sex
2735 725 3067 798 librarum
3104 726 3385 821 Augus-

559 849 769 922 tensis
803 857 1082 920 monete
1107 846 1421 919 redditus
1446 847 1824 942 resignavit
1857 858 1928 921 et
1963 850 2032 921 in
2069 850 2412 944 presentia
2442 857 2672 922 nostra
2705 848 3160 942 contradidit3
3206 873 3384 946 quos

564 972 650 1046 de
684 996 898 1046 manu
936 996 1062 1044 sua
1092 994 1218 1066 pro
1254 972 1456 1044 feodo
1498 974 1786 1068 recepit,
1846 974 1936 1046 ita
1974 974 2166 1068 quod
2204 976 2353 1068 ipse
2399 984 2467 1046 et
2519 974 2811 1046 heredes
2863 976 2971 1046 sui
3027 998 3067 1046 a
3123 978 3383 1068 prefato

547 1098 880 1196 episcopo
912 1108 980 1170 et
1006 1120 1048 1170 a
1084 1098 1594 1170 successoribus
1618 1100 1762 1170 suis
1798 1098 2078 1170 eosdem
2110 1100 2423 1172 redditus
2448 1100 2691 1170 feodali
2717 1102 2871 1190 jure
2897 1098 3193 1171 debeant
3221 1123 3381 1194 pos-

564 1220 808 1294 sidere.
856 1222 942 1292 Et
978 1230 1054 1292 ut
1080 1220 1208 1294 hec
1246 1232 1392 1294 rata
1422 1232 1488 1294 et
1523 1220 1714 1292 firma
1756 1234 2234 1316 permaneant,
2278 1226 2483 1314 sigilli
2531 1226 2741 1294 nostri
2771 1224 3195 1318 appositione
3217 1246 3381 1323 pre-

552 1326 820 1416 sentem
856 1346 1178 1440 paginam
1218 1346 1506 1416 fecimus
1534 1322 1964 1421 communiri.

656 1468 908 1538 Datum
944 1470 1468 1556 Franchenfurt‚
1510 1469 1664 1540 XIII
1710 1468 2038 1542 kalendas
2076 1468 2347 1558 marcii,
2391 1468 2763 1540 indictione
2791 1470 3099 1564 septima.

1034 1808 2150 1816 *fl—*n-—q-—nffl-—----ffl
2165 1808 2845 1816 --ev-----—-=„„.--——-—=*-—--n--.-
2880 1808 2918 1816 —-

666 2100 1076 2206 Hem-iem,
1118 2102 1638 2186 Romanorum
1682 2130 1854 2210 reX,
1906 2104 2369 2186 abbatissam
2417 2120 2489 2188 et
2533 2120 2985 2190 conventum
3031 2114 3387 2194 ecclesiae

572 2230 658 2314 de
692 2232 1084 2344 Kitzingen
1130 2236 1444 2318 diversis
1502 2236 2074 2346 gravaminibus
2124 2264 2529 2346 oppressae
2587 2242 2729 2322 sub
2781 2242 3073 2350 imperii
3123 2256 3199 2326 et
3249 2274 3387 2328 sua

572 2366 1020 2469 protectione
1056 2368 1346 2476 recipit.

720 2608 912 2681 (Edid.
944 2608 1052 2669 Fa.
1082 2610 1236 2671 Aur.
1268 2610 1484 2685 hess,
1521 2608 1712 2671 (ἔσει-ἧ.
1750 2608 2210 2685 Frankenlands,
2242 2628 2381 2687 pars
2407 2612 2519 2685 ΙΙΙ,
2553 2614 2741 2691 Bryl„
2775 2634 2831 2693 p.
2871 2616 3039 2695 373.)

664 2823 744 2891 H.
770 2875 788 2909 ‚
832 2821 956 2893 Dei
990 2823 1208 2915 gratia
1236 2824 1696 2893 Romanorum
1734 2847 1862 2895 rex
1914 2835 1982 2895 et
2020 2847 2290 2919 semper
2321 2835 2681 2919 augustus.
2727 2829 3135 2923 Religiosam
3173 2835 3387 2907 vitam

572 2943 978 3017 habentibus
1008 2949 1236 3039 regale
1270 2947 1478 3019 debet
1510 2947 1754 3019 adesse
1780 2949 2160 3043 presidium
2190 2973 2276 3021 ne
2312 2951 2619 3041 cujusvis
2645 2957 3039 3027 temeritatis
3071 2959 3389 3033 incursus

570 3077 684 3139 aut
718 3089 836 3139 eas
886 3091 926 3141 a
974 3071 1158 3141 bono
1196 3071 1544 3165 proposito
1588 3083 1864 3143 revocet
1910 3083 2030 3143 aut
2086 3075 2156 3143 in
2202 3073 2333 3161 εἰς,
2391 3075 2581 3167 quod
2623 3079 2837 3169 absit,
2899 3081 3109 3153 robur
3151 3095 3387 3157 sancte

572 3193 1104 3265 conversationis
1138 3193 1492 3287 infringat.
1534 3193 1706 3265 Cum
1736 3197 1946 3287 igitur
1972 3199 2256 3269 ecclesia
2284 3199 2373 3269 de
2402 3201 2735 3293 Kizingen
2753 3257 2771 3289 ,
2825 3205 3001 3275 sicut
3034 3207 3387 3279 intellexi-

567 3335 750 3405 mus,
788 3317 1086 3409 agitetur
1104 3319 1446 3413 pressuris
1474 3319 1966 3413 multiplicibus
1990 3331 2056 3393 et
2082 3323 2376 3393 diversis
2391 3327 2909 3415 gravaminibus
2931 3333 3385 3425 opprimatur,

568 3441 866 3511 volentes
926 3441 990 3511 ei
1038 3463 1130 3513 ex
1184 3451 1510 3515 consueta
1560 3452 1790 3515 nostre
1840 3445 2268 3517 celsitudinis
2302 3451 2659 3521 clementia
2703 3453 3101 3545 providere,
3165 3458 3387 3551 ipsam

570 3563 920 3635 ecclesiam
966 3585 1050 3635 ac
1094 3563 1412 3635 dilectam
1464 3565 1664 3635 nobis
1716 3567 1784 3635 in
1836 3567 2098 3639 Christo
2160 3571 2575 3641 abbatissam
2627 3597 2707 3645 ac
2755 3585 3009 3647 ceteras
3057 3599 3385 3669 personas

578 3685 874 3775 ejusdem
906 3689 1192 3759 ecclesie
1222 3709 1380 3759 cum
1414 3691 1734 3761 omnibus
1766 3693 2315 3785 possessionibus
2353 3719 2433 3767 ac
2467 3697 2663 3767 bonis
2699 3701 2915 3791 ipsius
2951 3701 3079 3771 sub
3109 3703 3379 3797 imperii

582 3817 636 3877 et
663 3819 886 3881 nostra
918 3811 1338 3903 protectione
1366 3813 1782 3905 recepimuffi
1842 3817 1971 3885 sub
2024 3817 2304 3887 obtentu
2339 3821 2555 3911 gratie
2585 3833 2817 3893 nostre
2871 3823 3151 3897 firmiter
3199 3827 3375 3897 inhi-

580 3927 798 4005 bentes
822 3955 912 4005 ne
948 3935 1196 4027 aliquis
1218 3943 1338 4005 aut
1368 3957 1693 4029 personas
1726 3949 1844 4009 aut
1872 3943 2226 4013 ecclesiam
2262 3945 2335 4013 in
2373 3945 2631 4017 eisdem
2663 3949 3205 4040 possessionibus
3229 3953 3377 4025 sive

580 4050 1050 4129 bonisaudeat
1086 4057 1320 4151 aliquo
1348 4061 1556 4131 modo
1592 4063 1974 4135 molestare.
2016 4067 2214 4149 Quod
2242 4069 2363 4159 qui
2395 4079 2623 4141 contra
2653 4071 3177 4163 prohibitionem
3213 4097 3373 4147 nos-

584 4185 732 4249 tram
776 4183 1268 4275 presumpserit
1302 4189 1737 4277 attemptare,
1798 4187 2341 4279 indignationem
2389 4201 2683 4265 nostram
2715 4217 2789 4267 se
2837 4197 3105 4271 noverit
3137 4201 3371 4273 incur-

584 4317 824 4373 surum.
1235 4320 1237 4323 ·

670 4424 900 4498 Datum
938 4426 1132 4522 apud
1163 4428 1473 4520 Latratu,
1516 4428 1750 4503 idibus
1776 4434 2036 4523 martii,
2078 4424 2632 4517 indictione'VlL·

3423 2136 3547 2190 Apud
3575 2136 3755 2178 Lutum
3765 2166 3777 2190 ,

3491 2192 3537 2232 15
3565 2192 3727 2232 marui.
