4500 5956
806 576 1002 633 lunxe-r.
1041 569 1161 652 104
1706 574 2098 636 HISTORIA
2152 572 2735 636 DIPLOMATICA.
3505 578 3626 639 913

807 706 1027 778 tiones
1056 706 1278 797 justas
1310 702 1407 799 (a)
1439 706 1762 779 ecclesias
1796 708 2024 781 dicitis
2067 706 2462 779 hominibus
2503 709 2792 802 propriis
2828 709 3179 803 spoliatas»,
3223 710 3388 803 quia
3421 711 3621 783 nobis

806 828 876 898 in
911 828 1014 900 eis
1050 828 1139 899 de
1175 827 1571 900 officialium
1614 839 1996 903 nostrorum
2031 829 2286 920 injusto
2317 849 2641 922 processu
2692 851 2831 901 non
2877 830 3130 924 liquet,
3173 833 3614 905 ecclesiarum

805 952 1101 1044 prelatos
1175 960 1254 1022 ut
1325 952 1414 1023 de
1485 973 1846 1045 processus
1918 953 2282 1046 iniquitate
2353 951 2810 1046 perdoceant,
2868 952 2960 1024 ad
3002 955 3235 1026 omnia
3279 957 3436 1046 jura
3489 977 3617 1028 sua

805 1074 1131 1145 volumus
1158 1083 1228 1145 et
1260 1072 1671 1145 mandamus
1694 1075 2000 1166 admitti3
2038 1084 2106 1146 et
2137 1096 2295 1146 cum
2323 1072 2593 1146 dudum
2628 1075 2697 1145 in
2733 1096 3002 1148 recessu
3029 1086 3258 1149 nostro
3281 1078 3372 1149 de
3402 1099 3615 1171 regno

813 1205 888 1266 ut
919 1204 1059 1267 tam
1094 1195 1165 1267 in
1207 1195 1316 1266 his
1359 1217 1568 1290 quam
1613 1199 1684 1268 in
1725 1199 1878 1271 aliis
1913 1200 1985 1269 in
2029 1199 2284 1292 quibus
2327 1198 2768 1270 ecclesiarum
2800 1199 3080 1292 prelati,
3127 1201 3489 1294 Templarii
3546 1210 3617 1273 et

808 1320 1237 1412 Hospitalarii
1282 1321 1487 1392 etiam
1521 1343 1597 1393 se
1628 1332 1951 1415 gravatos
1986 1322 2360 1413 habebant,
2392 1320 2705 1393 satisfieri
2740 1331 2966 1415 posset
2995 1322 3284 1411 eisdem,
3319 1323 3613 1396 familia-

808 1444 1000 1515 ribus
1045 1445 1292 1517 nostris
1331 1445 1739 1537 jusserimus
1784 1446 1970 1541 apud
2019 1447 2282 1518 Fanum
2335 1456 2412 1515 ut
2456 1446 2832 1517 solemnem
2883 1446 3141 1517 curiam
3191 1445 3416 1519 Melfie
3450 1468 3614 1519 con-

808 1578 1168 1662 gregarent
1188 1623 1207 1656 ‚
1257 1569 1424 1662 quia
1473 1569 1866 1642 intentionis
1916 1579 2147 1641 nostre
2190 1570 2468 1641 salubre
2516 1569 2938 1663 propositum
2991 1590 3113 1662 per
3164 1570 3481 1641 subtilem
3520 1568 3615 1665 (b)

805 1691 1266 1784 quorumdam
1322 1694 1642 1766 astutiam
1690 1694 1813 1786 qui
1852 1713 1980 1764 nos
2025 1701 2263 1785 postea
2313 1692 2677 1763 mandasse
2730 1692 3139 1763 contrarium
3187 1694 3608 1785 asserebant,

806 1815 1030 1887 extitit
1086 1815 1536 1909 impeditum,
1612 1836 1773 1889 ecce
1823 1814 2017 1908 quod
2061 1816 2267 1907 juxta
2329 1814 2729 1886 mandatum
2791 1815 3202 1887 venerabilis
3274 1867 3291 1885 .
3331 1868 3348 1885 .
3392 1869 3407 1885 .
3464 1837 3613 1887 ma-

806 1938 1000 2030 gistri
1032 1936 1282 2010 domus
1317 1940 1565 2011 Sancte
1594 1939 1807 2011 Marie
1839 1938 2415 2010 Theutonicorum
2453 1938 2708 2009 factum
2748 1988 2768 2008 .
2811 1992 2826 2008 .
2868 1990 2884 2007 .
2937 1937 3169 2008 comiti
3204 1937 3613 2009 Acerrarum

804 2072 873 2134 et
905 2063 1228 2157 magistro
1267 2064 1639 2156 justitiario
1674 2086 1902 2137 coram
1948 2063 2186 2154 vobis,
2236 2072 2375 2134 tam
2415 2063 2585 2156 ipsis
2628 2084 2837 2155 quam
2885 2062 3334 2135 familiaribus
3370 2064 3617 2136 nostris

804 2186 936 2257 sub
971 2209 1151 2281 pena
1200 2187 1419 2281 gratie
1465 2186 1768 2260 districte
1814 2187 2220 2260 mandamus
2255 2196 2599 2280 quatenus
2647 2186 2737 2258 de
2774 2186 3056 2280 prelatis
3087 2187 3372 2258 solemni
3426 2188 3618 2260 curia

804 2309 1033 2383 denuo
1097 2320 1507 2405 congregata
1530 2364 1552 2402 ,
1612 2311 1926 2404 querelas
2000 2311 2305 2405 ipsorum
2372 2318 2510 2382 tam
2569 2331 2775 2404 super
2825 2308 3222 2382 hominibus
3279 2310 3617 2383 revocatis

803 2457 1012 2528 quam
1045 2456 1256 2529 super
1295 2434 1843 2529 possessionibus
1875 2434 2028 2506 aliis
2063 2455 2329 2505 necnon
2382 2443 2451 2506 et
2489 2435 2649 2525 jure
2689 2435 3119 2527 proprietatis
3155 2454 3386 2506 rerum
3417 2436 3613 2520 Tem·

803 2559 1171 2653 plariorum
1216 2568 1285 2631 et
1326 2558 1933 2651 Hospitalariorum
1979 2557 2288 2642 audiant,
2332 2566 2401 2629 et
2431 2558 2600 2652 ipsis
2635 2556 3018 2629 secundum
3053 2558 3339 2629 formam
3381 2558 3613 2630 datam

802 2682 1252 2755 communiter
1286 2679 1552 2753 eisdem
1602 2679 1859 2752 ibidem
1905 2679 2112 2753 finem
2160 2680 2474 2753 debitum
2524 2690 2593 2753 et
2642 2680 2946 2753 velocem
2981 2680 3357 2775 imponant.
3395 2682 3615 2775 Super

800 2805 1090 2899 singulis
1140 2814 1444 2900 preterea
1490 2804 1808 2898 capitulis
1852 2803 2297 2898 supradicti8‚
2335 2805 2405 2874 in
2443 2803 2700 2897 quibus
2731 2812 2834 2875 est
2858 2806 3065 2896 juxta
3095 2804 3614 2897 responsionum

801 2926 1184 3004 nostrarum
1252 2938 1552 3002 tenorem
1614 2950 1738 3023 per
1790 2927 2116 3001 officiales
2182 2935 2451 3001 nostros
2522 2925 2786 3022 aliquid
2859 2924 3248 2999 faciendum
3272 2980 3292 3019 ‚
3359 2926 3617 3001 litteras

800 3054 1060 3127 eisdem
1109 3052 1632 3125 transmittimus
1681 3052 2016 3147 speciales
2067 3059 2144 3121 ut
2192 3049 2283 3124 de
2328 3050 2609 3145 speciali
2655 3049 2979 3134 mandato
3029 3049 3349 3121 culminis
3398 3052 3615 3123 nostri

798 3177 1068 3269 singula
1117 3175 1479 3269 diligenter
1517 3183 1587 3246 et
1620 3175 1821 3268 plene
1863 3172 2187 3246 studeant
2227 3175 2711 3267 percomplere.
2764 3173 2892 3244 Per
2920 3194 3060 3266 que
3099 3173 3364 3263 omnia,
3407 3194 3610 3246 reve·

799 3299 1202 3372 rendissime
1249 3308 1467 3392 pater,
1522 3298 1705 3370 circa
1748 3296 2187 3369 ecclesiarum
2238 3296 2588 3368 libertates
2641 3304 2709 3369 et
2747 3296 2905 3387 jura
2949 3294 3129 3367 votis
3191 3294 3439 3367 vestris
3485 3314 3611 3389 per

798 3444 922 3496 nos
971 3444 1064 3495 ex
1104 3443 1359 3515 magna
1404 3430 1624 3516 parte,
1680 3430 1887 3515 prout
1931 3420 2210 3493 firmiter
2250 3420 2598 3494 credimus
2616 3473 2637 3512 ,
2675 3418 2984 3492 satisfiet.
3025 3417 3166 3490 Aut
3190 3420 3249 3490 si
3283 3439 3492 3514 quem
3535 3417 3611 3491 in

799 3548 901 3620 eis
937 3545 1117 3620 circa
1163 3546 1614 3641 possessionis
1651 3546 2147 3617 restitutionem
2191 3545 2563 3639 paternitas
2593 3553 2823 3616 vestra
2857 3543 3255 3615 causabitur
3284 3544 3457 3615 forte
3484 3541 3609 3614 de-

795 3672 1086 3760 fectum,
1134 3671 1455 3763 exempla
1486 3668 1688 3740 nobis
1719 3668 1932 3741 vestri
1974 3667 2350 3761 magisterii
2382 3668 2868 3760 suffragantur,
2908 3674 2977 3737 et
3008 3665 3289 3759 petitam
3331 3687 3375 3738 a
3408 3665 3608 3738 nobis

792 3792 1298 3886 possessionem
1328 3790 1627 3863 civitatis
1664 3789 1949 3863 Castelle
1974 3799 2208 3862 contra
2246 3810 2610 3861 commune
2648 3797 3028 3860 vestrorum
3056 3788 3340 3858 fratrum
3377 3789 3603 3860 consi-

790 3918 962 3989 lium
989 3926 1058 3989 et
1095 3914 1580 3989 conscientiam
1615 3924 1913 3987 vestram
1949 3915 2155 3987 etiam
2189 3912 2480 3986 reddere
2516 3911 2894 4006 denegatis,
2935 3911 3327 4005 possessorii
3354 3910 3601 4002 J‘udicii

790 4040 1099 4114 debitum
1135 4041 1207 4110 in
1234 4060 1530 4112 examen
1556 4038 1850 4132 petitorii
1878 4039 2379 4111 transferentes.

883 4165 1131 4237 Datum
1159 4163 1231 4234 in
1264 4162 1506 4236 castris
1539 4162 1613 4232 in
1648 4161 2008 4234 obsidione
2036 4161 2342 4253 Mantus,
2375 4161 2504 4233 XX
2533 4158 2971 4252 septembriS‚
3001 4159 3067 4231 X
3098 4157 3492 4231 indictione.

871 4364 953 4445 (a)
995 4368 1068 4427 In
1092 4367 1225 4428 cod.
1254 4368 1439 4429 Puris.
1472 4363 1862 4446 inqtdeitionis
1879 4365 2165 4447 jutitiae.

876 4470 962 4553 (b)
1000 4471 1074 4533 In
1099 4472 1232 4534 cod.
1261 4472 1452 4534 Paris.
1481 4468 1808 4545 sublimem,
1846 4474 2044 4534 minus
2067 4477 2225 4549 apte.

950 4780 1056 4842 Ν.
1097 4793 1279 4840 Pana.
3180 4781 3289 4834 116
