4500 5956
689 1119 839 1170 [cirea
849 1121 1053 1175 julium.)

1115 544 1236 606 896
2109 548 2536 612 rmnssmcl
2586 549 2935 611 SECUNDI
3553 551 3714 628 [Arm.
3753 551 3923 614 12³6.

1216 1100 1643 1186 Fridericus
1659 1164 1682 1210 ,
1734 1104 2258 1189 Romanorum
2311 1106 2753 1215 imperator,
2812 1107 3068 1189 comiti
3116 1106 3544 1193 Sabaudiae
3595 1136 3736 1217 pro
3779 1111 3922 1194 de-

1110 1233 1302 1315 votis
1366 1234 1532 1344 ejus
1602 1245 1677 1318 et
1731 1237 2052 1345 acceptis
2117 1238 2439 1322 servitiis
2495 1248 2746 1349 grates
2801 1239 3004 1348 agit,
3063 1241 3426 1323 nuntians
3490 1268 3571 1324 se
3623 1267 3803 1325 mox
3853 1243 3919 1325 ei

1107 1365 1421 1450 militiae
1473 1369 1706 1451 decus
1777 1395 2359 1478 concessurum,
2417 1382 2824 1481 monetque
2880 1382 2962 1455 ut
3016 1397 3193 1455 cum
3246 1374 3327 1455 in
3383 1375 3942 1497 Lombardiaml

1104 1499 1388 1607 veniet,
1429 1500 1591 1609 ipse
1627 1527 1883 1585 comes
1921 1501 2353 1611 aspectibus
2391 1504 2550 1586 suis
2586 1515 2959 1587 occurrat.

1266 1712 1519 1793 (Inedlt.
1555 1732 1632 1775 ex
1663 1714 1798 1775 cod.
1836 1715 2119 1777 Biblioth.
2170 1715 2433 1777 Vindob.
2473 1712 2689 1776 Philet.
2729 1724 2882 1789 805,
2927 1716 3031 1778 fol.
3075 1725 3189 1778 124
3226 1723 3419 1791 recto,
3442 1749 3524 1761 —
3551 1721 3612 1777 et
3637 1717 3756 1779 alia
3790 1719 3916 1779 viee

1334 1818 1442 1881 fol.
1478 1825 1591 1878 125
1619 1819 1843 1899 verso.)

1193 2001 1633 2093 Fredericus,
1673 2011 1808 2075 etc.
1844 2002 2023 2074 Satis
2055 2011 2402 2096 gratanter
2430 2012 2500 2076 et
2535 2005 2834 2098 benigue
2860 2001 3131 2076 audivit
3156 2012 3382 2074 nostra
3410 2003 3744 2075 serenitas
3773 2022 3912 2097 que

1098 2127 1186 2200 de
1222 2136 1342 2199 tue
1390 2125 1786 2199 devocionis
1830 2126 2216 2220 integritate
2267 2149 2477 2220 quam
2528 2128 2618 2200 ad
2668 2149 2795 2199 nos
2826 2127 3108 2198 sinceris
3158 2127 3341 2219 geris
3388 2126 3748 2197 affectibus
3786 2178 3805 2196 .
3836 2178 3853 2194 .
3883 2180 3899 2196 .

1094 2252 1320 2325 fidelis
1367 2259 1598 2323 noster
1641 2259 1873 2322 nostro
1907 2250 2191 2321 culmini
2241 2250 2581 2322 recitavit.
2628 2250 2735 2321 Ex
2784 2250 3039 2343 quibus
3073 2248 3461 2322 devotionis
3498 2258 3615 2321 tue
3655 2269 3908 2342 propo-

1093 2377 1302 2447 situm
1365 2373 1739 2468 plurimum
1796 2371 2360 2444 commendantes
2383 2426 2404 2463 ,
2455 2373 2913 2444 sinceritatem
2975 2382 3165 2443 tuam
3215 2373 3595 2466 gratiarum
3642 2372 3906 2443 actione

1090 2499 1597 2594 prosequimur,
1644 2506 1712 2570 et
1751 2506 1818 2569 te
1850 2497 2025 2568 inter
2064 2496 2237 2568 alios
2288 2506 2553 2569 nostros
2605 2496 2844 2569 fideles
2892 2497 3322 2591 disponimus
3368 2497 3603 2590 dignis
3637 2493 3904 2566 benefi-

1090 2622 1351 2694 ciorum
1409 2618 1980 2692 retributionibus
2030 2615 2475 2712 imperialiter
2522 2639 2988 2712 compensare.
3046 2618 3358 2689 Firmiter
3405 2638 3706 2709 namque
3759 2637 3902 2687 cre-

1090 2745 1320 2818 dimus
1357 2753 1425 2816 et
1475 2742 1833 2814 effectibus
1874 2763 2160 2835 operum
2194 2741 2660 2835 comperimus
2700 2740 3056 2812 manifeste
3087 2738 3280 2834 quod
3318 2738 3670 2833 quondam
3717 2746 3903 2831 pater

1088 2879 1250 2939 tuus
1289 2888 1519 2939 comes
1557 2864 1906 2938 Sabaudie
1951 2866 2074 2959 qui
2104 2864 2354 2937 diebus
2404 2866 2549 2936 suis
2592 2861 2941 2936 serenitati
2985 2873 3215 2936 nostre
3264 2873 3577 2958 prompte
3627 2862 3791 2934 satis
3836 2871 3903 2932 et

1087 2992 1336 3063 devote
1372 2991 1685 3080 servivit,
1728 2999 1797 3061 te
1830 2990 1902 3061 in
1936 2988 2075 3061 fide
2105 2999 2174 3062 et
2222 2989 2602 3062 devocione
2647 2995 2876 3060 nostra
2909 3009 3150 3059 verum
3183 2988 3507 3061 heredem
3557 2986 3900 3080 reliquerit

1084 3122 1154 3185 et
1192 3114 1575 3205 legitimum
1611 3133 2075 3185 successorem
2127 3115 2189 3208 (l
2208 3114 2260 3206 ).
2303 3112 2503 3185 Unde
2539 3111 2864 3184 videmus
2898 3111 3088 3205 quod
3118 3112 3294 3182 vivit
3334 3112 3406 3182 in
3439 3119 3604 3182 nato
3639 3109 3899 3203 genitor

1081 3248 1151 3308 et
1202 3235 1651 3308 devocionem
1712 3244 2063 3330 paternam
2118 3235 2532 3329 obsequiose
2587 3235 2786 3307 nobis
2838 3234 3024 3307 filius
3080 3243 3535 3331 representat,
3592 3232 3895 3328 graciam

1080 3367 1381 3430 nostram
1428 3360 1734 3430 alliciens
1770 3368 1840 3429 et
1888 3359 2190 3430 invitans
2236 3366 2315 3429 ut
2357 3360 2428 3429 in
2476 3360 2840 3452 superstite
2889 3357 3029 3430 filio
3059 3359 3270 3452 patris
3311 3368 3380 3429 et
3422 3357 3542 3428 filii
3588 3357 3893 3451 graciosa

1076 3482 1356 3553 servitia
1409 3482 1829 3576 premiemus
1876 3480 2016 3575 (P).
2067 3481 2457 3556 Recolimus
2501 3482 2706 3553 etiam
2738 3455 2936 3574 quod*
2976 3480 3245 3554 dudum
3288 3481 3702 3553 venerabilis
3754 3480 3894 3550 Va-

1072 3607 1377 3678 lentinus
1411 3606 1672 3677 electus
1717 3606 1923 3677 frater
1960 3614 2121 3677 tuus
2158 3605 2349 3699 apud
2387 3626 2513 3677 nos
2564 3605 2806 3676 institit
2847 3603 2954 3700 (2)
2998 3614 3075 3676 ut
3128 3604 3609 3677 decoraremus
3640 3611 3708 3674 te
3747 3602 3892 3673 cin·

1684 3776 2640 3785 Qum-v·—

1070 3865 1131 3918 ut
1156 3861 1359 3932 dicunt,
1382 3859 1528 3917 nulla
1552 3859 1656 3916 alia
1677 3859 1995 3916 auctoritate
2019 3858 2119 3917 nisi
2146 3876 2214 3916 ex
2238 3859 2341 3916 hoc
2365 3859 2688 3917 documento
2716 3865 2870 3917 notus
2888 3865 2974 3917 est
2989 3877 3002 3914 :
3019 3859 3160 3932 quod
3186 3873 3376 3931 parum
3393 3858 3556 3915 etiam
3578 3873 3701 3914 cum
3725 3873 3891 3931 parvo

1067 3957 1288 4015 flumine
1316 3958 1456 4015 sicut
1482 3961 1566 4014 est
1590 3956 1756 4028 Lech,
1784 3957 2089 4013 concordat.
2124 3956 2208 4012 Cf.
2236 3956 2485 4014 chronic.
2512 3958 2732 4029 Weinq.
2764 3973 2854 4030 ap.
2884 3957 3058 4026 Enss,
3090 3973 3145 4029 p.
3176 3957 3278 4026 75,
3314 3962 3370 4012 et
3400 3956 3668 4026 Srmm,
3704 3953 3886 4012 Gcsch.

1062 4069 1176 4110 von
1214 4053 1511 4123 Wirtemb„
1537 4058 1578 4109 t.
1607 4054 1659 4121 1,
1686 4071 1743 4127 p.
1775 4056 1900 4110 455.
1931 4054 2040 4109 Cur
2068 4060 2270 4123 autem,
2299 4059 2362 4109 ut
2395 4060 2578 4110 monet
2602 4054 2960 4124 Boehmerus‚
2987 4068 3179 4110 nomeu
3207 4053 3388 4127 potius
3415 4069 3524 4111 non
3556 4051 3889 4108 referendum

1060 4156 1209 4207 esset
1233 4151 1300 4207 ad
1336 4149 1726 4223 Giinzelhofen‚
1752 4150 1892 4206 iuter
1925 4150 2208 4223 Augsburg
2234 4156 2289 4208 et
2317 4150 2854 4220 Fiirsteut'eldbriick,
2883 4151 2940 4206 in
2965 4151 3132 4207 veteri
3165 4152 3252 4207 via
3287 4165 3479 4207 versus
3513 4146 3886 4207 Monachium?

1136 4247 1208 4319 (l)
1249 4247 1402 4304 Anno
1430 4250 1568 4305 ⁴233
1598 4247 1868 4303 Amedous
1893 4247 2191 4304 Sabaudiae
2217 4262 2400 4304 comes
2422 4248 2559 4321 patri
2587 4263 2685 4304 suo
2708 4247 2990 4303 Thomasio
3018 4253 3371 4304 successerat.

1139 4343 1211 4415 (2)
1249 4344 1619 4400 verisimiliter
1653 4344 1708 4399 in
1745 4343 1894 4400 curia
1923 4343 2067 4417 apud
2105 4344 2412 4415 Hagenowe
2450 4359 2635 4400 mense
2676 4342 2947 4399 decembri
2981 4346 3118 4400 1235
3150 4343 3444 4412 celebrata,
3477 4341 3561 4398 cui
3589 4340 3740 4397 affuit
3768 4354 3891 4396 cum

1060 4437 1243 4494 multis
1267 4440 1417 4511 regui
1447 4441 1773 4497 Arelatensis
1798 4439 2068 4496 nobilibus
2098 4455 2278 4496 comes
2299 4440 2608 4497 Provinciae
2624 4483 2637 4509 ,
2664 4440 2755 4513 qui
2784 4440 2994 4496 comitis
3021 4439 3318 4496 Sabaudiae
3347 4444 3403 4494 et
3429 4438 3598 4510 ipsius
3624 4434 3891 4493 Valentini

1059 4534 1214 4591 electi
1242 4536 1409 4592 sorori
1436 4542 1709 4607 nupserat.
1731 4537 1917 4592 Filiam
1944 4551 2156 4609 quoque
2183 4537 2422 4608 ejusdem
2450 4537 2661 4594 comitis
2694 4537 3001 4594 Provinciae
3022 4537 3351 4606 Alienorum,
3384 4534 3496 4606 regi
3518 4533 3738 4606 Angliae
3764 4531 3885 4587 des-

1054 4637 1357 4703 ponsatam,
1371 4631 1477 4689 hoc
1499 4648 1641 4690 anno
1664 4636 1805 4690 ⁴236
1827 4633 2043 4691 ineunte
2067 4633 2384 4690 Guillelmus
2412 4633 2726 4691 Valentinus
2749 4632 2954 4690 electus
2980 4633 3036 4689 in
3058 4632 3299 4705 Angliam
3325 4630 3596 4689 conduxit.
3638 4712 3642 4715 .
