4500 5956
737 627 928 684 laniet
962 621 1046 705 8.]
1638 622 2035 682 HISTORIA
2086 619 2670 679 D1PLOMAT1CA.
3440 618 3550 679 741

737 767 971 830 contra
1011 769 1545 851 transgressores
1576 778 1923 829 sacrarum
1979 755 2541 828 constitutionum
2586 752 2809 843 edita,
2851 762 3055 847 prout
3100 752 3352 825 violate
3391 774 3554 827 ma·

727 880 997 971 jestatis
1029 880 1245 953 decus
1278 891 1348 953 et
1383 880 1676 953 facilitas
1712 881 1933 973 exigit
1957 877 2442 973 delinquentis.

831 1007 904 1076 l.
957 1007 1055 1076 De
1090 1005 1541 1076 ecclesiasticis
1580 1005 1912 1075 sententiis
1963 1005 2038 1073 in
2077 1003 2300 1073 causis
2343 1000 2801 1094 spiritualibus
2840 1000 3275 1071 observandis.
3306 999 3553 1073 Liber-

737 1136 908 1199 tates
947 1128 1394 1200 ecclesiarum
1446 1138 1515 1200 et
1553 1129 1711 1219 jura
1763 1138 1953 1198 tanto
1993 1126 2344 1200 liberalius
2375 1136 2607 1197 nostra
2659 1124 2861 1196 debet
2912 1126 3144 1197 fovere
3190 1126 3548 1196 clementia

734 1260 992 1342 quanto
1020 1251 1342 1323 devotius
1378 1251 1578 1322 nobis
1609 1251 1700 1322 ab
1730 1250 1990 1322 eisdem
2036 1259 2105 1322 et
2156 1271 2395 1322 earum
2437 1249 2816 1320 rectoribus
2857 1248 2925 1319 in
2972 1248 3445 1342 spiritualibus
3480 1258 3548 1321 et

738 1374 1227 1469 temporalibus
1262 1375 1640 1446 servicium
1689 1375 2080 1446 exhibetur.
2146 1374 2526 1445 Statuimus
2562 1372 2773 1465 igitur
2816 1370 3099 1443 firmiter
3127 1382 3196 1444 et
3245 1373 3550 1446 districte

739 1497 1150 1591 precipimus
1186 1509 1265 1569 ut
1310 1499 1382 1569 in
1422 1498 1858 1586 civitatibus,
1899 1496 2162 1591 opidis,
2207 1498 2392 1568 villis
2427 1505 2496 1568 et
2546 1495 2871 1567 omnibus
2909 1496 3076 1567 locis
3122 1496 3297 1567 sacri
3335 1496 3547 1568 nostri

736 1620 1040 1713 imperii,
1075 1621 1553 1716 episcoporum
1596 1632 1665 1692 et
1695 1620 2338 1694 archidiaconorum
2369 1617 2829 1710 jurisdictioni
2872 1619 3104 1691 nullus
3140 1619 3391 1711 injuste
3419 1643 3547 1693 re-

735 1742 956 1831 sistat,
990 1745 1117 1817 sed
1153 1766 1391 1818 eorum
1444 1746 1910 1819 ordinationes
1956 1754 2027 1816 et
2064 1746 2255 1836 juste
2294 1744 2630 1816 sententie
2685 1743 2756 1813 in
2802 1743 3029 1814 causis
3072 1744 3549 1818 ecclesiasticis

734 1866 1203 1940 observentur.

829 1991 897 2062 2.
957 1994 1053 2062 Dc
1076 1993 1408 2063 advocatis
1439 1992 1880 2064 ecclesiarum.
1926 1990 2308 2063 Statuimus
2343 1991 2625 2086 insuper
2657 2002 2724 2062 et
2762 1991 3065 2065 districte
3103 1993 3432 2086 jubemus
3473 2006 3548 2068 ut

734 2137 967 2188 omnes
990 2117 1433 2190 ecclesiarum
1483 2117 1803 2190 advocati
1849 2115 2141 2189 fideliter
2179 2137 2300 2188 eas
2344 2137 2471 2209 pro
2518 2114 2787 2188 viribus
2817 2126 2887 2187 et
2910 2139 3109 2211 posse
3138 2140 3265 2190 suo
3302 2120 3547 2191 defen-

734 2240 928 2327 dant,
985 2243 1164 2315 sicut
1199 2244 1510 2315 divinam
1549 2242 1836 2336 gratiam
1865 2252 1934 2313 et
1967 2252 2275 2313 nostrum
2305 2240 2606 2332 diligunt
2641 2241 2968 2313 savorem.
3008 2243 3084 2313 In
3118 2243 3317 2315 bonis
3338 2244 3544 2315 etiam

731 2365 1240 2438 advocatiarum
1278 2389 1562 2439 suarum
1601 2368 1694 2438 ita
1727 2388 1802 2438 se
1836 2365 2283 2438 rationabiles
2318 2375 2386 2436 et
2418 2365 2764 2437 modestos
2793 2366 3166 2438 exhibeant
3195 2379 3271 2439 ut
3292 2368 3383 2439 ad
3422 2390 3544 2440 nos

733 2489 815 2560 de
851 2490 1019 2583 ipsis
1052 2490 1284 2583 gravis
1311 2490 1590 2583 querela
1621 2511 1759 2561 non
1796 2489 2069 2578 veniat3
2110 2488 2444 2582 alioquin,
2476 2487 2568 2560 ad
2602 2490 3134 2564 satisfactionem
3172 2493 3540 2584 querelan-

730 2613 897 2684 tium
952 2613 1043 2684 de
1093 2614 1263 2707 ipsis
1314 2634 1668 2686 sumemus
1717 2622 1797 2684 ut
1835 2623 1939 2685 est
1970 2614 2239 2705 justum
2294 2611 2598 2684 debitam
2655 2613 3003 2685 ultionem.
3052 2614 3358 2686 Preterea
3405 2616 3539 2687 sub

727 2738 1002 2809 obtentu
1042 2738 1262 2830 gratie
1297 2747 1525 2815 nostre
1560 2747 1629 2811 et
1661 2738 1928 2834 imperii
1963 2737 2245 2809 firmiter
2268 2738 2661 2809 inhibemus
2690 2759 2777 2808 ne
2801 2738 2963 2832 quis
2990 2748 3266 2833 propter
3280 2761 3542 2833 quam-

728 2882 1023 2956 cumque
1076 2862 1391 2957 culpam,
1432 2861 1744 2935 debitum
1792 2863 1903 2934 vel
1948 2883 2264 2956 guerram
2310 2861 2833 2949 advocatorum,
2883 2861 3062 2932 bona
3097 2862 3539 2935 ecclesiarum

727 2984 1006 3058 invadat
1043 2987 1155 3059 vel
1184 2986 1501 3080 pignoret
1540 2987 1647 3059 vel
1676 2985 2017 3059 incendiis
2049 2985 2490 3080 dampnificet
2518 2994 2640 3057 aut
2666 2985 2948 3080 rapinis.
2971 2985 3172 3069 Quod
3194 2986 3253 3058 si
3273 2988 3533 3080 fecerit,

725 3110 1078 3182 convictus
1113 3111 1420 3204 legitime
1454 3132 1682 3183 coram
1703 3132 1831 3183 suo
1854 3110 2121 3201 judice,
2165 3110 2651 3204 proscribatur,
2688 3130 2814 3181 nec
2840 3110 3242 3204 proscriptio
3275 3112 3539 3184 relaxe-

725 3243 830 3305 tur
863 3234 1001 3305 nisi
1038 3233 1320 3327 triplum
1357 3233 1641 3327 dampni
1688 3235 2120 3330 persolvatur
2167 3234 2375 3324 illati,
2435 3232 2725 3328 duplum
2770 3233 3059 3306 ecclesie
3110 3235 3313 3326 cujus
3357 3236 3539 3308 bona

723 3366 880 3428 sunt
914 3366 985 3429 et
1019 3357 1346 3451 simplum
1382 3356 1747 3431 advocato.

814 3483 886 3553 3.
943 3483 1040 3551 De
1080 3483 1347 3574 treuqis.
1402 3482 1650 3577 Sepius
1711 3481 1962 3555 accidit
2009 3491 2088 3554 ut
2141 3481 2502 3576 presertim
2552 3479 2726 3553 inter
2778 3482 3109 3555 militares
3156 3483 3342 3558 viros
3386 3493 3536 3557 orta

722 3606 1061 3679 contentio
1088 3615 1486 3698 treugarum
1517 3607 2030 3701 interpositione
2056 3628 2181 3701 per
2206 3604 2648 3698 obligationis
2673 3606 3033 3678 vinculum
3066 3610 3527 3701 conquiescat.

719 3730 890 3816 Quia
917 3729 1110 3823 quod
1138 3752 1232 3801 ex
1265 3730 1589 3802 humanis
1608 3731 1954 3802 erroribus
1977 3751 2102 3824 per
2130 3739 2472 3802 momenta
2491 3729 2937 3817 subtrahitur,
2966 3731 3095 3803 nisi
3119 3733 3334 3804 nexui
3359 3754 3535 3826 pene

717 3855 1069 3946 subjaceat
1117 3855 1189 3926 in
1240 3854 1613 3949 perniciem
1666 3855 2021 3947 pristinam
2074 3852 2455 3944 recidivat,
2509 3852 2789 3925 firmiter
2836 3855 3048 3947 igitur
3099 3864 3171 3925 et
3224 3854 3533 3927 districte

718 3977 1132 4072 precipimus
1182 3987 1257 4049 ut
1302 3979 1362 4049 si
1412 3978 1473 4050 is
1508 3978 1580 4049 in
1606 3999 1750 4070 quo
1787 3988 2026 4069 treuge
2065 3978 2316 4049 violate
2350 3987 2545 4065 sunt,
2590 3998 2747 4048 cum
2776 3998 2858 4047 eo
2902 3978 2971 4047 in
3009 3978 3210 4067 cujus
3250 3999 3530 4050 manum

716 4101 1045 4195 promisse
1079 4101 1357 4173 fuerunt
1382 4110 1452 4172 et
1486 4099 1765 4172 duobus
1798 4099 1954 4171 aliis
1986 4098 2439 4193 synodalibus
2467 4098 2635 4169 viris
2666 4099 2914 4191 integri
2948 4109 3166 4171 status
3197 4100 3287 4172 de
3317 4101 3529 4173 viola-

717 4225 895 4297 tione
950 4235 1349 4317 treugarum
1390 4244 1621 4295 coram
1667 4222 1911 4315 judice
1956 4243 2086 4293 suo
2127 4243 2250 4317 per
2294 4232 2718 4294 sacramenta
2773 4221 3196 4316 probaverit,
3239 4224 3533 4298 violator

714 4348 1176 4442 proscribatur
1226 4368 1356 4420 nec
1412 4367 1719 4440 unquam
1762 4347 2161 4418 absolvatur
2201 4367 2244 4418 a
2296 4345 2783 4441 proscriptione
2831 4355 3057 4441 preter
3110 4349 3530 4423 voluntatem

712 4471 956 4544 actoris
986 4471 1097 4543 vel
1131 4491 1414 4543 manum
1456 4469 1725 4564 perdat.
1760 4469 1834 4540 Si
1869 4490 2037 4541 vere
2075 4468 2136 4540 is
2170 4470 2242 4539 in
2278 4471 2481 4560 cujus
2522 4485 2802 4541 manum
2843 4480 3078 4560 treuge
3119 4470 3279 4543 date
3313 4483 3474 4544 sunt
3499 4526 3520 4566 ,

715 4595 1007 4666 noluerit
1054 4594 1327 4665 veritati
1380 4593 1845 4666 testimonium
1885 4592 2278 4688 perhibere,
2321 4603 2605 4687 cogatur
2638 4616 2679 4664 a
2722 4595 2996 4685 judice,
3040 4595 3172 4666 nisi
3224 4594 3526 4672 declaret

713 4740 901 4793 suam
933 4718 1395 4812 ignorantiam
1422 4726 1894 4803 sacramento;
1950 4716 2257 4810 alioquin
2290 4718 2647 4792 convictus
2680 4742 2960 4792 manum
2995 4721 3286 4793 amittat.
3321 4720 3525 4805 Quod
