4500 5956
686 598 879 659 humer.
911 596 1004 672 9.]
1592 591 1988 655 HISTORIA
2039 586 2623 651 Dll'LouA'rch.
3402 592 3525 657 829

780 729 1227 803 Sanctissimo
1281 729 1355 801 in
1395 727 1665 801 Christo
1717 727 1891 823 patri
1927 726 2290 819 Gregorio,
2331 723 2456 797 Dei
2501 721 2720 817 gratia
2771 731 3007 797 sancte
3048 724 3355 799 Romane
3399 727 3526 800 Ec·

690 855 894 928 clesie
925 874 1201 927 summo
1241 851 1592 948 pontifici,
1629 850 2047 942 Fridericus,
2089 848 2331 924 eadem
2382 846 2606 942 gratia
2640 848 3106 922 Romanorum
3155 851 3528 947 imperator

692 996 960 1072 semper
1009 983 1390 1070 augustus,
1430 975 1856 1049 Hierusalem
1892 983 1961 1047 et
1995 973 2225 1046 Sicilie
2281 993 2405 1045 rex
2426 1024 2447 1062 ,
2486 974 2778 1044 salutem
2831 981 2902 1045 et
2951 975 3405 1048 reverentiam
3446 974 3524 1048 fi-

692 1101 944 1174 lialem.
982 1099 1311 1173 Preterita
1346 1107 1577 1172 nostre
1622 1097 2033 1172 sinceritatis
2078 1096 2415 1191 obsequia
2450 1117 2587 1191 que
2614 1098 2761 1189 jam
2812 1118 2853 1168 a
2905 1097 3237 1171 memoria
3292 1106 3522 1172 nostra

697 1222 1099 1297 deciderant
1150 1220 1321 1296 dum
1371 1220 1463 1296 ad
1496 1223 1728 1294 futura
1774 1220 2180 1317 propensius
2211 1219 2642 1316 aspiramus,
2690 1239 2774 1290 ac
2825 1240 3001 1314 pura
3036 1229 3262 1293 vestre
3299 1232 3522 1317 pater·

688 1346 923 1419 nitatis
954 1345 1221 1420 affectio
1251 1369 1463 1442 quam
1499 1344 1589 1420 de
1622 1345 1877 1446 scrinio
1908 1344 2123 1417 nostri
2156 1344 2450 1438 pectoris
2481 1341 2817 1416 abradere
2860 1343 3131 1417 dierum
3162 1365 3351 1419 serra
3376 1367 3520 1419 non

688 1472 975 1565 poterit,
1022 1469 1195 1545 dum
1243 1470 1618 1545 constantis
1667 1491 1864 1567 spem
1901 1467 2124 1564 gratie
2162 1467 2553 1565 repromisit
2591 1468 2773 1542 votis
2803 1469 3093 1561 nostris,
3143 1478 3346 1543 acuta
3379 1472 3517 1543 cal·-

690 1595 872 1669 caria
915 1595 1343 1692 prebuerunt
1394 1603 1469 1667 ut
1517 1595 1859 1669 voluntati
1896 1602 2123 1668 vestre
2151 1614 2277 1688 per
2306 1591 2538 1665 omnia
2569 1613 2707 1686 que
2737 1591 3069 1666 honorem
3101 1593 3406 1668 Ecclesie
3448 1606 3518 1668 et

689 1717 962 1814 imperii
998 1727 1184 1792 recta
1221 1720 1441 1791 fronte
1488 1718 1950 1815 prospiciunt,
2000 1716 2199 1788 hilari
2250 1726 2484 1789 mente
2543 1735 2902 1788 occurrere
2961 1715 3363 1790 debeamus.
3405 1717 3515 1791 Ad

684 1839 859 1914 illud
896 1841 1321 1936 impossibile
1348 1852 1604 1933 tamen,
1639 1841 2245 1936 providentissime
2275 1848 2490 1934 pater,
2527 1860 2654 1912 nec
2685 1840 2990 1933 obligare
3026 1861 3154 1913 nos
3190 1843 3516 1915 volumus

685 1985 813 2038 nec
830 1985 1217 2060 pooeemus,
1254 1964 1444 2059 quod
1468 1987 1592 2060 per
1621 1965 1897 2038 sinistre
1928 1985 2066 2037 non
2097 1964 2539 2059 suspicionis,
2567 1963 2693 2037 sed
2722 1964 3069 2038 relationis
3093 1966 3516 2038 absinthium

684 2086 1044 2163 amaricari
1085 2088 1177 2162 de
1215 2088 1415 2161 vobis
1451 2097 1763 2162 nostrum
1808 2109 1948 2161 non
1992 2088 2470 2183 permittamus
2519 2087 2832 2161 auditum
2850 2141 2871 2179 ,
2912 2089 3237 2162 venenari
3286 2099 3511 2162 tamen

683 2212 873 2286 nullo
917 2212 1127 2286 modo
1173 2214 1288 2285 vel
1327 2222 1636 2310 tempore
1678 2213 2156 2310 permittemus
2207 2211 2558 2285 eumdem.
2597 2212 2748 2284 Non
2801 2212 3159 2284 amaricari
3216 2234 3516 2308 namque

683 2354 821 2406 non
865 2344 1090 2429 potest
1142 2334 1572 2408 devotissimi
1626 2333 1750 2408 filii
1788 2335 2097 2408 sincerus
2134 2333 2453 2426 auditus,
2509 2355 2717 2429 quem
2770 2334 2913 2409 fere
2963 2335 3189 2408 omnis
3242 2337 3513 2429 generis

681 2456 1042 2532 hominum
1074 2458 1348 2532 sinistra
1398 2457 1781 2533 dicentium
1818 2459 2022 2532 turba
2067 2458 2454 2532 conturbat.
2498 2458 2641 2531 Nec
2677 2466 2904 2531 tamen
2944 2459 3403 2532 amaricamur
3437 2460 3510 2531 in

685 2581 883 2655 vobis
934 2580 1023 2655 de
1073 2604 1217 2678 quo
1269 2584 1443 2657 falsa
1487 2581 1936 2677 confingunt,
1976 2581 2104 2655 sed
2128 2580 2583 2655 amaricamur
2636 2582 2707 2653 in
2760 2582 2928 2677 ipsis
2981 2582 3104 2677 qui
3160 2583 3329 2655 falsa
3384 2604 3511 2655 nos

686 2707 967 2780 credere
998 2706 1423 2797 moliuntur;
1463 2704 1643 2781 adeo
1669 2716 1748 2779 ut
1777 2707 1914 2780 nisi
1946 2705 2166 2779 multa
2198 2707 2381 2779 bone
2408 2705 2823 2778 conscientie
2857 2706 3160 2799 gravitas
3187 2728 3395 2800 quam
3417 2705 3508 2781 de

679 2829 884 2902 vobis
918 2828 1157 2903 haberi
1193 2830 1372 2904 Petri
1408 2839 1601 2927 petra
1636 2831 2016 2927 compellit,
2049 2852 2092 2903 a
2131 2829 2410 2903 levitate
2447 2826 2885 2900 mendacium
2920 2838 3259 2901 averteret
3302 2852 3507 2904 aures

679 2962 750 3025 et
784 2952 1094 3028 animum
1132 2954 1511 3048 audientis,
1546 2957 1729 3030 fame
1764 2955 2049 3029 scientia
2075 2952 2480 3047 deserviret,
2520 2951 2657 3024 nisi
2691 2951 2883 3047 quod
2913 2950 3103 3049 apud
3142 2974 3265 3026 nos
3294 2952 3505 3027 unius

679 3079 1059 3152 constantie
1124 3079 1345 3153 virtus
1401 3080 1772 3153 multorum
1841 3078 2278 3152 mendacium
2343 3098 2635 3151 numero
2685 3098 2825 3149 non
2886 3078 3300 3150 succumbit.
3366 3078 3507 3152 Vos

680 3211 938 3292 tamen,
977 3224 1022 3275 o
1058 3212 1277 3297 pater,
1317 3204 1389 3276 in
1423 3204 1598 3295 istis,
1652 3203 1713 3275 si
1754 3201 1985 3277 dicere
2033 3203 2262 3293 liceat,
2304 3199 2513 3275 valde
2563 3202 2939 3275 lentissima
2987 3202 3191 3275 nobis
3244 3202 3506 3276 affertis

680 3325 944 3397 auxilia
979 3348 1103 3421 per
1152 3328 1589 3422 exemplum,
1634 3326 1803 3400 dum
1853 3347 1948 3399 ex
1991 3326 2568 3422 improbabilibus
2612 3336 3020 3422 argumenta
3063 3327 3401 3419 conjicitis
3438 3336 3507 3401 et

680 3444 772 3518 ad
823 3458 1049 3522 certas
1099 3449 1430 3524 reducitis
1481 3450 1933 3542 conjecturas.
1991 3449 2104 3523 Sic
2139 3451 2395 3523 etenim
2427 3473 2565 3545 que
2611 3473 2733 3546 per
2767 3451 3093 3525 officiales
3143 3462 3212 3524 et
3266 3450 3505 3526 fideles

680 3581 947 3646 nostros
980 3573 1053 3646 in
1105 3595 1323 3668 regno
1371 3574 1601 3647 Sicilie
1637 3575 1840 3648 nobis
1875 3574 2280 3648 absentibus
2329 3585 2633 3671 aguntur
2680 3574 3031 3648 interdum
3056 3630 3076 3664 ,
3132 3574 3224 3647 ad
3274 3587 3502 3649 notam

680 3697 899 3768 nostri
942 3696 1239 3771 nominis
1274 3699 1650 3790 revocatis,
1701 3721 1785 3772 ac
1818 3699 1879 3772 si
1923 3699 1995 3769 in
2045 3721 2336 3794 regnum
2382 3721 2425 3772 a
2458 3699 2840 3779 Theutonia
2881 3700 3098 3772 oculis
3135 3701 3392 3794 lynceis
3436 3710 3506 3772 et

676 3841 853 3895 voce
904 3822 1187 3896 tonitrui
1231 3824 1415 3897 clare
1458 3823 1848 3919 prospicere
1878 3845 2239 3919 possemus
2291 3832 2360 3896 et
2392 3823 2726 3919 prospici,
2774 3823 3020 3895 audire
3062 3823 3403 3895 subtiliter
3436 3832 3506 3896 et

679 3943 935 4018 audiri.
982 3946 1096 4018 Sic
1131 3968 1271 4040 que
1298 3947 1499 4020 vobis
1528 3947 1770 4042 lingua
1806 3946 2149 4019 mendacii
2182 3947 2491 4040 suggerit
2525 3944 2996 4019 indubitanter
3042 3947 3378 4038 asseritis,
3420 3969 3505 4019 ac

677 4065 737 4137 si
776 4078 1217 4143 monstrasset
1251 4069 1381 4144 hec
1431 4072 1679 4144 oculus
1713 4070 2043 4159 veritatiS,
2085 4068 2412 4143 viduatas
2445 4069 2865 4162 privilegiis,
2904 4068 3262 4142 destitutas
3305 4070 3506 4143 bonis

677 4192 1033 4285 ecclesias,
1070 4215 1397 4289 personas
1431 4194 1933 4268 ecclesiasticas
1966 4194 2373 4288 captivatas,
2415 4193 2626 4266 vetito
2662 4193 2810 4265 foro
2842 4195 3259 4289 compulsaS,
3303 4197 3509 4269 talliis

677 4326 746 4388 et
814 4319 1295 4393 exactionibus
1341 4319 1657 4393 subditas
1707 4319 2120 4412 denotastis,
2183 4329 2254 4392 et
2301 4340 2442 4413 quo
2488 4319 2934 4392 vulneramur
2988 4320 3340 4413 acerbius,
3385 4344 3529 4396 ec·

680 4438 921 4513 clesias
981 4439 1237 4516 viduas
1312 4442 1724 4517 adulterinis
1787 4444 2227 4540 amplexibus
2280 4465 2408 4539 per
2471 4463 2597 4516 nos
2647 4443 3003 4538 illaqueari
3076 4446 3462 4539 compulsas
3486 4500 3507 4538 ,

678 4564 1079 4638 earumdem
1153 4567 1583 4640 ruinosarum
1647 4567 1901 4641 rudera
1969 4568 2060 4642 ad
2100 4566 2391 4665 profana
2434 4568 2581 4642 loca
2642 4589 2975 4642 conversa
3030 4568 3416 4642 describitis
3447 4580 3517 4643 et

681 4706 926 4778 pacem
965 4689 1142 4762 inter
1179 4690 1552 4764 Ecclesiam
1583 4701 1651 4764 et
1681 4693 2049 4787 imperium
2081 4692 2322 4765 initam
2358 4692 2709 4765 violatam.
2760 4693 2903 4766 Hec
2940 4692 3414 4765 universaliter
3453 4702 3523 4767 et
