4500 5956
721 644 923 704 lxmcr.
953 636 1042 723 5.]
1630 636 2024 699 HISTORIA
2073 632 2658 697 umMA'rch.
3424 625 3541 685 557

1202 902 2235 914 —-—————-·-—-----—..0---.—.....-.-...-..-.........v
2250 902 2298 908 --,
2317 900 2460 908 -—-

828 1159 1239 1266 Henricus,
1278 1158 1797 1242 Romanorum
1837 1183 1970 1239 rex
1985 1218 2009 1263 ,
2052 1159 2150 1240 ad
2204 1156 2828 1266 supplicationem
2875 1151 3310 1235 Theoderici
3347 1151 3548 1233 Tre-
3642 1156 3836 1251 “Agma
3892 1240 3906 1262 ‚

726 1292 1058 1374 verensis
1098 1291 1668 1401 archiepiscopi,
1708 1292 2168 1374 monasterio
2188 1292 2285 1373 de
2319 1289 2829 1371 Hemmenrod
2863 1288 2944 1368 in
2965 1284 3257 1368 Eiffalia
3294 1284 3550 1366 eccle-
3622 1265 3651 1305 ⁶
3671 1274 3728 1306 ¹²⁰

727 1424 917 1506 siam
956 1425 1163 1532 apud
1216 1424 1515 1532 Altripp
1566 1423 1860 1505 confert
1911 1449 2088 1505 cum
2144 1422 2504 1506 omnibus
2554 1419 3024 1530 pertinentiis
3066 1418 3233 1527 ejus
3277 1428 3350 1498 et
3377 1416 3551 1525 jure

727 1566 1201 1663 patronatus·

887 1771 1224 1849 (Memorat.
1255 1788 1353 1849 ap.
1380 1771 1672 1832 Bonma
1690 1815 1711 1849 ,
1731 1771 1958 1852 Reque.
1982 1771 2215 1849 imper„
2247 1787 2305 1847 p.
2338 1778 2479 1843 28⁹,
2498 1779 2566 1830 n⁰
2591 1778 2730 1843 250,
2754 1786 2832 1830 ex
2855 1768 3212 1829 chartulario
3232 1768 3547 1829 Hammeu-

1003 1877 1130 1936 rod.
1163 1877 1344 1937 seculi
1371 1877 1511 1939 XIV
1533 1893 1632 1953 ap.
1665 1879 2002 1951 Treverim,
2040 1882 2087 1937 t.
2120 1877 2243 1950 m,
2272 1875 2375 1935 fol.
2412 1878 2538 1948 50.)

826 2065 1073 2135 Datum
1099 2062 1290 2156 apud
1319 2062 1739 2156 Augustam,
1774 2084 1957 2134 anno
1994 2060 2340 2135 dominice
2369 2058 2860 2132 incarnationis
2892 2058 3313 2148 MCCXXXI,
3355 2061 3552 2131 nonis

732 2188 1156 2276 novembri5‚
1200 2185 1579 2259 indictione
1614 2186 1880 2281 quinta.

835 2750 1201 2835 Henricus
1228 2813 1250 2856 ‚
1292 2752 1813 2838 Romanorum
1851 2781 1985 2837 rex
2010 2816 2033 2861 ‚
2075 2755 2432 2838 ecclesiae
2469 2752 2930 2864 Augustensi
2966 2754 3440 2863 recognoscit
3482 2764 3556 2836 et
3602 2755 3956 2855 ggussofflgffl:

735 2883 1126 2967 confirmat
1178 2887 1657 2969 medietatem
1722 2888 2234 2997 precariarum
2294 2913 2426 2969 seu
2480 2882 3003 2990 collectarum,
3048 2912 3242 2996 quas
3296 2886 3457 2996 ipse
3511 2915 3556 2969 a

736 3015 1017 3100 civibus
1053 3019 1668 3128 Augustensibus
1703 3021 2058 3130 deinceps
2095 3021 2396 3103 duxerit
2430 3021 2867 3129 exigendae.

892 3231 1072 3311 (Edit.
1103 3251 1198 3311 ap.
1229 3236 1497 3297 Menum.
1521 3236 1705 3309 Boio„
1745 3241 1893 3296 tom.
1931 3235 2133 3309 XXX,
2165 3252 2301 3311 pars
2333 3244 2412 3308 1⁸,
2458 3252 2518 3311 p.
2559 3244 2696 3310 180,
2730 3246 2796 3296 n⁰
2820 3246 2962 3313 702,
2993 3253 3071 3297 ex
3097 3238 3370 3316 originali
3396 3240 3554 3301 unde

971 3341 1228 3418 sigillum
1257 3342 1433 3403 valde
1460 3340 1684 3403 laesum
1712 3342 2007 3418 appendet
2032 3358 2107 3401 ex
2134 3341 2252 3401 filis
2280 3343 2480 3401 sericis
2506 3341 2668 3401 rubri
2697 3350 2757 3402 et
2789 3343 3046 3403 subflavi
3073 3344 3304 3403 coloris.
3334 3345 3554 3405 Memo-

964 3454 1161 3508 ratum
1203 3454 1401 3510 autem
1445 3454 1508 3509 et
1552 3451 1883 3528 germanice
1927 3454 2258 3509 extractum
2297 3465 2333 3508 a
2375 3449 2563 3510 Puc.
2587 3448 2803 3509 Bnamv
2819 3495 2836 3528 ,
2867 3447 3059 3509 Gesch.
3091 3447 3195 3508 der
3225 3448 3412 3510 Bis'ch.
3445 3468 3556 3510 von

966 3551 1211 3635 Auqsb„
1241 3553 1337 3633 11,
1368 3552 1536 3632 245.)

831 3740 1189 3813 Heinricus
1214 3740 1553 3837 septimus
1578 3741 1821 3815 divina
1856 3743 2129 3814 favente
2161 3742 2519 3814 clementia
2555 3741 3015 3814 Romanorum
3044 3763 3166 3814 rex
3196 3752 3266 3814 et
3288 3766 3561 3839 semper

736 3874 1108 3958 augustuS,
1152 3865 1498 3937 universis
1521 3866 1593 3938 in
1634 3876 2070 3961 perpetuum.
2106 3867 2194 3938 Ut
2229 3867 2299 3937 in
2332 3867 2581 3970 nostris
2617 3866 3036 3961 temporibus
3055 3867 3557 3959 recognitiones

732 4010 774 4058 a
817 3989 1016 4060 nobis
1051 3990 1259 4077 facte,
1298 3988 1490 4061 fideli
1543 3998 1611 4061 et
1645 3990 1968 4084 prudenti
2005 3990 2288 4062 consilio
2320 3990 2720 4078 deliberate,
2754 3999 2935 4060 certa
2975 3990 3279 4082 quadam
3316 3992 3554 4063 notitia

729 4122 1200 4206 propagentur
1233 4113 1303 4183 in
1339 4122 1683 4207 posteroS,
1727 4135 1814 4186 ne
1842 4135 2167 4208 processu
2205 4112 2529 4208 temporis
2555 4134 2675 4207 per
2701 4121 3012 4185 exortam
3040 4113 3409 4186 oblivionis
3445 4138 3558 4187 ca-

730 4236 1012 4331 liginem
1042 4249 1491 4324 evanescant,
1535 4238 1916 4310 litterarum
1951 4238 2444 4311 consuevimus
2493 4236 2771 4308 indiciis
2816 4238 3134 4310 eternari.
3178 4240 3563 4313 Meminerit

732 4360 942 4453 igitur
972 4381 1258 4455 presens
1291 4369 1438 4433 etas
1461 4370 1531 4434 et
1564 4369 1933 4455 cognoscat
1962 4362 2196 4434 futura
2229 4360 2590 4457 posteritas
2620 4361 2812 4454 quod
2845 4383 2971 4435 nos
3005 4363 3562 4456 recognoscimus

734 4484 1019 4555 ecclesie
1051 4484 1472 4578 Augustensi
1516 4484 1954 4558 medietatem
1991 4486 2454 4580 precariarum
2484 4507 2606 4557 seu
2640 4486 3077 4558 collectarum
3107 4508 3283 4579 quas
3311 4510 3350 4559 a
3381 4487 3562 4559 civi-

736 4605 872 4675 bus
906 4606 1463 4700 Augustensibue
1495 4606 1826 4703 deinceps
1861 4607 2275 4681 duxerimus
2314 4607 2741 4702 exigenda33
2801 4609 3111 4681 volentes
3145 4618 3224 4680 ut
3271 4607 3561 4682 dilectus

744 4728 1056 4825 princeps
1090 4740 1323 4804 noster
1354 4731 1592 4806 Siboto
1618 4730 2077 4827 Augustensis
2108 4731 2396 4806 ecclesie
2423 4731 2794 4829 episcopus
2829 4741 2897 4806 et
2941 4732 3235 4828 quilibet
3275 4755 3565 4807 succes-
