4500 5956
1129 545 1250 604 '170
2125 550 2548 612 Fulnssmcl
2598 551 2942 612 ssscumm
3566 548 3936 631 [Am1235.

1136 679 1444 768 incultis,
1489 674 1668 749 sicut
1694 701 1773 750 ea
1801 681 1985 772 juste
2013 690 2246 756 tenere
2276 696 2346 755 et
2382 686 2737 780 possidere
2767 693 3168 774 noscuntur,
3203 684 3304 756 eis
3337 683 3429 757 de
3458 694 3689 756 nostra
3724 681 3944 771 gratia

1138 800 1640 874 confirmantes.
1668 803 1914 875 Presen
1924 805 2091 875 tium
2117 805 2330 900 igitur
2353 818 2587 882 tenore
2610 809 3025 882 mandamus
3050 806 3334 879 firmiter
3366 806 3753 879 inhibentes
3776 826 3949 899 qua-

1139 933 1341 996 tenus
1376 926 1610 996 nullus
1652 925 1740 997 sit
1771 928 1893 1021 qui
1929 927 2183 1001 dictam
2220 930 2640 1004 abbatissam
2678 940 2748 1004 et
2782 940 3227 1020 conventum,
3266 928 3506 1002 fideles
3537 938 3828 1018 nostras,
3871 927 3947 997 in

1142 1049 1449 1142 personis
1484 1059 1553 1119 et
1584 1051 2070 1123 monasterium
2103 1051 2172 1122 in
2208 1054 2410 1127 bonis
2447 1055 2618 1147 suis,
2653 1056 2805 1129 looo
2840 1055 2964 1148 qui
2993 1053 3247 1127 dicitur
3281 1055 3512 1148 Trupa
3540 1062 3611 1125 et
3637 1053 3789 1125 loco
3823 1050 3950 1145 qui

1138 1172 1908 1247 diciturWallerbrocke
1927 1175 2287 1270 predictis,
2314 1178 2494 1250 sicut
2525 1179 2850 1274 superius
2880 1187 2986 1251 est
3006 1197 3441 1273 expressum,
3482 1184 3720 1249 contra
3740 1174 3952 1266 hujus

1142 1297 1578 1391 protectionis
1635 1307 1703 1370 et
1747 1297 2280 1372 confirmationis
2336 1310 2565 1373 nostre
2616 1311 2923 1375 tenorem
2971 1322 3148 1374 ausu
3197 1299 3562 1373 temerario
3604 1296 3954 1372 offendere

1141 1419 1446 1494 indebite
1480 1443 1603 1493 seu
1640 1423 1997 1495 molestare
2028 1433 2402 1517 presumat.
2444 1422 2651 1510 Quod
2691 1429 2815 1520 qui
2864 1423 3352 1521 presumpserit
3409 1421 3954 1514 indignationem

1144 1545 1461 1617 culminis
1493 1546 1709 1617 nostri
1762 1567 1838 1618 se
1888 1547 2159 1618 noverit
2194 1548 2659 1621 incursurum.
2698 1548 2811 1622 Ad
2870 1549 3086 1642 hujus
3142 1555 3373 1620 autem
3420 1545 3859 1642 protectionis
3888 1554 3958 1616 et

1144 1667 1678 1740 confirmationis
1709 1679 1936 1741 nostre
1961 1672 2360 1745 memoriam
2391 1682 2462 1743 et
2489 1673 2803 1745 stabilem
2836 1670 3226 1744 firmitatem
3246 1724 3266 1762 ,
3302 1691 3585 1766 presens
3624 1668 3959 1763 scriptum

1148 1790 1293 1863 fieri
1309 1792 1642 1883 jussimus
1669 1794 2042 1884 majestatis
2075 1805 2305 1867 nostre
2337 1794 2565 1889 sigillo
2583 1796 2951 1869 munitum.

1243 1916 1489 1986 Datum
1544 1914 1735 2009 apud
1776 1917 2236 2009 Hagenouve‚
2293 1939 2476 1991 anno
2515 1921 2734 2012 gratie
2762 1920 2859 1991 Μ.
2891 1918 3021 1991 CC.
3054 1918 3344 2006 XXXV,
3392 1937 3631 1989 mense
3664 1923 3957 2010 septem·

1144 2035 1311 2129 bris,
1344 2037 1717 2111 indictione
1747 2038 1865 2110 lx.

776 2651 1052 2759 „⁸322”
1255 2622 1724 2729 Fridericu5‚¹
1765 2621 2286 2705 Romanorum
2337 2623 2775 2732 imperator,
2830 2620 3184 2706 abbatem
3239 2622 3494 2706 Sancti
3546 2621 3959 2730 Trutperti,

785 2758 1040 2814 mmm.
1151 2766 1604 2841 conventum
1621 2815 1645 2862 ,
1686 2755 2235 2839 monasterium
2270 2766 2346 2838 et
2377 2756 2638 2839 omnia
2671 2756 2876 2840 bona
2926 2755 3093 2867 ejus
3147 2755 3295 2839 sub
3352 2780 3493 2839 sua
3543 2765 3620 2837 et
3670 2754 3966 2863 imperii

1152 2888 1608 2999 protectione
1642 2888 1929 2998 recipit.

1318 3099 1571 3178 (Inedit.
1600 3117 1674 3160 ex
1702 3100 2056 3161 chartulario
2084 3099 2146 3161 S.
2179 3099 2507 3177 Trutperti,
2537 3099 2643 3162 fol.
2674 3110 2775 3174 25,
2806 3101 2867 3161 in
2896 3097 3137 3161 archivo
3163 3097 3615 3177 Carlsrubensl.)

1257 3285 1695 3373 Fredericus,
1734 3287 1859 3357 Dei
1905 3287 2124 3375 gratia
2155 3287 2617 3358 Romanorum
2667 3286 3036 3381 imperator
3064 3306 3337 3379 semper
3385 3293 3764 3376 augustuS‚
3805 3282 3974 3355 flie-

1163 3405 1459 3480 rusalem
1511 3418 1583 3480 et
1626 3408 1854 3482 Sicilie
1905 3430 2058 3480 rex.
2106 3409 2237 3480 Per
2286 3430 2565 3504 presens
2616 3411 2947 3504 scriptum
2998 3419 3235 3482 notum
3284 3408 3574 3480 facimus
3634 3406 3974 3479 universis

1165 3530 1431 3626 imperii
1450 3529 1773 3603 fidelibus
1798 3541 1938 3604 tam
1966 3532 2403 3625 presentibus
2428 3553 2639 3626 quam
2674 3533 2951 3623 futuris,
2975 3532 3168 3627 quod
3198 3530 3614 3626 supplicavit
3629 3529 3973 3602 excellen-

1169 3656 1263 3729 tie
1290 3665 1521 3730 nostre
1542 3654 1959 3727 venerabilis
1982 3651 2252 3752 [abbas]
2279 3657 2508 3728 Sancti
2537 3657 2877 3751 Trutperti
2913 3655 3138 3728 fidelis
3162 3665 3392 3728 noster
3419 3664 3495 3725 ut
3517 3654 3748 3748 ipsum
3764 3707 3783 3742 ,
3817 3674 3977 3725 oon·

1168 3789 1489 3869 ventum,
1529 3777 2019 3851 monasterium
2042 3787 2112 3850 et
2138 3777 2372 3851 omnia
2400 3779 2584 3850 bona
2615 3801 2744 3852 sua
2773 3779 2906 3851 sub
2922 3789 3153 3851 nostra
3177 3788 3248 3850 et
3268 3777 3536 3872 imperii
3562 3777 3980 3870 protectione

1171 3904 1476 4001 recipere
1509 3903 1978 3996 dignaremur.
2018 3902 2160 3975 Nos
2187 3902 2399 3996 igitur
2421 3903 2542 3996 qui
2567 3902 2923 3997 religiosas
2949 3923 3276 3997 personas
3299 3912 3370 3973 et
3401 3902 3553 3972 loca
3591 3901 3733 3972 Deo
3760 3899 3984 3971 dicata

1180 4029 1391 4123 digno
1427 4029 1662 4100 favore
1688 4026 2194 4122 prosequimur,
2225 4029 2371 4098 suis
2412 4026 3033 4122 supplicationibus
3073 4026 3403 4120 inclinati,
3438 4024 3828 4120 predictum
3860 4021 3985 4093 ab-

1180 4154 1445 4244 bat-em,
1488 4161 1903 4225 conventum
1954 4160 2026 4222 et
2055 4150 2546 4224 monasterium
2597 4172 2680 4224 ac
2714 4151 2947 4225 omnia
3004 4151 3187 4223 bona
3229 4171 3358 4222 sna
3400 4169 3539 4242 que
3585 4148 3658 4219 in
3692 4147 3987 4244 presenti

1177 4278 1362 4369 juste
1388 4283 1623 4347 tenent
1650 4283 1720 4346 et
1753 4274 2108 4367 possident
2147 4282 2217 4347 et
2267 4275 2340 4346 in
2387 4283 2589 4347 antea
2626 4276 2816 4369 justo
2869 4274 3067 4348 titulo
3116 4281 3432 4369 poterunt
3468 4271 3806 4365 adipisci,
3857 4270 3990 4340 sub

1183 4410 1415 4472 nostra
1452 4408 1520 4471 et
1555 4399 1817 4493 imperii
1864 4400 2286 4493 protectione
2333 4401 2706 4495 recipimus
2753 4401 3077 4497 speciali3
3128 4398 3437 4473 fidelitati
3483 4406 3711 4469 vestre
3757 4395 3991 4490 preci-

1184 4518 1440 4614 piendo
1492 4516 1898 4592 mandantes
1921 4529 2267 4611 quatenus
2296 4520 2528 4593 nullus
2576 4521 2667 4593 sit
2699 4521 2821 4614 qui
2846 4519 3169 4595 eumdem
3208 4518 3529 4593 abbatem
3574 4526 3645 4587 et
3684 4512 3991 4609 predicta

1184 4642 1416 4718 omnia
1441 4651 1676 4714 contra
1717 4642 2052 4735 presentis
2091 4643 2530 4736 protectionis
2572 4655 2804 4718 nostre
2835 4654 3142 4718 tenorem
3180 4653 3436 4715 temere
3466 4637 3804 4735 impedire
3829 4656 3996 4731 pre-
