4500 5956
1056 575 1177 638 890
2054 570 2481 632 tammum
2524 569 2871 632 ssscmvm
3508 517 3666 648 [Ans.
3704 570 3873 632 1236.

1059 707 1342 780 studeas
1392 725 1717 779 exercere
1739 763 1759 795 ,
1814 704 2079 778 felicem
2144 704 2525 777 adventum
2580 713 2884 776 nostrum
2923 703 2996 774 in
3037 703 3357 797 proximo
3411 704 3872 799 prestolando

1160 833 1406 903 Datum
1445 826 1634 923 apud
1666 826 2084 923 Augustam,
2126 829 2221 901 XI
2253 829 2435 922 julii,
2470 827 2847 902 indictione
2875 827 3081 898 VIIII.

682 1424 952 1534 ,ugfflm
1162 1415 1220 1498 F
1222 1415 1619 1520 ridericuS,
1647 1414 2170 1497 Romanorum
2204 1414 2647 1523 imperator,
2675 1415 3023 1524 Philippo
3056 1414 3154 1497 de
3180 1414 3667 1524 Rychenberc
3698 1440 3875 1521 pro-

718 1533 773 1575 ¹³
792 1531 917 1586 '⁰¹¹¹'
1055 1547 1383 1630 curatori
1446 1546 1745 1628 comitis
1796 1546 2096 1628 Henrici
2149 1547 2247 1629 de
2299 1547 2586 1631 Werda
2629 1546 3094 1655 caeterisque
3129 1544 3517 1656 judicibus
3561 1546 3877 1627 mandat

1054 1689 1142 1761 ut
1184 1704 1369 1787 erga
1412 1678 1611 1760 cives
1652 1678 2241 1786 Argentinenses
2285 1678 2681 1789 privilegia
2714 1679 3000 1762 eisdem
3045 1704 3402 1762 concessa
3445 1679 3868 1785 observent,

1055 1811 1472 1920 specialiter
1526 1837 1624 1894 ne
1674 1822 1888 1893 extra
1943 1811 2217 1894 urbem
2254 1812 2334 1893 in
2388 1812 2519 1923 jus
2570 1813 2974 1896 trahantur
3026 1837 3204 1894 cum
3239 1813 3319 1894 in
3384 1812 3682 1897 civitate
3737 1837 3872 1895 sua

1046 1941 1423 2055 justitiam
1462 1942 1709 2027 facere
1745 1943 1896 2025 sint
1931 1944 2203 2051 parati.

1216 2151 1485 2231 (Edider.
1515 2153 1925 2227 Senonrrmv,
1946 2150 2180 2215 alsatia
2203 2151 2533 2233 diplomat„
2562 2161 2611 2217 t.
2646 2158 2699 2229 1,
2728 2173 2790 2234 p.
2815 2164 2955 2218 378.
2975 2186 3058 2203 -
3079 2156 3391 2229 Onnum,
3419 2152 3727 2219 Prodrom.
3749 2170 3865 2215 rer.

1290 2257 1509 2333 Anat„
1538 2276 1602 2337 p.
1633 2258 1800 2338 296.)

1148 2443 1570 2533 Fridericns‚
1604 2444 1729 2515 Dei
1761 2444 1978 2538 gratia
2031 2445 2489 2517 Romanorum
2533 2445 2904 2540 imperator
2946 2467 3217 2542 semper
3250 2457 3627 2539 augustuS,
3668 2448 3870 2519 Jeru-

1051 2569 1262 2642 salem
1299 2576 1368 2640 et
1402 2568 1629 2640 Sicilie
1664 2589 1820 2657 reX,
1861 2568 2176 2662 Philippo
2207 2568 2297 2640 de
2331 2567 2778 2663 Rychenberc
2813 2569 3236 2664 procuratori
3270 2569 3539 2643 comitis
3570 2568 3863 2640 Heinrici

1054 2692 1143 2765 de
1191 2690 1448 2763 Werda
1498 2700 1567 2761 et
1610 2692 1856 2762 ceteris
1898 2691 2252 2782 judicibus
2307 2712 2433 2786 per
2483 2691 2849 2785 imperium
2912 2692 3292 2765 constitutis
3355 2690 3679 2764 fidelibus
3725 2691 3870 2763 suis

1051 2822 1407 2909 presentes
1447 2814 1706 2885 litteras
1758 2814 2166 2908 inspecturis
2213 2814 2503 2907 gratiam
2554 2834 2752 2884 suam
2799 2823 2869 2886 et
2908 2835 3114 2886 omne
3157 2814 3450 2886 bonum.
3499 2813 3870 2909 Supplica-

1052 2944 1216 3009 runt
1263 2936 1655 3010 celsitudini
1704 2945 1933 3010 nostre
1988 2936 2176 3009 cives
2210 2935 2770 3031 Argentinenses‚
2813 2936 3053 3011 fideles
3084 2937 3331 3032 nostri,
3373 2946 3454 3010 ut
3486 2938 3867 3011 libertatem

1054 3060 1225 3155 ipsis
1259 3082 1300 3132 a
1341 3060 1522 3133 divis
1571 3060 2127 3155 progenitoribus
2163 3060 2412 3132 nostris
2454 3059 2775 3133 traditam
2810 3070 2882 3132 et
2909 3082 3303 3134 concessam
3353 3083 3477 3157 per
3508 3060 3866 3155 privilegia

1054 3205 1137 3255 ac
1173 3182 1262 3255 de
1293 3192 1522 3255 nostra
1559 3183 1777 3274 gratia
1812 3182 2252 3277 postmodum
2283 3194 2682 3256 renovatam
2728 3192 2800 3256 et
2837 3183 3345 3276 confirmatam,
3383 3194 3452 3255 et
3488 3183 3869 3278 specialiter

1054 3329 1145 3378 ne
1179 3315 1372 3378 extra
1409 3327 1606 3379 suam
1643 3306 1987 3379 civitatem
2032 3328 2154 3401 per
2184 3326 2312 3378 vos
2345 3307 2702 3380 trahantur
2737 3306 2830 3379 ad
2857 3306 3226 3401 judicium,
3271 3329 3429 3380 cum
3483 3308 3553 3378 in
3590 3307 3865 3378 civitate

1054 3452 1182 3503 sua
1207 3429 1553 3523 justiciam
1591 3431 1812 3500 facere
1855 3428 1993 3500 sint
2031 3429 2286 3524 parati,
2324 3432 2515 3504 salva
2564 3432 2635 3502 in
2671 3431 2990 3503 omnibus
3028 3430 3416 3503 reverentia
3450 3440 3518 3502 et
3540 3429 3866 3522 jurisdic-

1057 3553 1244 3625 tione
1278 3553 1599 3625 culminis
1629 3551 2024 3646 imperialis,
2062 3574 2184 3646 per
2210 3574 2339 3624 vos
2366 3552 2629 3626 eisdem
2662 3553 3013 3627 observari
3042 3554 3133 3626 de
3163 3562 3391 3625 nostra
3428 3553 3645 3646 gratia
3676 3574 3865 3624 man-

1055 3679 1403 3751 daremus.
1445 3678 1585 3748 Nos
1617 3676 1852 3770 itaque
1883 3675 2119 3748 habito
2152 3686 2469 3772 respectu
2500 3675 2593 3750 ad
2639 3677 2890 3750 devota
2931 3676 3215 3750 servitia
3258 3696 3397 3768 que
3432 3675 3644 3748 iidem
3682 3675 3867 3746 cives

1053 3802 1381 3875 hactenus
1466 3810 1696 3874 nostre
1757 3799 2148 3873 celsitudini
2211 3800 2653 3894 prestiterunt
2726 3809 2797 3873 et
2855 3822 2993 3894 que
3061 3800 3395 3873 exhibent
3454 3799 3865 3872 incessanter

1053 3949 1329 4022 queque
1372 3925 1575 3998 nobis
1627 3925 1698 3996 in
1746 3934 1952 3998 antea
2006 3924 2341 3999 exhibere
2384 3933 2706 4021 poterunt
2754 3926 3088 4019 gratiora,
3127 3946 3370 3998 eorum
3416 3921 3865 4018 supplicatio-

1053 4053 1261 4123 nibus
1292 4049 1627 4141 inclinati,
1672 4049 2103 4123 universitati
2138 4059 2365 4122 vestre
2400 4048 2810 4122 mandamus
2844 4072 2965 4144 per
2995 4049 3351 4121 obtentum
3386 4046 3603 4140 gratie
3642 4054 3865 4117 nostre

1053 4172 1335 4245 firmiter
1387 4172 1844 4266 precipientes
1900 4181 2241 4266 quatenus
2292 4172 2670 4244 libertatem
2707 4172 3037 4268 predictis
3080 4170 3355 4243 civibus
3388 4190 3431 4240 a
3470 4168 3864 4263 progenito-

1052 4297 1249 4368 ribus
1276 4297 1526 4368 nostris
1558 4294 1742 4368 divis
1783 4297 2243 4369 Romanorum
2284 4296 2810 4391 imperatoribus
2846 4291 3167 4370 traditam
3208 4302 3279 4367 et
3321 4314 3712 4366 concessam
3744 4311 3865 4386 per

1055 4417 1418 4514 privilegia
1459 4439 1542 4489 ac
1590 4416 1680 4489 de
1717 4428 1949 4491 nostra
1979 4418 2451 4491 munificentia
2486 4430 2883 4493 renovatam
2923 4417 3362 4515 postmodum
3402 4424 3473 4488 et
3504 4412 3864 4488 confirma·

1055 4553 1229 4631 tam,
1271 4550 1340 4612 et
1371 4541 1756 4636 specialiter
1801 4563 1890 4614 ne
1934 4551 2132 4615 extra
2173 4544 2519 4617 civitatem
2557 4567 2754 4616 suam
2789 4545 3145 4617 trahantur
3178 4540 3269 4615 ad
3307 4548 3538 4612 vestra
3567 4536 3860 4631 judicia,

1053 4688 1213 4740 cum
1247 4663 1622 4759 unicuique
1654 4666 1724 4737 in
1763 4664 2040 4738 civitate
2065 4688 2192 4739 sua
2231 4688 2463 4741 coram
2491 4689 2618 4742 suo
2638 4668 2876 4763 judice
2903 4666 3254 4762 justiciam
3293 4665 3516 4737 facere
3558 4662 3697 4734 sint
3729 4681 3864 4755 pa-
