4500 5956
1092 564 1213 625 656
2128 565 2471 627 HENRICI
2520 565 2853 626 SEPTIMI
3536 570 3697 654 [Anu.
3735 574 3904 636 1234.

1094 699 1308 771 Hallis
1337 701 1663 795 quatinus
1694 701 1951 773 dictam
1984 701 2245 774 curiam
2287 700 2361 771 in
2413 709 2708 773 nostram
2751 700 3086 796 reciperet
3133 704 3624 798 protectionem
3680 714 3749 779 et
3794 706 3916 778 de-

1095 824 1430 917 fenderet,
1466 847 1594 899 nec
1624 834 1972 921 pateretur
2004 825 2226 921 ipsam
2264 826 2355 899 ab
2400 825 2745 919 aliquibus
2775 824 3212 899 invasoribus
3253 828 3620 902 molestari.
3661 830 3800 903 Sed
3828 851 3917 902 ne

1096 947 1170 1018 in
1202 957 1549 1043 posterum
1584 948 1766 1021 dicto
1798 949 2139 1044 preposito
2169 957 2239 1020 et
2269 970 2397 1020 suo
2428 948 2801 1020 conventui
2841 970 2964 1043 per
3010 951 3390 1045 sepefatum
3434 953 3754 1026 comitem
3794 975 3915 1025 seu

1096 1092 1258 1143 suos
1306 1080 1614 1165 posteros
1666 1070 1899 1163 aliqua
1951 1071 2169 1166 possit
2210 1070 2504 1142 suboriri
2554 1071 2941 1161 calumnia,
2990 1092 3276 1166 presens
3329 1074 3656 1170 scriptum
3710 1074 3913 1171 sigilli

1095 1194 1306 1266 nostri
1342 1193 1723 1266 munimine
1754 1194 2215 1267 concessimus
2246 1193 2711 1266 roborandum
2745 1194 2876 1288 (l).

1192 1320 1423 1391 Testes
1454 1319 1699 1391 horum
1733 1326 1894 1390 sunt
1931 1345 1948 1388 ε
1993 1318 2286 1390 Sifridus
2317 1315 2418 1414 (a)
2451 1318 2896 1413 Maguntinus
2928 1318 3508 1415 archiepiscopus,
3545 1321 3632 1392 H.
3669 1319 3917 1393 nobilis

1099 1442 1188 1515 de
1227 1441 1483 1533 Niffen,
1522 1450 1591 1514 et
1631 1440 1753 1512 filii
1794 1443 1946 1534 ejus
1976 1443 2061 1512 H.
2101 1450 2170 1514 et
2208 1439 2290 1512 G.
2314 1496 2334 1532 ,
2385 1440 2466 1511 G.
2505 1440 2759 1513 nobilis
2799 1441 2887 1513 de
2918 1440 3334 1532 Hohinloch,
3385 1443 3468 1514 E.
3515 1442 3783 1538 dapifer
3830 1441 3917 1514 de

1094 1564 1562 1659 Walppurch,
1607 1565 1680 1636 C.
1743 1565 2074 1659 pincerna
2130 1565 2216 1638 de
2271 1564 2774 1656 Winterstetin,
2818 1565 2932 1637 W.
2994 1564 3320 1660 pincerna
3369 1546 3462 1639 de
3503 1565 3909 1663 Limpmch,

1095 1687 1182 1756 H.
1228 1686 1453 1757 dictus
1481 1686 1739 1777 Berler,
1778 1695 1845 1758 et
1876 1687 1994 1758 alii
2026 1688 2495 1782 quamplures,

1191 1808 1367 1881 Acta
1419 1818 1582 1880 sunt
1646 1818 1875 1882 autem
1930 1810 2061 1883 hec
2116 1832 2301 1885 anno
2356 1810 2627 1885 Domini
2684 1812 2778 1883 Μ’
2797 1810 2920 1883 CC‘
2940 1810 3159 1882 XXX⁶
3202 1811 3444 1905 quinto
3497 1809 3632 1906 (b),
3697 1812 3916 1885 indic·

1097 1932 1283 2006 tione
1314 1934 1485 2022 vl1·‚
1523 1933 1669 2007 VH‘
1700 1933 2030 2007 kalendas
2054 1934 2259 2026 junii.

1528 2249 2161 2260 -q——n——n-—o--a--o-

1207 2525 1574 2610 Henricus
1589 2587 1612 2631 ,
1653 2526 2173 2610 Romanorum
2216 2551 2349 2607 rex
2365 2587 2388 2632 ‚
2429 2524 2841 2634 burgravio
2883 2525 2980 2606 de
3015 2523 3426 2633 Friedbcrg
3467 2533 3544 2605 et
3585 2521 3921 2605 scultetis

1101 2660 1182 2741 in
1220 2659 1672 2744 Franckfurt
1686 2721 1709 2765 ,
1752 2659 2055 2743 Wezlar
2089 2667 2164 2742 et
2203 2656 2683 2741 Gelnhausen
2748 2666 3019 2740 notum
3074 2656 3254 2739 facit
3308 2682 3388 2738 se
3440 2655 3633 2740 velle
3686 2663 3772 2737 ut
3821 2654 3918 2737 ab

1103 2793 1416 2876 ecclesia
1450 2794 1546 2874 dc
1582 2790 1987 2901 Arnsburg
2021 2791 2118 2872 de
2153 2790 2377 2872 bonis
2412 2789 2578 2900 ejus
2613 2789 2693 2869 in
2721 2815 3206 2898 quocumque
3243 2813 3384 2872 suo
3410 2788 3692 2897 oppido
3727 2812 3922 2869 con-

1108 2926 1388 3009 stitutis
1408 2987 1431 3031 ,
1472 2924 1688 3008 nulla
1723 2923 2064 3033 precaria
2097 2922 2216 3006 vel
2255 2921 2543 3006 exactio
2578 2921 3036 3032 requiratur.

1262 3114 1533 3194 (Edider.
1563 3114 1878 3188 Lnnsmzn,
1908 3110 2302 3193 Franlficrter
2332 3108 2611 3186 Chr-anile,
2639 3127 2776 3189 pars
2799 3111 2885 3186 11,
2914 3127 2977 3189 p.
3014 3119 3151 3172 198.
3180 3142 3260 3157 —
3283 3110 3604 3185 Bonum,
3646 3106 3781 3170 Cod.
3815 3105 3924 3168 di-

1332 3217 1576 3298 plomat.
1612 3218 2059 3299 Moenosrancqf.
2075 3264 2094 3294 ,
2124 3227 2172 3281 t.
2201 3219 2255 3299 1,
2281 3236 2340 3295 p.
2373 3217 2500 3298 58.)

1200 3402 1558 3475 Heinricus
1574 3452 1594 3486 ,
1633 3403 1756 3475 Dei
1808 3404 2025 3496 gratia
2078 3403 2537 3476 Romanorum
2588 3424 2713 3476 rex
2764 3412 2833 3475 et
2885 3421 3157 3498 semper
3210 3408 3549 3493 augustus
3570 3451 3592 3491 ‚
3653 3398 3923 3472 dilectis

1109 3526 1429 3601 fidelibus
1471 3527 1616 3598 suis
1648 3525 1937 3599 Ludolso
1979 3525 2353 3620 burgravio
2400 3526 2492 3599 de
2528 3523 2940 3600 Frideberch
2977 3534 3046 3598 et
3081 3523 3381 3596 scoltetis
3428 3522 3520 3595 de
3563 3522 3922 3594 Franken-

1103 3653 1268 3743 fort,
1320 3650 1409 3723 de
1448 3650 1735 3723 Wetflar
1785 3658 1854 3721 et
1908 3631 1998 3721 de
2049 3646 2517 3739 Geilinhusin,
2560 3656 2629 3719 et
2663 3647 3010 3719 universis
3051 3645 3322 3718 civibus
3351 3643 3753 3717 earumdem
3796 3664 3921 3739 pro

1108 3784 1409 3871 tempore
1445 3773 1852 3867 constitutis,
1889 3771 2181 3865 gratiam
2218 3793 2418 3843 suam
2448 3780 2518 3844 et
2546 3792 2751 3844 omne
2784 3771 3071 3842 bonum.
3110 3770 3351 3840 lunata
3381 3767 3580 3839 nobis
3626 3767 3920 3840 benivo-

1105 3898 1312 3972 lentia
1348 3920 1477 3971 nos
1523 3898 1869 3993 compellit
1915 3906 1995 3967 ut
2037 3895 2354 3968 ordinem
2386 3894 2904 3968 cisterciensem
2952 3890 3044 3965 ad
3094 3890 3543 3963 imitationem
3585 3890 3923 3986 progeni-

1189 4096 1270 4174 (a)
1312 4099 1384 4157 In
1409 4113 1763 4175 pergamena
1786 4094 2005 4173 siboto,
2034 4095 2210 4158 male.

1187 4199 1268 4281 (b)
1313 4202 1412 4264 Sic
1436 4205 1499 4262 in
1524 4219 1912 4281 pergamena,
1944 4202 2086 4262 dum
2112 4202 2245 4262 luce
2273 4198 2490 4261 clarius
2514 4199 2827 4277 legendum
2855 4198 2932 4258 sit
2953 4202 3176 4277 qma-to.

1180 4486 1251 4561 (4)
1289 4485 1443 4543 Unde
1466 4485 1852 4559 conjiciendum
1893 4485 2216 4542 arbitramur
2248 4484 2562 4542 mandatum
2593 4483 2824 4541 Hassensi
2854 4484 3076 4542 sculteto
3100 4484 3362 4541 directum
3396 4482 3557 4557 paulo
3594 4487 3722 4539 ante
3755 4480 3922 4538 Ballis

1102 4583 1362 4658 scriptum
1386 4582 1583 4650 fuisse,
1613 4599 1755 4640 nunc
1774 4589 1955 4641 tamen
1985 4582 2127 4657 apud
2147 4580 2485 4656 Wimpinam
2511 4583 2831 4640 sententiam
2856 4581 2958 4641 sub
2982 4582 3155 4640 forma
3188 4580 3413 4639 solemni
3435 4580 3495 4638 in
3517 4585 3793 4655 posterum
3813 4577 3914 4635 du-

1100 4686 1283 4738 ratura
1306 4678 1715 4755 promulgatam.
