4500 5956
1093 588 1215 648 680
2129 585 2476 647 nssnnlcl
2527 586 2861 646 semim
3547 594 3703 676 [Anu.
3744 597 3909 658 1284.

1094 721 1284 817 quod
1318 724 1415 794 nil
1447 722 1636 817 quod
1676 722 1913 795 statuit
1946 743 2071 794 seu
2107 721 2301 816 quod
2339 722 2709 794 clementer
2739 721 3054 795 admittit
3087 723 3179 799 ob
3225 725 3445 798 ullum
3495 729 3567 800 in
3609 731 3930 804 futurum·

1096 856 1557 941 emergentem
1586 868 1838 919 casum
1893 846 2056 919 sinit
2106 847 2541 940 aliquatenus
2574 845 2972 919 irritari-vel
3006 857 3232 942 preter
3266 850 3550 924 rationis
3584 856 3930 928 tramitem·

1099 970 1470 1042 immutari.
1518 971 1742 1055 Quam
1775 970 1867 1041 ob
1897 992 2045 1042 rem
2081 979 2151 1044 et
2203 991 2332 1041 nos
2353 969 2437 1040 «in
2473 969 2997 1043 omnihus2aotis
3019 973 3282 1045 :nostris
3320 995 3560 1047 veram
3605 988 3919 1050 constan-

1097 1095 1273 1166 ciam
1309 1096 1616 1167 volentes
1643 1116 1796 1168 esse
1833 1095 2192 1185 comitem,
2237 1115 2321 1166 ea
2363 1114 2504 1187 que
2537 1094 3026 1167 rationabiliter
3060 1116 3103 1167 a
3138 1098 3339 1170 nobis
3360 1108 3811 1194 statuuntur,
3834 1124 3924 1175 ne

1095 1239 1220 1313 per
1237 1218 1955 1313 tractum‘temporisin
1970 1238 2275 1290 eruorem
2287 1249 2291 1266 =
2302 1216 2767 1308 deducantur,
2783 1217 3158 1291 lit-terarum
3171 1220 3463 1294 rindidis
3475 1222 3916 1298 decrevimus

1094 1343 1482 1436 perennari.
1521 1342 1850 1414 Noverint
1905 1343 2115 1436 igitur
2153 1340 2463 1414 universi
2499 1349 2652 1413 =tam
2688 1341 3028 1436 presentis
3077 1344 3535 1437 etatis-quom
3577 1345 3677 1418 ·iu.
3712 1367 3932 1420 evum·

1097 1488 1498 1539 successore
1533 1466 1951 1561 posteritatis
1975 1466 2291 1537 homines
2326 1462 2520 1558 quod
2555 1485 2684 1536 nos
2721 1486 2764 1536 a
2798 1465 3143 1560 preposito
3188 1476 3257 1540 et
3291 1469 3613 1542 statribus
3646 1469 3922 1542 vivifice

1098 1589 1335 1662 Crucis
1375 1587 1565 1684 apud
1614 1588 1999 1681 Augustam
2044 1588 2517 1661 necessitatem
2564 1587 2899 1661 habentes
2950 1588 3315 1663 accredere
3352 1593 3713 1686 pecuniam
3737 1650 3754 1680 ,
3821 1593 3917 1665 GC

1102 1734 1369 1784 marcas
1400 1712 1773 1784 examinati
1808 1711 2071 1806 argenti
2119 1711 2311 1805 apud
2355 1712 2543 1805 ipsos
2584 1711 3091 1801 mutuavimus,
3124 1734 3249 1805 pro
3279 1714 3538 1805 quibus
3583 1716 3653 1786 in
3691 1737 3922 1787 annua

1107 1836 1439 1931 pensione
1465 1836 1594 1908 XX
1612 1836 1822 1907 libras
1842 1834 2300 1930 Augustensis
2331 1846 2602 1904 monete
2642 1836 2726 1904 de
2762 1836 3296 1906 villicationilms
3323 1842 3573 1908 nostris
3597 1842 3921 1928 Otringen

1106 1971 1174 2032 et
1216 1961 1632 2032 Durenkeim
1667 1961 1837 2055 ipsis
1872 1954 2370 2053 Obligavimus3
2420 1960 2850 2048 indulgentes
2890 1972 2964 2028 ut
3015 1962 3143 2052 ipsi
3185 1984 3331 2031 earn
3371 1964 3765 2054 pensionem
3805 1986 3921 2032 an-

1107 2086 1371 2157 nuatim
1401 2083 1688 2180 pacifice
1719 2085 2102 2180 percipiant
2138 2085 2540 2179 quoaddum
2576 2109 2698 2155 nos
2738 2087 2842 2155 vel
2880 2087 3169 2157 heredes
3205 2087 3437 2173 nostri,
3467 2089 3521 2155 si
3564 2105 3687 2157 nos
3723 2089 3921 2159 dece-

1107 2209 1273 2283 dere
1299 2208 1695 2303 contigerit,
1724 2216 2122 2303 pretaxatas
2156 2209 2254 2281 CC
2284 2233 2548 2279 mareas
2588 2211 2752 2301 ipsis
2788 2231 2940 2279 cum
2986 2211 3369 2297 integritate
3409 2213 3877 2303 persolvamus
3903 2267 3919 2297 ,

1108 2344 1178 2407 et
1214 2333 1558 2429 persoluto
1590 2333 1701 2403 vel
1740 2354 1780 2402 a
1825 2332 2027 2403 nobis
2076 2331 2187 2403 vel
2242 2331 2334 2402 ab
2385 2331 2761 2405 heredibus
2792 2331 3044 2404 nostris
3079 2331 3244 2425 ipsis
3291 2331 3425 2403 hoc
3464 2345 3782 2426 argento,
3844 2355 3927 2406 ea

1109 2458 1528 2552 obligatione
1563 2465 1911 2544 cessante,
1952 2456 2098 2549 ipsa
2133 2455 2317 2527 bona
2346 2454 2459 2527 vel
2504 2453 2594 2526 ad
2630 2462 2942 2527 nostrum·
2991 2453 3117 2527 vel'
3154 2448 3492 2528 heredum
3540 2467 3928 2529 nostrorum

1108 2582 1509 2655 domanium
1539 2588 1995 2652 revertentur.
2029 2580 2221 2650 Hanc
2252 2580 2462 2671 igitur
2488 2580 2974 2673 obligationem
3006 2580 3397 2653 memoratis
3421 2581 3746 2653 fratribus
3773 2602 3929 2653 con·

1108 2706 1486 2796 firmantes,
1542 2704 1633 2777 de
1668 2704 1856 2798 regie
1879 2703 2086 2776 etiam
2116 2703 2563 2798 benignitatis
2586 2704 2899 2798 largitate
2929 2705 3296 2800 sepedictis
3332 2706 3656 2778 fratribus
3686 2706 3933 2780 indul-

1110 2853 1352 2926 gemus
1380 2842 1449 2905 et
1482 2827 1928 2903 concedimus
1966 2838 2043 2900 ut
2074 2829 2503 2922 quicumque
2533 2827 2626 2901 de
2653 2827 3215 2901 ministerialibus
3264 2830 3512 2902 nostris
3545 2851 3671 2924 pro
3713 2832 3933 2903 salute

1110 2958 1222 3030 vel
1269 2976 1396 3029 sua
1432 2955 1541 3029 vel
1591 2963 1951 3049 parentum
1996 2973 2280 3025 suorum
2311 2951 2597 3025 ecclesie
2639 2950 2921 3024 vivifice
2948 2951 3187 3024 Crucis
3227 2952 3382 3027 sive
3430 2952 3521 3026 de
3560 2953 3935 3026 mobilibus

1112 3080 1265 3151 sive
1292 3077 1760 3149 immobilibus
1784 3076 1932 3149 suis
1948 3075 2215 3169 aliquid
2241 3078 2555 3149 conferre
2582 3076 3050 3167 decreverint,
3082 3096 3209 3148 nos
3234 3075 3307 3148 id
3325 3086 3599 3170 gratum
3622 3088 3692 3151 et
3709 3087 3932 3150 ratum

1112 3202 1446 3275 babentes
1481 3201 1616 3295 ipsi
1652 3200 1938 3272 ecclesie
1962 3199 2155 3292 regia
2204 3199 2618 3272 auctoritate
2652 3198 3161 3271 confirmamus.
3195 3201 3587 3272 Statuentes
3628 3209 3699 3273 et
3737 3202 3933 3293 regio

1113 3325 1423 3398 districto
1445 3322 1731 3394 firmiter
1762 3322 2216 3416 precipientes
2253 3343 2341 3394 ne
2372 3323 2579 3394 alicui
2615 3323 2707 3396 de
2742 3332 3290 3417 ceteropersone
3334 3326 3792 3398 ecclesiastice
3827 3328 3932 3400 vel

1113 3448 1430 3536 seculari,
1468 3448 1604 3519 alte
1620 3448 1732 3518 vel
1750 3445 2023 3534 humili,
2059 3444 2239 3518 hanc
2264 3456 2492 3518 nostre
2517 3447 2975 3520 concessionis
2989 3446 3289 3521 divalem
3312 3450 3639 3543 paginam
3670 3450 3934 3523 licitum

1118 3573 1206 3644 sit
1235 3571 1608 3664 infringere
1641 3569 1753 3641 vel
1785 3569 1850 3642 ei
1884 3568 2119 3662 aliquo
2150 3569 2607 3664 improbitatis
2648 3591 2826 3643 ausu
2871 3573 3230 3644 contraire.
3290 3572 3494 3656 Quod
3541 3574 3662 3666 qui
3710 3575 3937 3646 facere

1115 3694 1629 3790 presumpserit,
1648 3695 1701 3764 L
1730 3693 1940 3764 libras
1958 3694 2108 3765 auri
2132 3694 2509 3766 examinati
2536 3705 2924 3788 componat,
2943 3717 3239 3788 quarum
3259 3696 3593 3768 medietas
3610 3697 3935 3787 injuriam

1116 3821 1373 3916 passiS,
1416 3818 1680 3912 reliqua
1723 3839 1889 3890 vero
1927 3816 2259 3889 medietas
2307 3839 2577 3889 camere
2625 3827 2855 3889 nostre
2879 3819 3341 3912 persolvatur.
3398 3819 3484 3889 Ut
3538 3820 3939 3891 autem-hec

1116 3945 1442 4034 obligatio
1479 3954 1684 4036 atque
1712 3942 2499 4015 concessio·inconvulsa
2528 3949 2597 4012 et
2622 3941 3044 4014 inviolabilis
3070 3942 3507 4032 observetur,
3550 3954 3935 4035 presentem

1117 4069 1374 4141 exinde
1401 4068 1725 4163 paginam
1763 4066 2102 4139 conscribi
2128 4068 2463 4159 jussimus
2481 4076 2568 4137 =et
2596 4066 2810 4137 nostri
2822 4065 3414 4159 ⁴sigilli-caractere
3445 4067 3882 4137 communiri.

1213 4192 1433 4281 Hujus
1465 4192 1564 4262 rei
1599 4200 1805 4262 testes
1834 4199 1996 4261 sunt
2037 4216 2054 4261 ε
2091 4189 2558 4263 Udescalchus
2595 4188 3053 4281 Augustensis
3080 4189 3498 4284 episcopus,
3542 4210 3771 4261 comes
3802 4190 3941 4260 Lu-

1120 4313 2035 4405 dowicusdeflelfenstein,
2080 4313 2605 4384 comes·Ulricus
2652 4311 2742 4384 de
2785 4314 3033 4404 Berge,
3071 4312 3661 4384 'comes-‘Albenus
3678 4311 3782 4385 de
3798 4313 3941 4383 ’Βί-

1122 4436 1386 4528 Hagen,
1456 4435 1850 4508 Kadelohus
1913 4438 2005 4509 de
2053 4436 2464 4529 Kirchpero,
2532 4435 2943 4509 Bertholdus
2997 4435 3091 4508 de
3147 4436 3383 4527 Nifen,
3446 4435 3941 4508 Hiltebrandus

1122 4556 1699 4632 marscalchusde
1715 4559 2049 4652 Rehperc‚
2089 4558 2609 4653 swiggeruswde
2629 4558 3074 4648 Mindelberc‚
3099 4558 3505 4632 Guonradus
3516 4560 3934 4654 Spannagel,

1116 4693 1185 4757 et
1222 4683 1333 4755 alii
1373 4682 1839 4777 quamplures.
2535 4695 2539 4701 ·
