4500 5956
979 633 1104 696 826
1980 634 2415 698 anssmcl
2458 634 2810 698 saeuum
3432 635 3592 720 [Am.
3627 636 3808 700 1236.

985 769 1193 841 licam
1243 763 1617 859 constituti,
1666 769 2025 863 negotium
2061 771 2266 844 Terre
2298 773 2546 845 Sancte
2577 768 2770 866 quod
2804 768 2898 843 ad
2943 777 3012 842 te
3042 778 3201 865 post
3232 769 3483 846 sedam
3510 771 3806 868 Aposto-

983 889 1189 964 licam
1235 890 1542 963 noscitur
1569 892 1955 987 specialiter
1992 895 2372 990 pertinere,
2410 895 2746 970 duximus
2788 892 3286 968 assumendum
3308 946 3327 984 ,
3363 895 3811 991 providentes

984 1026 1064 1086 ut
1096 1014 1280 1087 orbis
1323 1023 1498 1088 terre
1541 1014 1895 1091 discordes
1923 1018 2018 1091 ad
2052 1028 2366 1114 treugam
2402 1020 2515 1093 vel
2562 1018 3004 1093 concordiam
3041 1028 3473 1113 cogerentur,
3512 1029 3582 1093 et
3614 1020 3809 1116 quod

978 1140 1124 1231 jam
1151 1137 1245 1211 ad
1287 1138 1421 1211 hoc
1461 1139 1680 1233 aliqui
1716 1161 1811 1213 ex
1854 1142 2129 1236 magnis
2174 1152 2354 1217 terre
2388 1143 2826 1239 principibus
2869 1153 3035 1215 sunt
3079 1143 3445 1238 compulsi,
3492 1144 3810 1238 quinimo

984 1284 1185 1355 reges
1220 1262 1472 1357 aliqui,
1513 1263 1710 1335 multi
1756 1264 2025 1338 nobiles
2073 1275 2143 1339 et
2187 1277 2500 1363 potentes
2539 1267 2761 1341 crucis
2804 1264 3242 1361 signaculum
3289 1287 3416 1364 per
3463 1268 3591 1339 Dei
3638 1289 3808 1361 gra·-

982 1385 1147 1458 tiam
1182 1387 1590 1483 receperint,
1622 1388 1965 1483 prefatum
1994 1390 2402 1484 magistrum
2432 1389 2553 1481 11„
2578 1412 2668 1487 ne
2700 1388 2886 1463 dicte
2919 1399 3098 1463 terre
3121 1390 3472 1484 negotium
3501 1391 3692 1486 quod
3711 1391 3804 1466 ad

985 1511 1348 1584 utilitatem
1374 1511 1704 1603 Ecclesia,
1738 1512 2010 1608 imperii
2047 1536 2130 1586 ac
2157 1515 2370 1587 totius
2399 1515 2640 1611 populi
2668 1514 3017 1587 christiani
3049 1513 3358 1588 noscitur
3377 1513 3800 1607 ordinatum,

981 1633 1171 1729 quod
1230 1634 1444 1727 absit,
1504 1636 1735 1708 valeat
1783 1634 2144 1733 impediri,
2194 1655 2357 1711 cum
2411 1641 2616 1734 pleno
2672 1638 3001 1712 mandato
3051 1637 3143 1711 de
3190 1638 3808 1734 compl-omittendo

981 1779 1193 1853 super
1232 1758 1583 1854 premissis
1618 1761 1883 1855 precise
1923 1761 2000 1834 in
2042 1763 2368 1835 manibus
2410 1764 2657 1836 nostris
2698 1764 2847 1835 sine
2897 1783 3089 1835 more
3124 1760 3492 1858 dispendio
3521 1762 3805 1836 studens

981 1880 1367 1974 destinare3
1420 1881 1718 1957 sciturus
1772 1883 1966 1980 quod
2007 1884 2069 1958 si
2110 1895 2346 1960 contra
2377 1885 2832 1978 Lombardos,
2874 1885 3181 1959 maxime
3210 1907 3370 1959 cum
3422 1908 3500 1960 se
3541 1886 3806 1981 precise

980 2004 1055 2078 in
1090 2006 1413 2079 manibus
1456 2006 1757 2083 Ecclesie
1806 2011 2202 2105 posuerint,
2252 2012 2386 2086 hoc
2424 2013 2859 2109 potissimum
2901 2022 3207 2108 tempore
3247 2011 3623 2107 procedere
3650 2028 3804 2084 rno-

978 2129 1238 2222 lireriS,
1301 2140 1560 2205 tantam
1617 2134 1922 2230 exempli
1979 2136 2349 2231 perniciem
2409 2137 2564 2210 aliis
2625 2133 2996 2210 tribuendo
3047 2158 3174 2233 per
3229 2156 3444 2231 quam
3499 2135 3804 2231 presumi

987 2254 1202 2347 possit
1242 2276 1288 2326 a
1326 2255 1643 2350 pluribus
1684 2257 1881 2352 quod
1929 2269 2191 2332 ceteros
2235 2260 2538 2333 Ecclesia
2582 2256 2966 2353 fefellisset,
3018 2256 3095 2334 id
3150 2261 3295 2356 pati
3346 2259 3806 2355 equanimite-

982 2376 1298 2450 eamdem
1335 2377 1709 2453 Ecclesiam
1739 2401 1880 2454 non
1914 2381 2215 2476 deceret,
2247 2386 2612 2480 presertim
2655 2405 2816 2457 cum
2857 2402 3067 2480 super
3102 2384 3380 2478 negotio
3415 2384 3489 2455 iu
3526 2402 3669 2478 quo
3710 2381 3804 2457 de

976 2511 1167 2574 tanta
1211 2503 1429 2596 gloria
1460 2503 1933 2600 Redemptor-is
1968 2506 2223 2600 agitur,
2262 2509 2571 2605 accept10
2606 2529 3051 2605 personarum
3093 2508 3334 2582 haberi
3372 2527 3511 2580 nou
3551 2504 3806 2579 debeat

974 2646 1105 2697 nec
1135 2626 1402 2721 aliquid
1446 2648 1574 2702 nos
1611 2629 1853 2704 deceat
1892 2627 2153 2727 perpeti
2199 2653 2325 2729 per
2369 2632 2563 2727 quod
2617 2651 2978 2729 processus
3027 2632 3337 2726 ejusdem
3385 2639 3617 2727 posset
3660 2629 3803 2702 ali-

973 2759 1318 2842 quatenus
1352 2749 1697 2847 impediri.
1740 2752 2116 2850 Diligenter
2141 2758 2326 2830 enim
2364 2758 2806 2832 considerare
2840 2770 2908 2832 te
2949 2755 3277 2831 convenit
3307 2755 3500 2852 quod
3546 2755 3644 2827 illi
3680 2754 3804 2849 qui

976 2874 1382 2948 excellentie
1423 2884 1537 2949 tue
1571 2878 1914 2952 contraria
1942 2880 2348 2973 consulunt,
2389 2881 2586 2954 adid
2630 2892 2695 2955 te
2728 2883 3042 2955 nituntur
3076 2880 3408 2954 inducere
3444 2897 3567 2975 per
3611 2874 3804 2973 quod

981 3007 1050 3068 te
1086 2996 1221 3068 illis
1270 2998 1623 3073 laboribus
1662 3002 1973 3076 involuto
2033 3004 2124 3077 de
2171 3006 2434 3101 quibus
2472 3005 2566 3080 de
2610 3006 2791 3079 facili
2837 3022 3147 3102 nequeas
3195 3003 3551 3100 expediri,
3613 3001 3804 3074 utili-

981 3129 1157 3191 tates
1188 3142 1353 3193 suas
1389 3121 1631 3195 fortius
1664 3126 1943 3198 valeant
1971 3144 2366 3223 procurare.

1075 3244 1327 3316 Datum
1371 3247 1680 3337 viterbii,
1724 3250 1849 3321 ΧΗ
1885 3249 2219 3324 kalendas
2254 3253 2519 3347 aprili5‚
2554 3269 2737 3327 auno
2761 3254 2853 3325 X.

1079 3366 1419 3461 Scriptum
1452 3378 1561 3442 est
1596 3372 1670 3442 iu
1710 3372 2033 3445 eumdem
2066 3376 2210 3448 sere
2237 3375 2523 3449 modum
2559 3375 2884 3472 episeopo
2922 3373 3401 3448 Ratisboneusi
3434 3371 3803 3469 imperialis

981 3486 1144 3560 aule
1198 3491 1625 3587 cancellario,
1678 3496 2194 3589 moguntinensi
2229 3508 2300 3571 et
2351 3500 2740 3573 Trevirensi
2795 3499 3324 3595 archiepiscopis
3369 3507 3440 3570 et
3477 3498 3804 3594 θΡίὅθῡΡθ

980 3610 1447 3687 ildesemensi.

1075 3738 1152 3808 ln
1198 3737 1525 3811 eumdem
1576 3756 1863 3837 quoque
1906 3742 2189 3816 modum
2239 3747 2570 3842 scriptum
2620 3757 2724 3820 est
2754 3746 3076 3842 magisne
3123 3738 3481 3841 hospitalis
3514 3743 3806 3815 Sanctae

978 3858 1236 3932 Mariae
1255 3860 1830 3938 'theutonicorum
1864 3884 2088 3961 usque
2106 3868 2200 3942 ad
2221 3890 2259 3938 u
2299 3862 2576 3943 valeant
2609 3888 2998 3964 procurare.
3029 3866 3363 3956 Quocirca
3392 3863 3805 3940 mandamus

979 3994 1321 4076 quatenus
1367 3985 1629 4061 dictum
1666 3990 2146 4088 imperatorem
2198 3993 2292 4069 ad
2342 3993 2418 4069 id
2473 3994 2837 4069 efficaciter
2888 4012 3171 4069 moneas
3226 4004 3297 4068 et
3347 3991 3636 4067 inducas
3670 3985 3797 4087 (t).

974 4106 1254 4198 Datum,
1294 4118 1371 4182 ut
1401 4126 1637 4209 supra.
1667 4130 1703 4183 1)
1772 4168 1775 4169 γ

1055 4439 1124 4512 (t)
1166 4438 1330 4498 Paulo
1355 4450 1501 4516 post,
1532 4444 1621 4503 die
1647 4446 1906 4521 vigesimo
1932 4444 2163 4523 septimo
2186 4449 2350 4525 hujus
2375 4452 2578 4511 mensis
2599 4453 2807 4524 martii,
2831 4452 2973 4509 idem
3012 4451 3266 4524 magister
3296 4449 3520 4506 Romam
3546 4451 3799 4505 evocatus

979 4541 1065 4592 est
1100 4556 1125 4587 α
1162 4552 1265 4609 pro
1296 4554 1490 4613 magno
1519 4541 1724 4602 honore
1750 4544 2018 4603 Ecclesiae
2049 4553 2106 4604 et
2144 4547 2350 4621 imperii
2381 4550 2745 4622 promovendo
2777 4564 2848 4609 ac
2881 4564 2981 4623 pro
3012 4546 3238 4620 umutiis
3261 4546 3461 4603 Terrae
3482 4545 3712 4603 Sammo
3744 4551 3802 4598 et

976 4633 1889 4803 ἓξὲοιίϋίῗὲωαίζῗεχωὲτέω.
1928 4644 2119 4718 Incipit
2149 4662 2163 4700 :
2201 4644 2401 4712 Qum
2425 4646 2548 4705 Dut-
2581 4646 2833 4719 viterbii,
2863 4646 2937 4707 VI
2974 4644 3084 4704 kal.
3123 4643 3334 4720 opt-M
3269 4643 3280 4656 ‘
3352 4660 3388 4697 ο
3425 4640 3602 4700 iudan
3635 4639 3800 4697 limf-

1094 4774 1097 4777 ’
1187 4770 1203 4786 ·
1318 4774 1333 4803 ²
1578 4776 1594 4807 r
1775 4779 1787 4793 ·
