4500 5956
671 580 864 638 lnmcr.
898 575 987 652 8.]
1575 570 1967 634 HISTORIA
2018 568 2603 631 n1PLOMA'r1cA.
3369 569 3487 630 719

672 707 1306 800 noster,*Rndolfus
1353 706 1453 803 (a)
1484 708 1899 799 burgravius
1934 705 2025 779 de
2050 696 2465 796 Wrideberg
2499 702 2947 798 (Friedberg),
2997 714 3068 778 et
3096 704 3209 777 alii
3243 727 3486 799 quam-

675 833 1020 1027 pmlginm
1067 949 1260 1046 apud
1303 951 1609 1047 Spiram,
1649 972 1830 1026 anno
1867 950 2086 1043 gratie
2126 949 2223 1023 M.
2248 949 2672 1037 CC.XXXV‚
2713 952 2800 1023 VI
2848 948 3176 1023 kalendas
3224 949 3486 1039 martii,

677 1078 1054 1152 indictione
1088 1076 1268 1148 vul.

2655 1377 3057 1388 ————

790 1654 1198 1760 HenricuS‚
1244 1656 1758 1738 Romanorum
1804 1682 1974 1762 rex,
2014 1658 2234 1738 Petro
2273 1656 2589 1738 sculteto
2625 1658 2721 1736 de
2757 1656 2999 1738 Berno
3036 1682 3173 1764 pro
3211 1658 3495 1738 devotis

690 1788 850 1896 ejus
888 1790 1208 1870 servitiis
1264 1790 1470 1870 etad
1508 1790 1940 1896 petitionem
1990 1790 2152 1896 ejus
2206 1790 2580 1872 vivarium
2619 1816 2845 1870 suum
2901 1800 3071 1870 ante
3127 1788 3499 1870 civitatem

692 1920 918 2004 situm
948 1922 1120 2030 jure
1158 1922 1434 2004 feodali
1472 1922 1838 2002 concedit.

854 2162 1046 2242 (Edit.
1078 2180 1170 2238 ap,
1210 2160 1426 2222 Solotk.
1474 2160 1892 2236 Wocltenblatt,
1924 2178 2062 2220 ann.
2104 2172 2279 2238 1829,
2311 2180 2371 2238 p.
2415 2160 2577 2236 327.)

788 2376 872 2444 Η.
902 2428 920 2462 ,
962 2374 1086 2446 Dei
1126 2376 1342 2466 gratia
1380 2376 1838 2446 Romanorum
1878 2398 2002 2446 rex
2040 2386 2106 2446 et
2138 2396 2405 2468 semper
2443 2384 2813 2466 augustus,
2859 2376 3199 2444 universis
3237 2378 3503 2466 imperii

698 2494 1016 2568 fidelibus
1064 2508 1446 2590 presentem
1502 2500 1794 2568 litteram
1838 2500 2090 2568 visuris
2129 2498 2413 2590 gratiam
2455 2520 2653 2566 suam
2701 2508 2769 2566 et
2811 2518 3013 2568 omne
3052 2499 3331 2568 bonum.
3375 2500 3509 2570 Te-

700 2641 862 2691 nore
916 2623 1332 2715 presentium
1394 2631 1630 2693 notum
1688 2643 1838 2693 esse
1880 2625 2202 2693 volumus
2264 2623 2605 2691 universis
2655 2621 2843 2715 quod
2889 2643 3013 2691 nos
3075 2623 3511 2713 respicientes

704 2745 953 2817 devota
990 2745 1266 2817 servitia
1304 2745 1528 2817 fidelis
1568 2747 1778 2817 nostri
1826 2747 2004 2817 Petri
2042 2745 2134 2839 (b)
2184 2747 2447 2817 sculteti
2491 2745 2579 2817 de
2637 2749 2893 2829 BernO,
2945 2769 3081 2839 que
3143 2748 3339 2819 nobis
3393 2749 3511 2819 de-

704 2877 862 2941 vote
922 2871 1256 2941 hactenus
1302 2871 1624 2939 exhibuit
1668 2881 1736 2941 et
1788 2893 1926 2963 que
1984 2871 2182 2941 nobis
2228 2879 2449 2963 potest
2507 2875 2574 2939 in
2623 2879 2823 2941 antea
2873 2871 3237 2959 exhibere,
3291 2871 3513 2943 eidem

704 2991 1068 3087 providere
1102 3003 1168 3065 et
1210 2995 1412 3083 juxta
1450 3017 1644 3063 suam
1698 2995 2089 3087 petitionem
2126 2995 2513 3063 satisfacere
2545 2994 2923 3087 cupientem
2983 2995 3321 3065 vivarium
3373 2997 3517 3067 sive

708 3115 924 3187 lacum
966 3125 1276 3187 nostrum
1314 3117 1518 3185 situm
1554 3125 1710 3187 ante
1746 3117 2088 3187 civitatem
2130 3117 2375 3187 feodali
2409 3119 2565 3207 jure
2605 3118 2923 3211 cupimus
2967 3117 3511 3189 concedendum.

710 3237 790 3309 Ut
838 3247 1070 3309 autem
1132 3239 1338 3331 hujus
1392 3241 1850 3311 concessionis
1904 3241 2230 3309 memoria
2285 3241 2353 3309 in
2401 3241 2815 3311 oblivionem
2865 3243 3103 3313 venire
3157 3265 3195 3313 a
3251 3245 3521 3315 nemine

710 3365 952 3451 valeat,
998 3375 1380 3455 presentem
1416 3367 1478 3435 ei
1520 3365 1764 3435 damus
1794 3365 2084 3435 litteram
2122 3365 2513 3457 sigillatam.

801 3489 1050 3559 Datum
1086 3487 1272 3581 apud
1312 3489 1606 3583 Spiram,
1644 3487 1952 3559 calendis
2004 3489 2254 3577 martii,
2295 3489 2663 3561 indictione
2697 3499 2965 3559 octava.

2170 3792 3071 3805 Mun——

819 4091 1189 4175 Henricus
1211 4151 1234 4197 ,
1292 4091 1815 4176 Romanorum
1868 4118 2002 4174 rex
2017 4152 2040 4198 ,
2081 4091 2468 4174 abbatiam
2504 4101 2579 4175 et
2620 4091 2997 4174 civitatem
3050 4094 3146 4176 de
3201 4094 3407 4178 Selze
3450 4096 3530 4176 in

718 4249 857 4305 sua
895 4223 1203 4333 speciali
1240 4224 1699 4331 protectione
1745 4224 2010 4334 recipit
2061 4234 2327 4308 contra
2381 4225 2898 4309 marchionem
2942 4227 3040 4309 de
3092 4226 3349 4312 Baden
3401 4232 3534 4340 qui

709 4352 840 4461 jus
872 4356 1309 4439 advocatiae
1338 4355 1623 4439 ibidem
1665 4356 1809 4440 sibi
1843 4356 2317 4441 vendicabat.

806 4569 884 4647 (a)
927 4570 1094 4630 Alias
1120 4586 1261 4630 vero
1286 4566 1592 4648 liudolfus,
1623 4576 1684 4630 et
1708 4572 1942 4633 rectius.

812 4670 886 4751 (b)
930 4673 1167 4735 Scilicet
1189 4674 1358 4735 Petri
1383 4671 1453 4734 dc
1478 4672 1837 4757 Bubcnberq.

3671 1673 3793 1734 apud

3691 1736 3753 1766 ira

3627 1726 3685 1778 Sp
3756 1738 3799 1766 m
3817 1758 3827 1774 ,

3615 1780 3659 1820 1⁰
3683 1782 3845 1820 martii.

3702 4116 3828 4170 Apud

3782 4179 3878 4213 ov·
3889 4200 3906 4223 ,

3652 4225 3705 4267 1⁶
3724 4224 3890 4267 mutu.
