4500 5956
697 540 888 598 lnntcr.
924 535 1011 611 8.]
1595 531 1988 592 HISTORIA
2042 530 2623 595 DIPLOMATICA.
3402 529 3518 589 755

696 672 927 743 Sicilie
961 691 1115 742 rex.
1157 666 1505 739 Gloriosus
1548 666 1621 736 in
1676 668 2033 758 majestate
2081 689 2208 739 sua
2245 666 2746 740 dominantium
2775 664 3113 737 Dominus
3144 663 3267 758 qui
3302 684 3513 756 regna

700 792 1051 868 constituit
1084 800 1156 864 et
1185 789 1487 862 firmavit
1517 789 1915 884 imperium,
1957 790 2047 863 de
2077 793 2277 883 cujus
2310 791 2671 863 clementia
2694 789 3035 874 vivimus,
3076 787 3168 861 de
3190 789 3390 879 cujus
3411 797 3513 858 est

700 938 984 990 munere
1044 914 1239 1009 quod
1304 913 1585 985 feliciter
1640 912 2098 1007 imperamus,
2167 912 2261 986 ad
2315 913 2451 986 hoc
2495 935 2621 987 nos
2688 935 2894 1007 supra
2936 933 3131 1004 reges
3184 920 3251 984 et
3303 932 3516 1004 regna

700 1041 1050 1136 preposuit
1083 1049 1152 1111 et
1184 1040 1257 1109 in
1302 1037 1637 1133 imperiali
1681 1037 1851 1109 solio
1884 1038 2286 1111 sublimavit
2325 1046 2404 1107 ut
2439 1038 2638 1110 nobis
2687 1036 2922 1109 factori
2957 1043 3186 1107 nostro
3219 1034 3513 1123 gratitu—

702 1164 862 1237 dine
894 1163 1149 1237 devota
1176 1163 1536 1254 subjectis,
1572 1183 1813 1257 pacem
1850 1173 1916 1233 et
1938 1163 2280 1254 justitiam
2331 1161 2800 1233 moderamina
2843 1170 3072 1231 nostra
3095 1158 3513 1249 contineant,

709 1288 920 1379 etqui
965 1308 1211 1358 sumus
1244 1306 1366 1381 pre
1416 1283 1576 1356 filiis
1605 1284 1964 1357 hominum
1996 1285 2086 1356 ab
2124 1306 2206 1356 eo
2234 1287 2354 1377 qui
2386 1285 2722 1378 preminet
2754 1283 2903 1355 orbi
2947 1292 3122 1353 terre
3157 1281 3521 1352 sublimius

704 1409 1016 1495 exaltati,
1056 1409 1244 1480 viros
1276 1407 1527 1499 dignos
1552 1405 1933 1479 honoribus
1967 1415 2035 1478 et
2058 1429 2195 1479 non
2230 1406 2605 1478 immeritos
2635 1404 2726 1477 ad
2749 1404 3230 1476 sollicitudinis
3259 1414 3519 1498 partem

707 1531 1009 1617 admitti,
1053 1531 1427 1602 liberaliter
1461 1529 1555 1602 ad
1591 1530 1805 1602 decus
1834 1539 1904 1601 et
1935 1529 2255 1602 decorem
2290 1529 2557 1622 imperii
2585 1528 2882 1601 nominis
2910 1538 2977 1599 et
3014 1528 3288 1599 honoris
3326 1528 3522 1598 titulo

708 1656 1134 1728 decoremus.
1188 1655 1361 1725 Hinc
1411 1663 1515 1726 est
1569 1654 1779 1747 igitur
1828 1653 2020 1747 quod
2065 1676 2188 1748 per
2233 1675 2515 1749 presens
2566 1652 2894 1745 scriptum
2943 1653 3211 1724 noverit
3243 1672 3524 1745 presens

706 1788 844 1850 etas
874 1787 942 1849 et
970 1780 1202 1849 futura
1228 1778 1606 1872 ‘posteritas
1640 1777 1870 1871 quod,
1904 1799 2063 1848 cum
2101 1775 2222 1849 diu
2261 1776 2591 1871 propositi
2630 1776 2844 1848 nostri
2882 1777 3053 1847 soret
3089 1785 3163 1845 ut
3198 1774 3525 1847 dilectum

707 1901 1295 1995 consanguineum
1329 1910 1641 1972 nostrum
1673 1901 1991 1972 Ottonem
2026 1900 2114 1972 de
2150 1900 2564 1973 Luneburch
2609 1900 2700 1972 ad
2736 1898 2943 1971 fidem
2977 1900 3247 1995 imperii
3286 1909 3355 1971 et
3394 1899 3530 1972 de-

716 2026 1060 2098 votionem
1124 2033 1428 2097 nostram
1478 2024 1908 2098 efficeremus
1949 2025 2163 2097 artius
2214 2024 2590 2118 obligatum
2611 2079 2628 2110 ‚
2679 2045 2807 2096 nec
2859 2023 2990 2095 loci
3049 2025 3164 2097 vel
3211 2024 3534 2119 temporis

710 2149 1135 2243 oportunitas
1169 2147 1476 2221 affuisset
1506 2169 1647 2243 quo
1682 2157 2082 2243 conceptam
2130 2170 2294 2241 erga
2345 2171 2507 2220 eum
2548 2148 2996 2220 intentionem
3037 2157 3340 2220 nostram
3373 2169 3532 2244 pro-

712 2273 903 2366 sequi
932 2294 1057 2346 nos
1082 2273 1356 2345 deceret
1372 2300 1394 2363 3
1437 2272 1877 2366 contingente
1906 2294 2120 2345 causa
2134 2272 2346 2345 nostri
2381 2271 2592 2344 felicis
2610 2270 2956 2344 adventus
2970 2273 3042 2343 in
3057 2270 3535 2345 Alamanniam

711 2406 776 2468 et
829 2419 956 2490 pro
1030 2398 1515 2469 reformatione
1581 2397 1803 2469 tocius
1852 2406 2034 2471 terre
2086 2407 2304 2469 status
2350 2396 2604 2468 indicta
2659 2396 3012 2490 Maguntie
3073 2397 3266 2469 curia
3323 2418 3536 2492 gene-

713 2522 871 2608 rali,
910 2521 1137 2595 dictus
1165 2522 1320 2594 Otto
1348 2520 1440 2594 ad
1489 2520 1808 2594 eamdem
1850 2522 2113 2594 curiam
2157 2529 2444 2594 vocatus
2476 2521 2799 2610 accessit,
2853 2521 2924 2591 in
2975 2542 3115 2615 qua
3157 2521 3326 2593 dum
3365 2522 3535 2594 assi-

715 2645 1035 2717 dentibus
1071 2645 1270 2716 nobis
1306 2645 1743 2740 principibus
1762 2655 1989 2718 nostra
2015 2645 2353 2718 serenitas
2390 2643 2752 2735 resideret,
2790 2642 2879 2716 de
2903 2644 3337 2716 reformando
3361 2655 3537 2716 terre

714 2778 890 2840 statu
921 2769 1323 2862 disponens,
1362 2770 1757 2843 nominatus
1786 2771 1942 2842 Otto
1960 2768 2048 2843 de
2076 2768 2491 2841 Luneburch
2512 2768 2711 2839 flexis
2729 2768 3025 2862 genibus
3053 2790 3281 2840 coram
3306 2769 3533 2858 nobis,

712 2893 894 2963 omni
928 2892 1091 2966 odio
1126 2903 1193 2965 et
1223 2914 1512 2965 rancore
1543 2893 1938 2989 postpositis
1966 2916 2105 2989 que
2137 2894 2314 2966 inter
2349 2915 2644 2988 proavos
2679 2901 2947 2965 nostros
2977 2876 3273 2966 existere
3296 2905 3538 2989 potue-

713 3027 905 3108 runt,
969 3039 1045 3090 se
1091 3028 1310 3091 totum
1348 3020 1420 3089 in
1453 3018 1774 3090 manibus
1814 3019 2065 3091 nostris
2107 3019 2432 3112 exposuit
2472 3018 2723 3089 nostris
2768 3027 2950 3090 stare
2998 3017 3443 3113 beneplacitis
3473 3028 3544 3091 et

717 3141 1083 3231 mandatis,
1120 3153 1191 3213 et
1226 3143 1509 3236 insuper
1548 3143 1899 3236 proprium
1948 3152 2250 3215 castrum
2302 3165 2507 3213 suum
2545 3142 2956 3215 Luneburch
2991 3143 3182 3237 quod
3214 3143 3542 3217 idiomate

713 3266 1085 3338 teuttonico
1105 3274 1391 3338 vocatur
1404 3266 1650 3361 Eygen
1682 3287 1842 3338 cum
1858 3267 2093 3338 multis
2109 3266 2263 3338 aliis
2287 3266 2554 3353 castriS,
2587 3266 2786 3338 terris
2804 3276 2870 3340 et
2883 3266 3284 3339 hominibus
3312 3268 3538 3340 eidem

708 3400 932 3461 castro
969 3389 1472 3483 pertinentibus
1506 3390 1578 3460 in
1618 3398 1918 3462 nostram
1947 3391 2429 3485 proprietatem
2465 3400 2536 3462 et
2569 3389 2954 3463 dominium
2993 3392 3379 3488 specialiter
3410 3415 3537 3465 as-

706 3514 1034 3607 signavit,
1066 3523 1143 3585 ut
1170 3512 1259 3586 de
1289 3535 1372 3586 eo
1404 3512 1742 3607 quicquid
1765 3514 1963 3587 nobis
1980 3515 2281 3608 placeret
2316 3524 2643 3608 tanquam
2672 3515 2761 3589 de
2781 3527 3016 3588 nostro
3041 3518 3317 3611 proprio
3346 3519 3537 3590 sace-

698 3660 964 3711 remuS.
1015 3640 1156 3711 Nos
1190 3648 1422 3712 autem
1464 3640 1587 3733 qui
1625 3649 1941 3712 tenemur
1993 3638 2221 3712 modis
2260 3640 2582 3712 omnibus
2633 3640 3001 3735 imperium
3047 3651 3526 3734 augmentare,

698 3762 1090 3856 predictum
1146 3770 1446 3834 castrum
1501 3761 1591 3834 de
1634 3763 2047 3840 Luneburch
2097 3785 2258 3835 cum
2302 3764 2623 3837 omnibus
2666 3765 2938 3851 castris,
2998 3765 3427 3860 pertinentiis
3465 3778 3535 3838 et

695 3885 1103 3958 hominibus
1138 3887 1310 3977 suis,
1345 3886 1935 3982 quemadmodum
1975 3909 2067 3960 ex
2110 3886 2422 3980 ejusdem
2459 3886 2727 3959 Ottonis
2762 3887 3225 3979 assignatione
3264 3889 3336 3959 in
3372 3911 3532 3984 pro-

688 4011 1061 4104 prietatem
1093 4011 1516 4106 accepimus,
1550 4010 1622 4080 in
1656 4006 1998 4104 presentia
2025 4010 2414 4105 principum
2448 4010 2519 4080 in
2552 4010 2923 4105 imperium
2964 4012 3433 4085 transtulimus
3460 4022 3530 4087 et

690 4135 1173 4207 concessimus
1233 4144 1310 4205 ut
1347 4156 1467 4229 per
1515 4134 1880 4227 imperium
1937 4133 2273 4207 infeodari
2321 4134 2624 4206 deberet.
2683 4133 3040 4207 Civitatem
3102 4135 3385 4232 insuper
3442 4137 3534 4210 de

693 4257 1144 4348 Brunswich,
1183 4261 1383 4351 cujus
1418 4259 1857 4332 medietatem
1886 4257 2320 4354 proprietatis
2350 4257 2634 4330 dominii
2668 4279 2710 4328 a
2745 4258 3139 4330 marchione
3176 4258 3265 4331 de
3297 4260 3532 4334 Baden

695 4390 773 4452 et
832 4380 1173 4477 reliquam
1235 4382 1676 4455 medietatem
1733 4403 1775 4455 a
1847 4382 2027 4454 duce
2082 4382 2401 4454 Bawarie
2453 4381 2719 4454 dilectis
2787 4381 3217 4477 principibus
3281 4386 3531 4458 nostris

698 4505 999 4575 emimus
1029 4528 1155 4599 pro
1193 4515 1385 4600 parte
1421 4529 1719 4578 uxorum
1767 4521 2049 4578 suarum
2077 4528 2217 4600 que
2248 4507 2522 4576 fuerunt
2557 4505 2912 4598 quondam
2952 4505 3088 4578 filie
3125 4509 3400 4580 Henrici
3439 4509 3528 4581 de

703 4625 1118 4701 Brunswich
1156 4630 1426 4708 comitis
1460 4632 1744 4725 palatini
1768 4631 1936 4704 Reni
1961 4683 1982 4721 ,
2025 4630 2248 4726 patrui
2294 4629 2459 4701 dicti
2487 4631 2788 4721 Ottonis,
2839 4632 3150 4712 similiter
3183 4632 3257 4702 in
3284 4633 3527 4705 eadem
