4500 5956
724 3415 959 3469 munga
968 3446 984 3472 ,

762 3471 791 3513 2
804 3469 939 3524 janu.

1083 561 1205 623 612
1952 638 1959 645 ι
2135 559 2478 621 HENRICI
2528 560 2869 621 SEPTml
3536 558 3694 636 [Anu.
3731 560 3907 621 1233.

1088 696 1259 766 tiam
1294 692 1777 766 universorum
1811 692 1999 787 quod
2042 714 2169 766 nos
2211 693 2305 765 ad
2341 694 2735 766 instantiam
2764 701 2832 765 et
2864 690 3273 788 petitionem
3308 687 3539 763 dilecti
3580 691 3914 787 principis

1088 816 1304 890 nostri
1354 816 1653 889 Cunradi
1700 816 2042 912 Spirensis
2091 818 2432 914 episcopi,
2486 817 2808 893 fidelibus
2854 817 3129 890 civibus
3170 815 3422 888 nostris
3474 815 3916 912 Spirensibus

1086 961 1356 1013 necnon
1394 948 1670 1035 propter
1712 938 1966 1013 devota
1999 940 2332 1035 obsequia
2364 941 2773 1016 eorumdem
2812 963 2951 1035 que
2993 940 3195 1011 nobis
3246 949 3316 1012 et
3363 939 3654 1034 imperio
3680 940 3913 1035 sepius

1084 1063 1554 1135 exhibuerunt
1605 1071 1674 1134 et
1731 1063 2071 1136 exhibent
2121 1064 2576 1157 incessanter,
2636 1065 2840 1137 talem
2894 1062 3186 1154 gratiam
3241 1063 3530 1135 fecimus
3583 1061 3674 1137 de
3724 1083 3914 1135 mera

1083 1187 1506 1281 benignitate
1552 1187 1743 1280 regia
1785 1198 1862 1258 ut
1898 1187 2161 1283 absque
2215 1191 2527 1284 qualibet
2577 1189 2940 1263 exactione
2992 1189 3243 1260 telonei
3290 1209 3448 1259 cum
3501 1187 3704 1259 bonis
3765 1187 3911 1260 suis

1082 1311 1273 1405 apud
1327 1312 1758 1406 Oppenheim
1813 1321 2161 1384 transeant
2216 1312 2289 1384 in
2343 1313 2681 1404 descensu
2745 1325 2816 1387 et
2876 1334 3167 1385 ascensu
3235 1312 3449 1384 libere
3511 1323 3583 1384 et
3646 1312 3900 1406 quiete.

1081 1435 1514 1531 Quapropter
1548 1435 1950 1508 auctoritate
1984 1435 2173 1528 regia
2218 1445 2289 1508 et
2326 1437 2460 1510 sub
2510 1439 2797 1511 obtentu
2848 1436 3077 1531 gracie
3124 1444 3352 1508 nostre
3404 1434 3712 1508 districte
3751 1457 3908 1530 pre-

1083 1558 1376 1652 cipimus
1408 1556 1737 1650 quatinus
1772 1559 2003 1629 nullus
2041 1580 2215 1631 ausu
2255 1559 2509 1633 ductus
2551 1562 2910 1634 temerario
2953 1558 3141 1655 apud
3186 1560 3415 1632 locum
3459 1569 3910 1632 memoratum

1081 1702 1125 1753 a
1184 1680 1384 1752 bonis
1437 1680 1696 1751 civium
1747 1681 2237 1775 prelibatorum
2292 1685 2725 1758 exactionem
2791 1684 3088 1756 thelonei
3132 1684 3483 1776 requirere
3531 1691 3902 1778 presumat.

1083 1803 1290 1888 Quod
1328 1804 1449 1897 qui
1509 1805 2019 1899 attemptaverit
2067 1828 2350 1898 gravem
2401 1806 2730 1881 offensam
2775 1816 3006 1881 nostre
3050 1806 3476 1880 celsitudinis
3517 1828 3596 1878 se
3644 1806 3912 1879 noverit

1084 1928 1475 2000 incurrisse.
1536 1925 1646 1999 Ad
1688 1929 2024 2019 majorem
2068 1930 2304 2024 itaque
2360 1931 2782 2005 evidentiam
2828 1930 3162 2026 premisse
3208 1939 3438 2002 nostre
3489 1928 3904 2019 donationiS‚

1086 2051 1405 2144 sepefatis
1451 2051 1699 2123 nostris
1756 2051 2032 2124 civibus
2085 2063 2477 2148 presentem
2531 2054 2894 2149 paginam,
2935 2054 3158 2147 sigillo
3202 2062 3431 2126 nostre
3479 2054 3910 2126 celsitudinis

1085 2173 1602 2266 communitam,
1627 2175 1966 2267 jussimus
1996 2176 2338 2248 exhiberi.

1181 2300 1417 2372 Testes
1452 2300 1572 2394 qui
1619 2300 2073 2373 interfuerunt
2117 2301 2214 2373 hii
2250 2309 2413 2373 sunt
2457 2327 2474 2372 ε
2516 2302 2600 2373 H.
2644 2302 2949 2376 marchio
2987 2302 3076 2376 de
3110 2301 3380 2392 Baden,
3420 2321 3648 2373 comes
3691 2302 3778 2372 H.
3821 2300 3912 2374 de

1081 2419 1501 2495 Wirtinberc
1523 2477 1543 2515 ,
1599 2425 1683 2495 H.
1718 2425 2022 2498 Nifarius
2052 2424 2191 2521 (a),
2226 2426 2304 2498 C.
2348 2425 2486 2521 (E.)
2507 2426 2779 2521 dapifer
2816 2425 2906 2499 de
2941 2427 3303 2522 Walpurc,
3348 2422 3424 2494 C.
3461 2423 3794 2518 pincerna
3823 2422 3914 2497 de

1080 2545 1550 2640 Winterstete,
1585 2548 1672 2619 H.
1709 2548 1799 2620 de
1846 2549 2318 2645 Ravenspurc‚
2357 2550 2706 2623 Foneberc
2739 2550 2861 2646 (b),
2898 2551 3109 2624 etalii
3144 2549 3613 2645 quamplures.

1178 2671 1431 2744 Datum
1498 2670 1688 2766 apud
1756 2671 2136 2765 Ebelingen
2191 2672 2636 2768 (Ezelingen)
2663 2731 2684 2766 ,
2750 2695 2932 2746 anno
3004 2673 3350 2747 dominice
3427 2671 3916 2746 incarnationis

1083 2793 1323 2867 M⁰CC⁰
1341 2795 1561 2867 ΧΧΧΩ
1610 2795 1854 2891 tercio,
1895 2806 2142 2891 quarto
2178 2818 2397 2870 nonas
2425 2796 2645 2890 junii,
2687 2796 3062 2870 indictione
3096 2807 3308 2870 sexta.

3057 3078 3452 3091 —

1197 3362 1568 3449 Henricus
1584 3426 1609 3472 ,
1650 3365 2171 3448 Romanorum
2207 3390 2343 3446 rex
2358 3426 2383 3472 ,
2422 3364 2911 3448 donationem
2948 3388 3167 3446 areae
3202 3373 3276 3446 et
3310 3361 3712 3472 cujusdam
3746 3357 3911 3442 viae

1092 3496 1505 3607 adjacentis
1526 3558 1549 3604 ,
1607 3495 1972 3578 fratribus
2006 3496 2658 3580 Praedicatoribus
2716 3523 2763 3578 a
2814 3494 3106 3579 civibus
3161 3494 3321 3577 suis
3374 3493 3455 3575 in
3507 3491 3910 3602 Ezzlingen

1088 3632 1372 3718 factam
1390 3693 1415 3739 ,
1455 3640 1704 3714 ratam
1740 3629 1969 3714 habet
2004 3642 2079 3714 et
2112 3631 2430 3715 confirm
2439 3643 2540 3713 at.

1241 3848 1574 3927 (Ineditum
1602 3866 1681 3909 ex
1704 3848 1973 3927 originali
1998 3850 2062 3909 in
2089 3848 2328 3910 arctho
2353 3848 2668 3927 stuttgart.
2698 3844 3052 3926 asservato.)

1186 4036 1273 4107 H.
1294 4088 1316 4127 ,
1367 4037 1493 4109 Dei
1540 4036 1758 4130 gratia
1811 4035 2280 4110 Romanorum
2328 4059 2457 4109 rex
2512 4045 2584 4109 et
2628 4055 2897 4130 semper
2942 4037 3281 4125 augustus
3304 4083 3325 4121 ,
3380 4028 3727 4102 universis
3776 4027 3911 4100 hoc

1092 4159 1424 4252 scriptum
1470 4159 1883 4254 inspecturis
1931 4162 2220 4253 gratiam
2270 4182 2468 4233 suam
2512 4168 2582 4232 et
2624 4180 2830 4232 omne
2877 4158 3162 4230 bonum.
3203 4153 3643 4227 Universitati
3688 4160 3915 4225 vestre

1094 4290 1336 4353 notum
1387 4281 1679 4354 facimus
1713 4281 1908 4375 quod
1956 4282 2396 4356 donationem
2449 4304 2607 4356 aree
2641 4292 2711 4355 et
2769 4281 3134 4373 cujusdam
3182 4279 3297 4352 vie
3341 4276 3717 4371 adjacentis
3761 4276 3915 4349 fra-

1181 4449 1267 4531 (a)
1307 4450 1540 4514 Scilicet
1560 4449 1631 4511 de
1659 4449 1885 4531 Niffen,
1915 4452 2028 4513 sub
2054 4453 2243 4514 forma
2263 4458 2409 4514 tunc
2432 4455 2715 4529 temporis
2742 4452 3107 4531 frequentius
3128 4455 3429 4528 usurpata.

1182 4556 1263 4637 (b)
1308 4558 1719 4620 verisimiliter
1742 4558 1901 4619 idem
1927 4561 2033 4635 qui
2059 4574 2239 4635 supra
2254 4563 2501 4621 vocatur
2519 4555 2856 4639 liudolphus
2879 4557 2949 4620 de
2974 4555 3339 4622 Fumantem:
3361 4563 3422 4618 et
3444 4556 3589 4617 alias
3605 4548 3907 4632 Faveberq.

1094 4666 1234 4731 vid.
1264 4682 1325 4743 p.
1356 4674 1465 4727 601
1500 4671 1563 4727 et
1588 4675 1727 4728 611.
