4500 5956
1164 611 1283 672 736
2159 607 2583 668 FRIDERICI
2636 608 2985 668 SECUNDI
3607 613 3767 690 [Amr.
3805 614 3978 675 1235.

1167 744 1560 818 versitatem
1599 752 1899 814 vestram
1937 761 2263 833 rogamus
2289 750 2360 813 et
2406 742 2850 814 obsecramus
2898 742 2970 812 in
3021 743 3312 815 Domino
3349 744 3509 815 Iesu
3548 743 3845 836 Christo,
3908 747 3979 816 in

1167 868 1639 941 remissionem
1675 866 1876 938 vobis
1905 864 2382 961 peccaminum
2421 864 2863 967 injungentes
2913 865 3244 959 quatinus
3292 874 3579 961 pensato
3610 866 3980 962 prudenter

1168 992 1359 1087 quod
1390 993 1638 1063 Sancte
1689 993 1894 1063 Terre
1935 990 2289 1084 negotium
2345 1011 2481 1062 non
2534 990 2755 1085 possit
2787 989 3175 1085 promoveri
3231 989 3502 1062 facilius
3532 1012 3743 1084 quam
3792 991 3978 1085 quod

1170 1116 1579 1186 christianus
1631 1114 1932 1210 populus
1975 1113 2063 1184 sit
2117 1113 2187 1183 in
2245 1133 2489 1184 sereno
2521 1114 2712 1207 pacis
2758 1121 2827 1185 et
2875 1113 3240 1186 concordie
3291 1115 3736 1206 constitutus,
3797 1117 3982 1187 omni

1168 1261 1451 1312 rancore
1478 1238 1791 1332 deposito
1831 1260 2039 1330 quem
2077 1260 2167 1309 ex
2204 1258 2646 1330 quacumque
2681 1258 2888 1309 causa
2926 1246 3161 1310 contra
3203 1238 3624 1311 Lombardos
3655 1237 3985 1311 hactenus

1168 1363 1608 1457 concepistiS,
1652 1361 2078 1432 carissimum
2110 1361 2182 1430 in
2208 1359 2471 1433 Christo
2490 1360 2707 1430 filium
2737 1370 3046 1433 nostrum
3065 1361 3499 1434 =Fridericum
3528 1364 3986 1435 Romanorum

1170 1490 1644 1581 imperatorem
1667 1540 1686 1574 ‚
1730 1495 1893 1572 etc.‚
1938 1483 2029 1555 ad
2055 1483 2187 1555 hoc
2216 1484 2395 1554 sicut
2416 1484 2740 1556 attentius
2770 1485 3068 1578 poteritis
3104 1486 3350 1557 vestris
3392 1486 3986 1558 exhortationibus

1170 1609 1517 1682 inducatis
1539 1608 1726 1701 quod
1757 1608 1930 1701 ipse,
1970 1627 2410 1700 quacumque
2435 1605 2820 1679 turbatione
2852 1609 3177 1701 propulsa
3208 1631 3421 1703 quam
3446 1607 3986 1683 Lombardorum

1172 1732 1593 1826 presumptio
1628 1731 1730 1825 (l)
1776 1730 2003 1803 eidem
2031 1729 2412 1801 dinoscitur
2438 1730 2833 1820 induxisse,
2874 1732 3225 1824 negotium
3273 1732 3615 1804 societatis
3659 1734 3986 1805 Lombar-

1176 1853 1324 1943 die,
1357 1852 1658 1925 Marchie
1684 1852 2033 1924 Tervisine
2058 1873 2141 1923 ac
2161 1851 2560 1924 Romaniole
2587 1853 2657 1922 in
2693 1852 3014 1924 manibus
3047 1854 3351 1925 Ecclesie
3378 1858 3587 1946 juxta
3615 1854 3987 1949 imperialis

1178 1977 1391 2048 forme
1431 1987 1763 2064 tenorem,
1825 1996 2033 2070 quam
2081 1975 2171 2046 ab
2224 1976 2376 2070 ipso
2425 1976 2833 2071 imperatore
2873 1978 3260 2071 recepimus
3310 1986 3380 2049 et
3417 1977 3600 2051 dicte
3646 1978 3987 2051 societatis

1174 2095 1551 2170 rectoribus
1581 2097 1713 2168 sub
1743 2097 1931 2168 bulla
1964 2107 2193 2169 nostra
2228 2096 2542 2168 misimus
2585 2098 3020 2171 interclusam
3051 2098 3159 2194 (2)
3178 2156 3194 2185 ,
3249 2100 3513 2195 precise
3545 2122 3803 2198 ponere
3847 2123 3986 2172 non

1176 2223 1460 2294 omittat.
1501 2222 1750 2315 Sicque
1776 2220 1895 2292 fiat
1928 2222 2147 2313 quod,
2194 2222 2398 2293 vobis
2430 2244 2709 2294 causam
2748 2223 3072 2297 dantibus
3109 2246 3231 2319 per
3274 2247 3484 2319 quam
3524 2226 3810 2320 strepitu
3843 2247 3990 2298 ces-

1176 2356 1372 2417 sante
1408 2345 1750 2417 discordie
1782 2346 2001 2440 possit
2037 2345 2127 2417 de
2161 2345 2572 2418 Lombardie
2607 2349 2962 2442 provincia
2987 2349 3195 2421 rebus
3212 2358 3282 2420 et
3302 2349 3697 2421 hominibus
3719 2352 3991 2445 copiosa

1175 2472 1376 2543 Terre
1428 2472 1675 2542 Sancte
1735 2469 2173 2542 commodum
2227 2471 2626 2563 provenire,
2687 2481 2913 2544 vestra
2965 2473 3320 2545 sinceritas
3369 2473 3680 2568 proficiat
3731 2474 3826 2546 ad
3880 2495 3991 2546 re·

1175 2593 1564 2664 tributionis
1625 2602 1856 2664 eterne
1904 2591 2243 2686 premium
2293 2594 2485 2685 quod
2529 2615 2768 2688 pacem
2829 2593 3283 2688 diligentibus
3345 2597 3616 2691 paravit
3681 2597 3992 2669 conditor

1172 2719 1628 2811 singulorum.

1274 2845 1519 2913 Datum
1558 2840 1853 2925 Perusii‚
1895 2842 1955 2911 V
1992 2840 2326 2911 kalendas
2361 2841 2674 2933 augusti,
2717 2862 2900 2913 anno
2925 2862 3132 2913 nono.

1605 3154 1762 3164 —--

1288 3436 1694 3545 Gregorius
1766 3460 1963 3541 papa
2035 3434 2406 3543 magistro
2486 3444 2562 3517 et
2622 3435 2984 3519 fratribus
3058 3435 3455 3546 hospitalis
3525 3435 3992 3517 Hierusalem

1179 3571 1497 3650 mandat
1559 3580 1644 3648 ut
1696 3566 1955 3675 bajulo
2017 3575 2091 3647 et
2144 3567 2396 3675 legato
2448 3567 2804 3649 Friderici
2830 3630 2854 3675 ,
2911 3568 3431 3651 Romanorum
3474 3568 3990 3677 imperatoriS,

1179 3703 1257 3782 in
1304 3699 1645 3809 partibus
1693 3699 1953 3809 Syriae
1999 3698 2403 3781 consilium
2465 3710 2541 3780 et
2593 3699 2961 3782 auxilium
3013 3700 3471 3808 praebeant,
3537 3711 3613 3783 et
3671 3700 3992 3783 Johanni

1178 3837 1274 3916 de
1311 3831 1596 3915 lbelino
1633 3858 1721 3912 ac
1758 3830 2321 3914 Acconensibus
2359 3831 2647 3940 Tyrum
2692 3830 3040 3914 obsidere
3075 3832 3735 3940 praesumentibus
3770 3857 3850 3913 se
3885 3832 3998 3912 vi-

1176 3967 1416 4048 riliter
1450 3975 1862 4073 opponant.

1346 4180 1800 4258 (EdichAuu,
1839 4175 1979 4238 Cod.
2011 4175 2307 4257 diplomat.
2339 4175 2437 4237 del
2456 4193 2617 4237 sacro
2648 4174 2776 4236 ord.
2805 4175 2868 4236 di
2885 4174 3096 4251 Malta,
3128 4183 3172 4237 t.
3202 4178 3270 4256 1,
3301 4194 3362 4255 p.
3396 4186 3536 4251 271,
3566 4194 3644 4256 ex
3671 4177 3891 4238 Bullar.
3922 4178 3994 4251 Ε,

1419 4286 1522 4346 fol.
1555 4293 1705 4359 2353
1733 4301 1895 4344 nuuc
1919 4286 2242 4344 correctius
2269 4301 2344 4343 ex
2372 4283 2713 4343 collectione
2733 4284 2987 4359 Luporte
3012 4283 3095 4343 du
3122 4281 3343 4362 Then.)

1260 4521 1331 4590 (t)
1371 4519 1585 4577 Scilicet
1613 4526 1898 4592 postquam
1932 4520 2145 4577 Henrici
2184 4520 2326 4591 regis
2364 4526 2550 4576 contra
2589 4526 2799 4593 patrem
2834 4519 3111 4577 rebellioni
3151 4526 3258 4578 tam
3298 4526 3580 4594 promptas
3613 4536 3803 4579 manus
3845 4522 3972 4577 Lom

1182 4617 1336 4675 bardi
1366 4616 1740 4672 admovissent.

1257 4715 1332 4786 (ἰ)
1369 4712 1447 4770 Cf.
1478 4727 1658 4785 supra,
1678 4729 1734 4784 p.
1766 4713 1889 4782 490,
1916 4714 2040 4784 494,
2075 4714 2197 4783 492,
2226 4713 2349 4770 493.
