4500 5956
981 536 1105 602 842
1983 531 2422 595 FRIDERIGI
2474 529 2822 593 SECUNDI
3427 530 3591 618 [Anu.
3627 534 3800 599 lm

990 670 1340 761 cellarius,
1375 668 1533 742 vice
1559 666 1820 742 domini
1848 665 2125 743 Siferidi
2157 667 2560 761 Magnntine
2588 664 2776 739 sedis
2802 662 3298 762 archiepiscopi
3329 677 3401 743 et
3426 669 3499 741 in
3526 670 3807 746 Germa-

990 794 1105 867 nia
1138 791 1754 884 archicancellarii,
1797 793 2194 887 recognovi.

1085 916 1256 989 Acta
1291 926 1453 988 sunt
1476 916 1608 989 hec
1637 937 1822 988 anno
1850 915 2194 990 dominice
2224 912 2712 987 incarnationis
2754 910 3122 987 millesimo
3167 913 3643 990 ducentesimo
3685 916 3807 988 tri·

989 1039 1246 1114 cesimo
1275 1049 1505 1132 sexto,
1545 1060 1782 1113 mense
1818 1039 2068 1130 madii,
2122 1058 2305 1111 none
2349 1035 2782 1127 indictionis,
2825 1037 3204 1132 imperante
3243 1038 3532 1113 domino
3575 1047 3809 1113 nostro

984 1162 1329 1237 Friderico
1369 1162 1679 1236 secundo
1729 1163 1855 1235 Dei
1905 1163 2125 1255 gratia
2174 1162 2640 1234 Romanorum
2689 1160 3102 1256 imperatore
3156 1183 3427 1258 semper
3470 1173 3799 1258 augusto,

985 1286 1359 1359 Jerusalem
1391 1294 1460 1358 et
1484 1286 1717 1359 Sicilie
1745 1305 1948 1379 rege,
1988 1285 2276 1357 Romani
2308 1283 2576 1378 imperii
2604 1284 2757 1374 ejus
2785 1305 2969 1357 anno
3007 1284 3300 1379 septimo
3340 1285 3646 1376 decimo,
3695 1289 3805 1361 Je-

986 1411 1285 1482 rusalem
1313 1409 1684 1482 undecimo
1704 1462 1726 1500 ,
1775 1409 1972 1502 regni
2004 1428 2172 1480 vero
2196 1409 2350 1499 ejus
2379 1407 2609 1480 Sicilie
2636 1427 2820 1479 anno
2846 1407 3193 1482 tricesimo
3218 1410 3509 1505 septimo
3527 1468 3545 1498 ,
3598 1411 3808 1484 felici·

984 1543 1108 1606 ter.
1134 1532 1380 1605 Amen.

1082 1658 1335 1730 Datum
1361 1652 1552 1750 apud
1584 1654 2120 1749 Wetphelariam
2137 1707 2159 1747 ,
2201 1675 2421 1746 anno,
2456 1674 2700 1727 mense
2717 1710 2733 1741 ,
2771 1653 3146 1728 indictione
3174 1655 3594 1751 prescriptis.

1454 1968 2183 1979 ——0———0-0-——m
2197 1968 3340 1980 ”om——Q

627 2273 821 2373 {¹523}
832 2303 844 2318 -
1087 2251 1498 2361 Gregorius
1587 2276 1785 2359 papa
1858 2250 2423 2359 archiepiscopo
2501 2249 2947 2359 Maguntino
3018 2250 3339 2333 mandat
3417 2259 3504 2334 ut
3573 2251 3810 2335 electo

979 2382 1552 2489 Wormatiensi,
1614 2383 1677 2465 si
1715 2382 2030 2492 aliquod
2080 2382 2537 2465 canonicum
2574 2407 2731 2466 non
2797 2381 3134 2491 obsistit,
3175 2408 3462 2466 munus
3522 2407 3808 2466 conse-

977 2517 1334 2600 crationis
1382 2515 1802 2625 impendat.

1140 2727 1329 2809 (Edit.
1369 2746 1467 2807 ap.
1502 2731 1949 2803 Wnnnrwnnv,
1995 2729 2140 2792 Nov.
2186 2725 2405 2790 subsid.
2452 2724 2778 2808 diplomat„
2807 2733 2857 2790 t.
2896 2728 3016 2804 IX,
3045 2745 3110 2807 p.
3157 2735 3265 2805 10,
3294 2743 3372 2791 ex
3407 2734 3622 2809 regest.
3655 2729 3813 2792 Gre-

1216 2851 1346 2915 gor.
1376 2836 1488 2911 IX,
1520 2851 1678 2897 anno
1699 2834 1781 2911 X,
1810 2845 1876 2896 n⁰
1905 2838 2031 2910 69.)

1076 3023 1445 3116 Gregorius
1466 3080 1483 3110 ,
1519 3030 1691 3116 etc„
1733 3022 2116 3096 venerabili
2148 3021 2337 3095 fratri
2364 3021 2884 3117 archiepiscopo
2904 3019 3312 3114 Magantino
3327 3018 3806 3113 salutemjetc.

980 3148 1108 3220 Per
1145 3146 1402 3219 litteras
1460 3154 1616 3218 tuas
1667 3167 1754 3218 an
1801 3143 1895 3218 ad
1948 3145 2528 3218 consecrationem
2581 3144 2813 3217 dilecti
2861 3141 2984 3215 filii
3038 3196 3057 3215 .
3121 3195 3140 3213 .
3203 3195 3222 3215 .
3282 3142 3811 3216 Wormaciensis

983 3270 1182 3343 electi
1220 3269 1594 3365 procedere
1625 3267 1908 3359 debeas,
1947 3266 2333 3361 quesivisti.
2360 3267 2531 3339 Cum
2566 3267 2783 3360 igitur
2819 3265 2912 3339 ad
2944 3266 3338 3338 instantiam
3367 3265 3709 3337 karissimi
3740 3265 3811 3336 in

986 3393 1252 3466 Christo
1293 3391 1417 3463 filii
1462 3391 1679 3464 nostri
1710 3391 1788 3461 F.
1829 3390 2292 3462 Romanorum
2335 3388 2768 3485 imperatoris
2826 3409 3099 3483 semper
3148 3388 3462 3482 augusti,
3523 3408 3813 3461 venera-

985 3515 1243 3588 bilibus
1267 3514 1593 3587 fratribus
1617 3513 1869 3587 nostris
1888 3511 2332 3586 Ildesemensi
2348 3521 2415 3583 et
2429 3512 2909 3608 Ratisponensi
2927 3511 3267 3608 episcopis
3294 3511 3812 3606 inquisitionem

987 3660 1197 3735 super
1225 3636 1645 3733 quibusdam
1677 3638 1767 3710 de
1799 3639 2063 3733 prefato
2101 3636 2316 3709 electo
2347 3635 2897 3709 commiserimus
2926 3635 3317 3709 faciendam
3350 3657 3480 3708 nec
3512 3629 3811 3709 fueritin

991 3764 1142 3859 ipsa
1176 3784 1610 3859 processum,
1653 3762 1770 3834 illo
1806 3762 2078 3833 interim
2129 3760 2335 3834 bonis
2366 3760 2878 3856 episcopalibus
2914 3760 3249 3854 spoliato,
3304 3767 3579 3855 propter
3622 3757 3812 3852 quod

993 3887 1179 3962 idem
1229 3888 1322 3963 ad
1351 3887 1599 3963 Sedem
1630 3886 2096 3981 Apostolicam
2148 3885 2595 3980 personaliter
2643 3884 2982 3958 laboravit
3031 3882 3182 3981 (4);
3241 3882 3647 3957 fraternitati
3696 3892 3815 3954 tue

993 4012 1405 4086 mandamus
1441 4023 1784 4106 quatenus
1836 4033 1926 4084 ne
1971 4008 2505 4083 Wormaciensis
2551 4008 2840 4080 ecclesia
2895 4007 3116 4079 taliter
3164 4017 3435 4079 maneat
3488 4005 3813 4080 destituta

994 4145 1306 4231 pastore,
1341 4136 1714 4231 assumptis
1753 4134 2032 4207 duobus
2068 4135 2182 4207 vel
2208 4134 2428 4205 tribus
2466 4130 2922 4225 suffraganeis
2961 4131 3137 4216 tuis,
3183 4129 3411 4203 eidem
3457 4130 3709 4220 electo,
3755 4130 3812 4202 si

994 4259 1287 4354 aliquod
1318 4261 1723 4334 canonicum
1754 4281 1895 4332 non
1924 4259 2231 4348 obsistit,
2270 4280 2526 4330 munus
2551 4255 3083 4331 consecrationis
3109 4254 3496 4351 impendas.

1096 4383 1344 4456 Datum
1375 4383 1695 4475 viterbii,
1730 4383 1819 4454 111
1846 4404 2065 4455 nonas
2095 4382 2301 4474 maii,
2339 4364 2773 4478 pontificatus
2803 4379 3016 4454 nostri
3052 4399 3236 4453 anno
3269 4375 3567 4452 decimo.

1704 4552 1897 4560 .-—-——-

1062 4637 1140 4710 (4)
1178 4635 1299 4694 vid.
1326 4650 1518 4710 supra,
1546 4652 1604 4711 p.
1631 4636 1767 4708 778,
1796 4642 1908 4696 not.
1935 4639 1990 4696 2.
