4500 5956
865 666 1022 728 1028

940 799 1067 865 297,
1102 800 1227 869 304,
1260 802 1382 868 308,
1418 802 1542 870 357,
1574 804 1695 868 359,
1724 803 1849 871 479,
1879 801 2000 868 480,
2022 799 2289 867 484,483,

941 881 1066 948 772,
1096 882 1221 950 773,
1253 884 1376 952 874,
1412 886 1537 952 903,
1565 888 1690 941 925.

876 962 1230 1021 Theodericus
1276 980 1371 1021 8644
1402 967 1702 1037 Dietricus,
1731 966 2075 1024 ‘nevarensis
2118 964 2294 1022 archi·

940 1045 1254 1119 episcopus,
1275 1049 1397 1117 478,
1421 1050 1543 1118 667,
1570 1053 1693 1121 686,
1715 1052 1774 1106 64
1790 1051 1840 1120 4,
1865 1051 1989 1121 646,
2020 1052 2145 1119 648,
2167 1049 2294 1116 649,

943 1132 1065 1198 623,
1100 1132 1223 1199 632,
1252 1132 1375 1199 634,
1409 1134 1532 1201 640,
1561 1134 1683 1203 644,
1706 1134 1831 1203 648,
1854 1136 1979 1203 688,
2009 1135 2136 1201 752,
2165 1132 2292 1201 754,

940 1214 1066 1279 766,
1093 1214 1220 1281 764,
1244 1216 1373 1284 788,
1397 1216 1523 1284 794,
1552 1219 1678 1286 799,
1706 1219 1830 1287 864,
1861 1220 1985 1286 868,
2014 1219 2138 1286 866,
2167 1217 2296 1285 886,

943 1297 1067 1363 889,
1099 1298 1221 1364 844,
1255 1298 1378 1367 844,
1410 1300 1534 1370 846,
1559 1303 1682 1370 868,
1709 1304 1832 1370 888,
1855 1305 1981 1372 898,
2010 1303 2140 1356 966.

872 1378 1254 1451 Theodericus,
1284 1383 1648 1442 Verdiniensis
1675 1386 1985 1460 episcopus,
2016 1387 2140 1442 443.

875 1463 1228 1521 modericus
1268 1481 1365 1523 seu
1414 1469 1718 1540 Dietricus,
1764 1468 2038 1528 Clevensis
2083 1482 2297 1537 comes,

942 1549 1066 1618 644,
1093 1553 1215 1620 688,
1245 1552 1369 1620 768,
1399 1553 1526 1622 767,
1557 1555 1681 1622 844,
1711 1554 1833 1608 847.

873 1630 1260 1704 Theodericus,
1285 1634 1523 1691 marchio
1549 1635 1617 1692 de
1643 1635 1896 1704 Saxonis,
1925 1638 2049 1693 347.

877 1714 1229 1772 Theodoriana
1269 1716 1333 1772 de
1376 1717 1569 1773 Werda
1590 1760 1604 1787 ,
1650 1717 1791 1775 filius
1834 1717 2124 1790 sigeberti,
2171 1718 2298 1787 594,

880 1882 1202 1953 Theodorus,
1237 1884 1511 1942 Lutrensis
1559 1883 1730 1942 abbas
1774 1885 1829 1941 in
1870 1885 2127 1943 comitatu
2167 1885 2301 1942 Bur-

945 1965 1200 2038 gundiae‚
1230 1968 1353 2037 379,
1383 1971 1510 2024 560.

881 2049 1216 2120 1146164446444,
1248 2050 1381 2107 civis
1407 2052 1692 2126 Trojanus,
1712 2054 1838 2123 780,
1861 2055 1989 2112 782.

882 2131 1110 2188 Thema
1132 2131 1195 2188 de
1217 2133 1450 2205 Aquino,
1477 2151 1658 2192 comes
1676 2137 1998 2194 Acen-rarum
2023 2138 2135 2194 sive
2147 2137 2306 2193 Acer·

949 2231 1069 2284 rae,
1099 2218 1227 2285 272,
1247 2217 1376 2287 279,
1401 2219 1525 2289 364,
1557 2221 1680 2289 374,
1713 2221 1835 2290 407,
1868 2221 1991 2291 444,
2021 2222 2079 2276 44
2092 2224 2145 2291 5,
2176 2222 2306 2292 455,

952 2301 1076 2367 943,
1111 2300 1234 2357 942.

882 2383 1112 2439 Thomas
1134 2382 1198 2439 de
1221 2384 1553 2456 Brundusio,
1585 2390 1710 2458 248,
1742 2391 1802 2447 24
1815 2391 1866 2457 9,
1898 2394 2011 2445 4464.
2036 2392 2089 2443 4.

889 2466 1112 2523 17464668
1136 2466 1199 2523 de
1226 2468 1404 2539 Cym,
1430 2470 1781 2542 justiciarius,
1804 2476 1927 2542 433,
1957 2478 2070 2528 4464.
2100 2476 2154 2527 4.

888 2550 1115 2607 17466468
1149 2549 1212 2606 de
1233 2552 1596 2627 Montoniqro,
1629 2554 1953 2628 iusticiarius
1978 2554 2313 2628 Principatus

955 2644 1012 2691 et
1049 2635 1249 2692 Terrae
1289 2635 1717 2708 Beneventanae,
1761 2641 1886 2708 240,
1934 2645 2047 2696 4464.
2087 2642 2141 2710 4,
2181 2639 2310 2710 467,

958 2718 1082 2787 476,
1108 2721 1232 2787 688,
1265 2721 1390 2776 686.

889 2800 1206 2859 17464ηωί68
1232 2802 1294 2858 de
1324 2803 1632 2876 Benedicto,
1651 2807 1778 2864 429.

889 2885 1233 2956 Thomasius,
1263 2886 1467 2944 Salerni
1487 2890 1676 2961 judex,
1709 2891 1833 2957 520,
1865 2891 1990 2947 524.

890 2967 1237 3040 Thema-sius,
1268 2969 1472 3029 Salerni
1500 2972 1763 3042 notarius,
1797 2975 1921 3031 524.

896 3049 1173 3110 Tiebcrtus
1198 3054 1263 3110 de
1286 3057 1684 3125 Montemoreto,
1710 3060 1835 3113 373.

897 3136 1096 3204 Tiemo,
1122 3136 1551 3212 archiepiscopus
1571 3140 2002 3212 salzburgensis,
2029 3141 2155 3199 544.

897 3217 1295 3290 Tollenzarius,
1329 3224 1450 3278 360.

899 3302 1195 3357 Tomaoeius
1214 3301 1275 3357 de
1298 3302 1556 3374 Caldetio,
1578 3304 1845 3375 notarius,
1872 3308 2001 3362 960.

897 3383 1139 3441 16461168
1163 3384 1226 3441 de
1252 3387 1459 3459 Papia,
1487 3391 1613 3442 900.

900 3469 1124 3537 nocta,
1154 3484 1292 3525 uxor
1324 3511 1338 3525 .
1374 3509 1388 3524 .
1420 3510 1434 3524 .
1470 3508 1487 3524 .
1512 3468 1725 3542 Angeli,
1756 3471 1878 3527 470.

903 3551 1223 3623 1166918168,
1249 3553 1373 3608 470.

901 3634 1257 3709 1664169668
1282 3634 1348 3691 de
1369 3633 1766 3708 Stcvminqen,
1790 3639 1915 3692 338.

906 3718 1152 3789 1114644448,
1169 3719 1444 3777 Cumanus
1464 3720 1767 3794 episcopus,
1786 3724 1883 3777 284
1897 3763 1912 3791 ,
1932 3723 2038 3778 282
2063 3728 2120 3780 64
2140 3729 2256 3780 4464.
2271 3728 2291 3779 4
2306 3765 2323 3782 .

908 3802 1151 3872 Ubertus,
1178 3819 1359 3860 comes
1382 3803 1450 3860 de
1471 3805 1804 3876 Rovescalla,
1833 3809 1958 3863 306.

910 3885 1136 3943 ilbertus
1160 3886 1223 3943 de
1243 3886 1535 3959 Mandello,
1561 3890 1690 3944 798.

909 3968 1281 4040 11416861461668,
1307 3972 1658 4044 Augustensis
1677 3972 1964 4046 episcopus
1980 4016 1994 4043 ,
2025 3975 2150 4032 680.

914 4043 1025 4124 1196
1054 4051 1116 4107 de
1139 4055 1338 4123 116666,
1367 4057 1490 4112 429.

916 4138 1177 4208 1196114468
1201 4138 1264 4194 de
1288 4139 1552 4210 Cortona,
1585 4141 1709 4197 489.

916 4221 1162 4291 11961116,
1193 4219 1513 4293 advocatus,
1541 4225 1663 4293 348,
1698 4226 1820 4279 353.

918 4303 1117 4374 11944116
1141 4302 1202 4358 dc
1223 4305 1485 4377 Trissino,
1514 4308 1638 4378 958,
1667 4309 1793 4363 959.

922 4384 1140 4442 111τί668
1157 4428 1172 4456 ,
1200 4376 1326 4444 546.

927 4467 1170 4535 Uli-icus,
1196 4471 1364 4529 abbas
1390 4474 1699 4532 monasterii
1727 4474 1795 4530 de
1816 4473 2040 4548 Cappel,
2063 4475 2187 4546 458,
2210 4477 2340 4532 659.

927 4551 1172 4621 Uli-icus,
1197 4551 1370 4609 abbas
1396 4555 1813 4628 Lintburgensis,
1838 4558 1899 4612 74
1911 4560 1963 4614 2.

930 4635 1173 4706 11141668,
1201 4634 1372 4693 abbas
1394 4637 1462 4692 de
1486 4638 1744 4695 Μαι-148614
1760 4681 1775 4708 ,
1801 4643 1926 4695 823.

929 4717 1170 4789 111τί668,
1203 4718 1596 4793 Aquilegiensis
1642 4721 2072 4795 archiepiscopus
2115 4722 2351 4795 patriar-

995 4802 1123 4874 cha,
1153 4805 1281 4860 347.

2024 665 2281 727 ῙΝΒΕΧ
2328 665 2727 728 NOMINUM.

2466 797 2681 854 11141668
2721 794 2785 852 de
2823 793 3072 868 Kyburq,
3100 793 3371 852 curiensis
3406 793 3722 867 episcopus,
3761 794 3892 864 287,

2532 883 2659 951 296,
2687 882 2814 949 297,
2843 881 2969 947 476,
3003 878 3127 934 624.

2471 964 2711 1033 11144668,
2741 963 3012 1035 Spirensis
3037 962 3346 1035 episcopus,
3376 963 3503 1017 709.

2476 1048 2721 1116 11141668,
2754 1045 2921 1101 frater
2940 1043 3188 1112 Blanchi,
3222 1046 3344 1099 320.

2478 1131 2693 1188 Uli-icus
2718 1145 2813 1186 seu
2834 1128 3090 1196 Vult-icus,
3109 1126 3442 1200 praepositus
3464 1126 3697 1185 Sanctae
3716 1125 3902 1183 Crucis

2545 1214 2686 1287 apud
2715 1214 3034 1285 Augustam,
3064 1213 3187 1268 679.

2483 1298 2725 1365 Uli-icus,
2751 1295 3067 1369 burgravius
3092 1295 3160 1351 de
3179 1293 3381 1364 Witin,
3412 1295 3538 1362 273,
3558 1295 3684 1353 275.

2485 1381 2718 1449 Uli-icus,
2742 1394 2923 1436 comes
2940 1379 3009 1435 de
3030 1379 3218 1451 Eppan
3237 1418 3252 1445 ,
3281 1381 3339 1432 34
3352 1379 3405 1431 9.

2486 1466 2727 1534 Uli-icus,
2753 1463 3019 1532 notariae,
3045 1465 3170 1532 556,
3199 1465 3294 1519 594
3309 1504 3323 1532 ,
3350 1464 3474 1518 625.

2487 1551 2701 1608 Uli-icus
2728 1550 2791 1604 de
2818 1551 3012 1619 Berge,
3041 1549 3168 1602 680.

2489 1634 2703 1691 Uli-icus
2724 1632 2788 1688 dc
2811 1631 3190 1703 Helffinstain,
3221 1633 3347 1700 558,
3373 1632 3502 1687 585.

2490 1717 2704 1773 Uli-icus
2732 1715 2796 1770 dc
2825 1714 3181 1782 nasama-he,
3214 1715 3341 1770 556.

2487 1801 2704 1858 Uli-icus
2730 1799 2793 1855 de
2817 1799 3175 1870 Kunqestcin,
3205 1799 3333 1855 699.

2493 1886 2707 1943 Uli-icus
2734 1884 2797 1941 de
2819 1885 2977 1951 Lero,
3010 1885 3136 1940 590.

2494 1969 2707 2026 Uli-icus
2734 1967 2798 2024 dc
2821 1966 3061 2035 Lintha,
3094 1967 3217 2035 927,
3248 1966 3375 2020 928.

2492 2056 2709 2113 Uli-icus
2736 2054 2799 2109 de
2830 2050 3137 2124 Rifenbergy,
3165 2053 3289 2107 349.

2495 2139 2709 2196 mrtem
2731 2137 2794 2193 de
2824 2134 3216 2207 Rintzcmberq,
3245 2135 3373 2189 688.

2496 2222 2712 2279 111νί668
2738 2220 2801 2277 de
2818 2220 3053 2287 Stowiz,
3080 2219 3205 2275 547.

2498 2306 2713 2362 Uir-icus
2734 2303 2797 2360 de
2824 2301 3261 2373 stuchtelinyen,
3290 2301 3416 2356 585.

2501 2390 2715 2446 11161668
2743 2387 2806 2444 de
2835 2386 3143 2455 1611684616,
3172 2387 3297 2441 574.

2501 2473 2716 2529 Uli-icus
2745 2470 2988 2539 16846416,
3013 2471 3138 2525 792.

2502 2554 2718 2613 Ulricus
2751 2553 3175 2621 stacam-erius,
3205 2553 3329 2607 644.

2503 2638 2718 2697 11141668
2752 2636 3044 2694 Turbreche
3063 2679 3077 2705 ,
3116 2635 3375 2692 scultetus
3419 2630 3511 2705 qui
3555 2629 3750 2688 dicitur
3793 2628 3925 2683 An-

2569 2721 2780 2797 ρυειια,
2811 2724 2938 2787 666,
2970 2723 3093 2789 947,
3122 2721 3248 2775 928.

2506 2806 2788 2865 Umbertus
2803 2848 2818 2874 ,
2849 2804 3076 2861 clericus
3092 2846 3107 2874 ,
3140 2804 3262 2857 373.

2506 2889 2791 2948 embertus
2815 2887 3019 2946 8666448
3035 2928 3050 2957 ,
3081 2883 3361 2944 Mediolani
3388 2888 3653 2956 potestas,
3679 2881 3807 2937 798.

2506 2974 2657 3045 Urso,
2680 2970 3050 3046 Agrigentinus
3072 2969 3379 3043 episcopus,
3406 2968 3529 3025 453.

2510 3060 2642 3114 Urso
2669 3055 2733 3112 dc
2755 3053 3010 3122 Milicia,
3039 3054 3163 3110 470.

2512 3140 2795 3198 11486ῑί4468
2820 3138 2884 3195 de
2911 3139 3094 3207 114818,
3123 3137 3246 3204 347,
3279 3139 3402 3192 353.

2510 3224 2802 3282 1148611668
2825 3222 2888 3279 de
2915 3223 3077 3291 Bari,
3105 3221 3232 3288 796,
3251 3221 3380 3275 798.

2508 3310 2588 3379 V.,
2619 3305 2974 3365 Gozlariensis
2997 3304 3260 3372 4166844448,
3288 3303 3411 3358 665.

2509 3393 2566 3448 V.
2614 3390 2678 3447 de
2733 3392 2974 3446 Banasta
3024 3403 3123 3445 8644
3172 3389 3418 3443 Β6446846
3447 3425 3463 3453 ,
3521 3384 3618 3440 804
3644 3423 3660 3450 ,
3718 3380 3821 3434 806
3875 3382 3935 3434 64

2580 3479 2693 3530 4464.
2720 3473 2770 3528 ὸ.

2509 3555 2957 3623 Valentinianus,
2991 3556 3116 3610 924.

2514 3639 2741 3708 Vitalis,
2771 3636 3103 3695 castellanus
3134 3632 3440 3707 episcopus,
3466 3630 3588 3686 347.

2513 3723 2750 3792 Verncto,
2772 3720 2911 3776 filius
2936 3717 3096 3776 Ulrici
3118 3718 3185 3772 de
3210 3713 3569 3786 Kungestein,
3593 3713 3718 3770 699.

2513 3804 2817 3873 1161646468,
2848 3802 3119 3874 magister,
3149 3798 3388 3855 medicus
3429 3792 3781 3870 imperatoris,
3809 3793 3936 3848 382.

2515 3889 2766 3947 7611464448
2792 3888 2855 3945 de
2879 3883 3256 3952 nuremberch,
3287 3885 3412 3940 320.

2518 3971 2767 4029 volkerus
2788 3969 2851 4026 de
2879 3966 3216 4042 Risenberch,
3235 3967 3361 4021 349.

2517 4054 2824 4123 Volkoldus,
2851 4052 2993 4108 filius
3016 4049 3254 4107 Volkoldi
3270 4091 3284 4117 ,
3308 4048 3429 4116 927,
3457 4047 3583 4103 928.

2524 4137 2799 4196 1161646668
2821 4135 2884 4192 de
2908 4137 3193 4208 Limpurq,
3215 4132 3339 4187 648.

2522 4220 2840 4295 Volquinus,
2881 4218 3135 4289 magister
3177 4215 3406 4271 fratrum
3450 4208 3671 4268 militiae
3714 4204 3907 4264 Christi
3924 4247 3941 4274 ,

2593 4307 2720 4372 876,
2747 4304 2873 4371 946,
2899 4304 3022 4357 944.

2533 4390 2639 4459 W„
2662 4384 3138 4459 magdeburgensis
3166 4382 3394 4449 electus,
3422 4380 3552 4435 756.

2536 4474 2642 4539 W„
2672 4470 3021 4529 Carleslensis
3045 4468 3352 4541 episcopus,
3384 4464 3509 4520 542.

2533 4556 2638 4627 W„
2669 4555 2923 4628 pincerna
2945 4551 3014 4608 de
3036 4549 3268 4621 Schiphe
3285 4589 3299 4615 ,
3323 4549 3447 4602 580.

2535 4643 2614 4698 W.
2638 4639 2702 4696 de
2730 4636 3037 4696 Hali-enach
3057 4676 3071 4705 ,
3095 4646 3306 4701 comes,
3332 4630 3457 4688 304.
3477 4625 3597 4683 vid.
3614 4621 3949 4696 adolphus,

2597 4738 2781 4779 comes
2801 4722 2870 4778 de
2897 4719 3227 4777 Halremunt.

2537 4807 2622 4862 W.
2648 4805 2711 4862 dc
2732 4802 3213 4868 Hocilicbrunnen,
3241 4797 3366 4855 654.
