4500 5956
1737 623 2354 685 AanAMEN'rA.
3333 625 3455 686 939

639 765 796 838 dem
838 763 934 837 ad
970 762 1269 835 invicem
1308 782 1467 832 cum
1502 759 1604 832 eis
1634 759 1726 832 de
1755 759 1907 854 ipsa
1946 780 2118 854 pace
2154 768 2227 832 et
2260 758 2625 832 concordia
2664 760 3023 853 diligenter
3059 768 3444 833 tractantes,

640 888 1105 983 Responsione
1128 907 1296 959 vero
1323 885 1500 956 facta
1522 883 1613 955 ab
1644 884 1812 977 ipsis
1837 884 2241 974 rectoribus,
2272 884 2399 955 iter
2423 905 2657 956 eorum
2690 885 3083 956 festinanter
3104 885 3451 958 Ravenam

639 1011 728 1085 ad
762 1011 1024 1084 domini
1060 1008 1488 1104 imperatoris
1524 1007 1935 1102 presentiam
1980 1007 2276 1100 dirigere
2311 1015 2717 1079 statuerunt.
2773 1007 3084 1101 Cumque
3113 1019 3345 1080 essent
3379 1009 3449 1079 in

642 1135 905 1224 itinere,
946 1134 1131 1207 idem
1163 1132 1486 1206 dominus
1523 1132 1893 1226 imperator
1928 1130 2018 1203 de
2056 1152 2291 1203 eorum
2321 1131 2710 1223 intelligens
2740 1130 3042 1203 adventu
3074 1130 3190 1203 die
3223 1131 3455 1203 domi-

637 1259 790 1330 nico
806 1259 924 1332 vll
950 1257 1205 1330 mensis
1229 1256 1456 1328 martii
1485 1255 1663 1327 inter
1684 1276 1937 1327 nonam
1959 1264 2028 1326 et
2051 1276 2374 1350 vesperas
2399 1276 2556 1326 cum
2579 1276 2790 1349 parva
2810 1254 3013 1326 turba
3041 1254 3334 1326 militum
3362 1254 3453 1327 de

640 1383 784 1475 ipsa
810 1381 1131 1476 privatim
1162 1379 1409 1453 exiens
1435 1378 1736 1472 civitate,
1770 1378 2149 1472 equitando
2185 1377 2277 1450 ad
2308 1379 2515 1449 maris
2552 1378 2865 1473 pervenit
2894 1378 3159 1466 littora3
3197 1377 3454 1451 deinde

643 1526 921 1578 cursum
945 1502 1342 1597 navigando
1378 1522 1496 1597 per
1523 1500 1692 1573 Padi
1718 1501 1944 1574 undas
1967 1503 2323 1574 Loeretum
2360 1500 2641 1592 direxit,
2669 1501 2760 1572 ibi
2793 1522 3053 1573 moram
3084 1501 3364 1592 facienS,
3390 1511 3457 1573 et

646 1649 802 1698 cum
851 1625 1413 1699 ambaxatoribus
1457 1624 1742 1697 Venetie
1786 1624 1913 1695 fuit
1956 1624 2254 1715 locutuS,
2293 1623 2534 1696 dicens
2567 1634 2635 1695 et
2672 1625 2772 1695 eis
2803 1645 3187 1719 proponens
3226 1624 3459 1695 limina

645 1751 825 1823 beati
844 1749 1102 1822 Marchi
1123 1750 1403 1822 visitare
1425 1748 1898 1844 proposuisse3
1928 1748 2282 1844 postulans
2301 1749 2464 1819 utin
2484 1746 2729 1819 eadem
2745 1747 3024 1819 civitate
3045 1749 3271 1841 ipsum
3299 1770 3456 1819 cum

647 1875 848 1946 turba
872 1895 998 1946 sua
1018 1874 1322 1968 recipere
1342 1871 1696 1946 deberent.
1717 1873 1886 1945 Cum
1909 1881 2137 1944 autem
2164 1871 2645 1966 cognovissent
2667 1873 2942 1943 oracula
2957 1872 3185 1943 Sancti
3208 1870 3461 1943 Marchi

648 1999 923 2071 visitare
946 1997 1288 2088 statuisse,
1304 1996 1628 2070 conscilio
1651 1996 2151 2069 communicato
2175 1994 2266 2067 ad
2295 1994 2609 2067 eamdem
2630 2005 3114 2068 concesserunt
3134 1994 3463 2067 accedere

648 2118 1020 2212 civitatem,
1059 2142 1321 2193 moram
1357 2142 1526 2194 vero
1570 2120 1668 2192 ibi
1704 2120 1961 2193 faciens
1994 2141 2116 2215 per
2167 2128 2469 2212 quatuor
2502 2121 2612 2192 vel
2641 2120 2953 2214 quinque
2984 2119 3156 2193 dies.
3195 2120 3463 2192 Deinde

649 2245 737 2318 de
771 2267 852 2317 ea
881 2245 1123 2317 exiens
1150 2244 1450 2333 civitate,
1477 2266 1599 2339 per
1625 2245 1837 2317 maris
1865 2243 2092 2316 undas
2125 2244 2223 2316 sic
2246 2243 2648 2336 navigando
2679 2243 3113 2339 Aquilegiam
3139 2243 3464 2316 accedere

648 2368 1017 2459 festinavit,
1060 2370 1417 2440 locuturus
1456 2389 1614 2439 cum
1643 2367 2003 2440 Alamanie
2042 2367 2494 2462 principibus.
2556 2369 2811 2440 Verum
2856 2367 3025 2461 quia
3084 2367 3463 2441 cardinales

649 2492 875 2586 ipsum
920 2491 1236 2564 invenire
1278 2491 1559 2563 minime
1591 2500 1962 2587 potuerunt
1999 2502 2069 2563 et
2108 2489 2249 2563 fide
2281 2492 2514 2564 relicta
2552 2489 2949 2563 indecenter
2971 2512 3012 2562 a
3046 2492 3325 2564 Ravene
3367 2490 3464 2561 ci-

653 2616 861 2687 vitate
904 2624 1307 2704 secesserat,
1354 2614 1547 2709 quod
1598 2624 1702 2688 est
1759 2624 1993 2687 contra
2042 2613 2294 2686 summi
2338 2614 2677 2709 pontificis
2730 2613 3061 2687 honorem
3109 2614 3362 2708 pariter
3401 2622 3469 2685 et

652 2738 1152 2824 excellentiam,
1199 2738 1408 2811 valde
1438 2748 1604 2811 sunt
1636 2738 1837 2811 mesti
1869 2748 1939 2811 et
1971 2738 2346 2832 plurimum
2392 2738 2674 2809 turbati.
2719 2737 2852 2821 Qui
2893 2737 2984 2810 ad
3026 2737 3332 2810 Bononie
3374 2736 3471 2808 ci·

653 2863 920 2935 vitatem
982 2862 1324 2936 redientes
1376 2863 1759 2936 rectoribus
1805 2872 1874 2935 et
1923 2862 2487 2935 ambaxatoribus
2540 2862 2881 2934 societatis
2936 2860 3346 2935 Lombardie
3396 2863 3467 2935 in

651 2987 994 3061 mandatis
1028 2987 1372 3062 dederunt
1399 2997 1477 3059 ut
1506 2988 1797 3083 quilibet
1830 2986 1920 3060 ad
1950 3008 2077 3060 sua
2103 2986 2401 3060 debebat
2429 2986 2654 3059 redire
2678 2987 2979 3083 propria.

1078 3270 2370 3280 ———————-—-0—--0-———-—-----—--—
2385 3270 2527 3278 ...ο-
2545 3268 3038 3277 -..υ-.-α-ο-ο

765 3519 1188 3604 Fridericus
1202 3584 1226 3630 ,
1284 3522 1806 3606 Romanorum
1877 3522 2319 3631 imperator,
2377 3521 2477 3604 ad
2540 3521 3166 3631 supplicationem
3226 3520 3473 3604 Bam-

660 3651 1048 3762 bergensis
1084 3654 1445 3764 episcopi,
1486 3655 1948 3739 monasterio
1985 3655 2274 3760 [Sancti
2309 3655 2641 3763 Georgii]
2696 3657 2793 3737 de
2846 3655 3054 3738 Stein
3106 3655 3472 3739 telonium

660 3786 863 3892 apud
898 3786 1181 3871 Merket
1215 3797 1289 3870 et
1325 3797 1709 3870 monetam
1751 3789 1831 3869 in
1870 3787 2123 3871 Steine
2156 3787 2582 3870 confirmat.

820 3989 1116 4069 (Exti-act.
1154 3995 1352 4070 potius
1377 4009 1561 4070 quam
1590 3993 1813 4054 editum
1841 4009 1939 4070 ap.
1977 3992 2221 4070 Mnus,
2250 3991 2358 4051 Die
2382 3990 2729 4052 Bran-teuton
2755 3988 2858 4049 der
2890 3988 3165 4068 Schweiz,
3189 4008 3252 4069 p.
3281 4002 3381 4065 60,
3411 3996 3473 4054 in

900 4094 1295 4180 Micelaeilunq.
1324 4097 1429 4159 der
1462 4100 1761 4181 antiquar.
1788 4095 2066 4181 qeselkch.
2102 4099 2170 4159 in
2201 4097 2450 4177 Zur-ich,
2480 4106 2526 4160 t.
2557 4097 2676 4171 111,
2708 4113 2782 4157 ex
2810 4097 3145 4176 apographo
3172 4099 3477 4161 Kirchho-

894 4204 1049 4266 serii.
1081 4205 1279 4282 Hujus
1306 4207 1604 4285 privilegii
1638 4207 1800 4284 quod
1834 4222 2013 4284 supra
2038 4207 2516 4278 memoravimus,
2546 4222 2608 4281 p.
2643 4213 2780 4274 829,
2810 4221 2971 4265 nunc
3007 4211 3236 4282 partem
3276 4207 3477 4267 adesse

899 4311 1147 4371 libenter
1172 4314 1561 4389 suspicemur,
1591 4315 1850 4375 maxime
1876 4316 1927 4374 si
1954 4313 2033 4374 ad
2060 4312 2566 4374 confirmationem
2601 4310 2841 4372 Henrici
2875 4315 3111 4390 septimi
3134 4313 3336 4375 oculos
3374 4330 3479 4375 re-

898 4414 1209 4478 ducamus.
1240 4417 1331 4479 Cf.
1365 4434 1568 4496 supra,
1596 4435 1659 4496 p.
1692 4419 1856 4495 566.)

763 4586 1174 4679 FridericuS,
1217 4593 1339 4664 Dei
1381 4594 1596 4685 gratia
1623 4595 2079 4667 Romanorum
2119 4595 2488 4689 imperator
2523 4616 2791 4688 semper
2826 4603 3201 4687 augustus,
3242 4597 3478 4668 Hiero·

662 4710 928 4804 solyme
952 4722 1021 4784 et
1051 4713 1278 4787 Sicilie
1307 4736 1460 4789 rex.
1500 4717 1627 4790 Per
1659 4739 1937 4813 presens
1973 4720 2301 4815 scriptum
2333 4729 2568 4791 notum
2605 4718 2746 4791 fieri
2788 4721 3106 4793 volumus
3139 4720 3479 4792 universis

3643 3518 3771 3615 *fu

3562 3573 3671 3626 Aqui
3692 3575 3835 3625 egl-m

3567 3628 3699 3682 aprili
3727 3627 3835 3669 1232
