4500 5956
731 638 922 698 lmrcr.
954 634 1043 715 9.]
1627 634 2020 700 HISTORIA
2067 630 2655 698 DIPLOMA'ncA.
3434 624 3555 684 ’ΠἿ

840 1288 1254 1398 Gregorius
1301 1313 1503 1396 papa
1536 1285 2067 1397 Ratisponensi
2102 1299 2178 1372 et
2226 1284 2777 1372 Hildesemensi
2820 1282 3188 1393 episcopis
3240 1285 3558 1366 mandat
3604 1364 3661 1406 Ἃ
3681 1310 3968 1418 ,2ng

738 1430 820 1502 ut
846 1418 1066 1529 juxta
1121 1419 1468 1528 priorum
1521 1419 2066 1502 continentiam
2116 1420 2545 1502 litterarum
2608 1440 2924 1498 suarum
2947 1475 2971 1521 ‚
3027 1415 3109 1495 in
3163 1414 3553 1524 episcopos

737 1551 1355 1661 Herbipolensem
1428 1563 1503 1635 et
1574 1554 2131 1664 Augustensem
2159 1613 2183 1659 ‚
2259 1551 2714 1635 Fuldensem
2787 1547 3144 1631 abbatem
3213 1558 3289 1630 et
3365 1547 3557 1631 alios

739 1709 1030 1766 necnon
1076 1684 1157 1765 in
1201 1684 1843 1769 Wormatiensem
1896 1685 2219 1768 electum
2270 1695 2345 1767 et
2386 1683 2819 1767 Devardum
2863 1680 3313 1763 canonicum
3357 1680 3560 1763 Her-

738 1814 1232 1925 bipolensem‚
1267 1817 1403 1927 qui
1442 1816 1721 1899 similia
1756 1818 2357 1926 praesumpsisse
2390 1817 2779 1923 dicuntur,
2811 1815 3021 1898 omni
3059 1813 3560 1923 appellatione

739 1949 1150 2057 postposita
1185 1950 1626 2058 procedant.

897 2185 1125 2266 (Edidit
1149 2189 1423 2261 Herm,
1454 2186 1666 2249 Kaiser
1681 2187 1880 2250 Fried.
1910 2190 1991 2265 11,
2022 2190 2292 2264 docum„
2323 2206 2387 2264 p.
2421 2198 2562 2261 851,
2590 2198 2658 2248 η’
2689 2198 2798 2262 213
2828 2205 2904 2250 ex
2933 2194 3149 2267 regest.
3172 2187 3412 2266 Gregor.
3445 2187 3558 2260 IX,

971 2309 1109 2353 anu.
1140 2293 1250 2368 IX,
1274 2303 1342 2355 n⁰
1372 2293 1543 2375 282.)

834 2505 1253 2600 Gregorius,
1312 2515 1480 2591 etc„
1533 2504 2014 2600 Ratisponensi
2068 2503 2446 2599 imperialis
2500 2504 2658 2576 aule
2709 2503 3115 2576 cancellario
3167 2514 3246 2577 et
3293 2505 3570 2579 Ildese-

744 2628 955 2700 mensi
1007 2628 1383 2724 episcopis,
1435 2637 1569 2701 etc.
1613 2630 1791 2701 Olim
1846 2626 2086 2701 audito
2128 2626 2324 2722 quod
2369 2626 2796 2700 venerabiles
2840 2628 3077 2699 fratres
3122 2629 3334 2699 nostri
3392 2630 3569 2702 Her-

744 2750 1117 2846 bipolensis
1171 2761 1242 2825 et
1289 2750 1742 2845 Augustensis
1787 2751 2096 2847 episcopi
2139 2772 2222 2823 ac
2273 2750 2488 2823 abbas
2521 2750 2949 2837 Vultuensis,
2998 2750 3328 2822 oblivioni
3368 2772 3565 2824 com-

744 2875 947 2947 misso
991 2874 1184 2970 quod
1239 2874 1636 2948 carissimus
1686 2876 1757 2945 in
1813 2875 2078 2946 Christo
2138 2873 2325 2945 filius
2380 2881 2611 2946 noster
2667 2872 3051 2946 Fridericus
3103 2874 3567 2947 Romanorum

746 3000 1132 3095 imperator,
1185 3008 1357 3087 etc„
1409 2999 1734 3094 provisus
1765 3021 1808 3071 a
1843 2999 2135 3071 Domino
2170 2997 2475 3069 Ecclesie
2516 2997 2606 3068 sit
2642 2998 2959 3070 defensor
2996 3007 3065 3070 et
3111 2996 3460 3094 quidquid
3495 3001 3568 3071 in

742 3122 1088 3217 prosperis
1144 3123 1259 3194 vel
1323 3121 1616 3194 sinistris
1669 3121 1768 3193 illi
1827 3119 2161 3194 advenire
2224 3120 2640 3209 dinoscitur,
2704 3120 2924 3216 ipsius
3004 3122 3308 3226 Ecclesie
3367 3126 3570 3219 quasi

746 3246 1093 3339 proprium
1120 3254 1506 3341 reputetur,
1539 3244 1910 3338 juramenti
1944 3265 2084 3337 quo
2133 3253 2456 3315 tenentur
2493 3242 2720 3317 eidem
2768 3244 3103 3340 religione
3135 3256 3563 3342 contempta,

742 3367 948 3440 nobili
1004 3368 1158 3440 viro
1211 3369 1506 3441 Henrico
1578 3376 1741 3440 nato
1807 3388 1940 3439 suo
1989 3377 2225 3439 contra
2290 3387 2564 3440 omnem
2620 3367 2970 3441 hominem
3020 3370 3314 3464 prestitis
3357 3373 3574 3465 jura-

743 3493 987 3565 mentis
1021 3492 1467 3582 adheserant,
1510 3491 1757 3565 dantes
1804 3512 2083 3563 causam
2132 3501 2213 3562 ut
2263 3499 2481 3563 status
2525 3491 2713 3564 orbis
2765 3491 2883 3563 illo
2934 3513 3276 3565 concursu
3325 3493 3571 3567 discri-

741 3614 944 3686 minis
975 3615 1398 3704 turbaretur,
1429 3614 1623 3710 quod
1659 3635 1790 3688 nec
1827 3614 2027 3687 facile
2057 3613 2308 3708 corrigi
2337 3635 2465 3687 nec
2491 3615 2721 3686 multis
2757 3625 2992 3710 posset
3014 3615 3363 3689 laboribus
3390 3619 3563 3691 abo-

740 3735 858 3810 leri
880 3764 901 3828 ς
935 3738 1337 3811 fraternitati
1362 3747 1589 3813 vestre
1616 3736 1893 3810 dedisse
1919 3736 2286 3810 recolimus
2314 3737 2385 3807 in
2413 3737 2754 3833 preceptis
2776 3746 2853 3808 ut
2880 3738 3207 3832 inquisita
3231 3762 3439 3835 super
3459 3742 3571 3815 his

742 3858 1138 3954 diligentius
1169 3861 1492 3951 veritate,
1531 3861 1589 3933 si
1625 3869 1966 3934 constaret
1985 3860 2189 3933 vobis
2213 3881 2357 3933 rem
2391 3861 2615 3933 taliter
2643 3881 2721 3933 se
2741 3858 3024 3950 habere,
3067 3862 3237 3956 ipsis
3260 3883 3351 3936 ex
3378 3875 3574 3959 parte

741 3993 969 4056 nostra
996 3981 1281 4056 firmiter
1317 3985 1679 4079 injungere
1711 3982 2045 4056 curaretis
2087 3992 2166 4054 ut
2206 3983 2383 4055 infra
2415 3981 2595 4055 duos
2632 4003 2903 4055 menses
2938 3994 3094 4077 post
3118 3982 3565 4059 monitionem

742 4115 1039 4179 vestram
1070 4108 1411 4201 recepturi
1442 4129 1569 4203 pro
1596 4107 1860 4180 meritis
1881 4105 2269 4201 Apostolice
2296 4106 2498 4179 Sedis
2524 4127 2600 4178 se
2627 4106 3025 4201 conspectui
3057 4117 3561 4202 presentarent3

742 4227 1049 4323 alioquin
1086 4249 1207 4301 eos
1235 4229 1328 4302 ad
1362 4229 1436 4302 id
1471 4229 1872 4324 auctoritate
1898 4238 2129 4301 nostra
2166 4228 2301 4300 sub
2327 4226 2724 4324 Apostolica
2758 4226 3152 4302 obedientia
3175 4233 3509 4325 cogeretis
3536 4261 3560 4324 ς

740 4349 822 4420 D.
845 4350 1271 4445 prepositum
1302 4351 1395 4425 de
1425 4352 1719 4446 Hougue
1746 4361 1816 4425 et
1831 4351 2230 4424 Vualterum
2262 4351 2352 4424 de
2374 4352 2813 4446 Tanemburg
2847 4353 3211 4426 canonicos
3232 4355 3569 4454 Herbipo-

744 4470 999 4565 lenses,
1037 4473 1159 4566 qui
1191 4473 1660 4547 Mediolanum
1693 4482 1928 4548 contra
1964 4474 2446 4570 imperatorem
2486 4475 2813 4549 eumdem
2851 4477 3064 4549 ivisse
3105 4476 3196 4550 de
3237 4480 3567 4555 mandato

744 4593 907 4666 dicti
956 4595 1214 4668 nobilis
1275 4596 1706 4690 ferebantur,
1747 4619 2117 4694 suspensos
2168 4598 2260 4671 ab
2315 4597 2542 4672 officio
2600 4609 2669 4672 et
2729 4597 3087 4673 beneficiis
3135 4600 3228 4674 ad
3264 4612 3565 4678 nostram

744 4716 982 4789 venire
1033 4720 1448 4815 presentiam
1503 4742 1631 4817 per
1689 4743 2046 4796 censuram
2093 4722 2624 4797 ecclesiasticam
2680 4725 3137 4820 appellatione
3191 4727 3574 4822 postposita

934 4839 1045 4902 lv.
1088 4857 1199 4902 rm
1223 4858 1266 4901 π.
2527 4897 2532 4902 .
3172 4854 3250 4908 98
