4500 5956
792 586 990 649 Iunior.
1029 588 1153 664 10.]
1691 581 2083 643 HISTORIA
2135 579 2730 642 D1PLOMAT1cA.
3485 582 3606 643 909

791 721 1099 792 cessione
1168 717 1485 805 debetur,
1551 716 1814 809 integre
1864 717 2184 787 volumus
2257 714 2682 806 conservari,
2740 714 2932 807 quod
2996 726 3199 811 prout
3268 728 3371 790 est
3415 719 3603 793 fideli

792 852 1177 914 nostrorum
1234 839 1541 913 fidelium
1584 840 2028 932 inquisitione
2067 846 2450 931 repertum,
2505 839 2604 909 sic
2648 858 2769 931 per
2817 840 3140 913 officiales
3186 853 3452 916 nostros
3492 847 3608 917 in-

792 966 1202 1039 violabiliter
1235 964 1586 1036 observari
1623 962 2058 1036 mandamus.
2093 961 2401 1033 Alatrino
2428 961 2852 1033 subdiacono
2891 971 2960 1034 et
2997 966 3349 1059 capellano
3376 979 3604 1042 vestro

793 1087 1129 1161 beneficia
1154 1142 1175 1177 ,
1209 1089 1437 1181 siqua
1479 1095 1642 1158 sunt
1692 1086 1826 1158 sibi
1873 1085 2267 1156 officialium
2314 1093 2698 1156 nostrorum
2741 1086 3168 1160 infestatione
3218 1091 3597 1183 subtracta,

795 1235 953 1285 cum
1012 1212 1399 1305 integritate
1453 1211 1776 1282 volumus
1818 1209 2176 1302 resignari.
2228 1208 2562 1281 Ecclesiae
2614 1210 2967 1303 quondam
3015 1211 3310 1285 civitatis
3352 1218 3606 1290 Sorano

793 1357 932 1428 que
981 1337 1176 1408 velut
1231 1333 1551 1429 exemplo
1605 1333 1979 1425 Cartaginis
2023 1354 2222 1427 passa
2267 1333 2415 1423 jam
2467 1341 2768 1403 aratrum
2808 1333 3294 1426 indignationis
3331 1352 3598 1428 nostre,

786 1460 991 1550 juxta
1043 1458 1488 1547 sententiam,
1540 1456 1840 1529 civitatis
1901 1477 2149 1529 nomen
2200 1465 2270 1527 et
2316 1476 2519 1526 omen
2568 1455 2834 1545 amisit,
2882 1457 3203 1530 nolumus
3250 1465 3595 1556 reparari,

793 1579 1149 1674 presertim
1201 1600 1361 1649 cum
1434 1587 1749 1672 reparate
1797 1577 2053 1647 nullam
2107 1575 2460 1669 aliquibus
2530 1576 2892 1647 utilitatem
2954 1578 3313 1673 afferrent,
3372 1593 3608 1677 utpote

795 1724 952 1775 cum
999 1704 1227 1775 locum
1270 1700 1594 1774 eumdem
1638 1701 1709 1771 in
1763 1708 2163 1794 perpetuam
2219 1698 2605 1770 infidelium
2651 1709 2880 1771 notam
2937 1711 3265 1795 perpetuo
3313 1706 3609 1780 velimus

794 1825 1075 1899 excidio
1106 1826 1487 1917 subjacere.
1523 1824 1833 1896 Castrum
1876 1844 2043 1895 vero
2088 1822 2596 1914 Montisregalis
2628 1821 2820 1915 quod
2852 1823 3377 1898 Sarracenorum
3425 1831 3608 1901 insi-

796 1949 930 2023 diis
981 1949 1421 2041 subjacebat,
1454 1945 1547 2019 ad
1596 1947 2084 2018 monachorum
2123 1946 2517 2018 instantiam
2574 1947 2764 2018 velut
2815 1947 3122 2041 ipsorum
3177 1950 3611 2026 facultatibus

795 2094 1195 2161 onerosum,
1233 2072 1403 2165 quia
1446 2070 1883 2165 providentia
1922 2070 2181 2142 destrui
2239 2068 2615 2141 deliberata
2667 2069 3197 2160 mandavimus,
3259 2079 3612 2170 repentina

794 2198 1071 2270 levitate
1116 2216 1254 2267 non
1310 2195 1634 2266 volumus
1683 2194 2018 2288 reparari,
2087 2192 2489 2287 priusquam
2530 2192 2624 2265 ad
2663 2202 2890 2287 partes
2938 2194 3122 2290 ipsas
3165 2199 3397 2271 omine
3448 2224 3612 2295 pro-

795 2343 997 2416 spero
1029 2318 1427 2409 redeunteS,
1476 2317 1669 2412 quod
1711 2318 1910 2389 nobis
1958 2327 2026 2389 et
2077 2316 2363 2389 ecclesie
2396 2317 2615 2409 magis
2655 2316 2990 2411 expedire
3042 2319 3420 2395 viderimus
3456 2324 3613 2398 dis-

794 2465 1158 2540 ponamus.
1212 2443 1353 2515 Nec
1412 2442 1502 2513 de
1549 2441 1750 2513 bonis
1791 2439 2078 2512 ecclesie
2117 2438 2512 2533 supradicte
2562 2461 2774 2531 quam
2830 2442 3387 2534 predecessorum
3441 2469 3614 2520 nos—

794 2579 1055 2641 trorum
1126 2586 1306 2659 opus
1378 2564 1738 2657 egregium
1805 2563 2266 2646 admiramur,
2340 2584 2461 2656 per
2536 2584 2662 2634 nos
2724 2563 2990 2656 aliquid
3057 2568 3406 2640 noscimus
3463 2592 3616 2644 esse

795 2693 1265 2780 subtractum;
1306 2689 1499 2785 quod
1535 2710 1693 2760 cum
1731 2689 1823 2761 ad
1861 2688 2170 2761 notitiam
2213 2696 2514 2758 nostram
2548 2687 2781 2779 aliquo
2821 2687 3166 2762 deferente
3196 2696 3608 2785 pervenerit,

797 2818 1061 2909 integre
1110 2814 1379 2885 restitui
1434 2813 1786 2885 faciemus,
1831 2812 2154 2883 Similiter
2207 2820 2276 2882 et
2335 2809 2621 2882 ecclesie
2665 2810 3113 2902 Squillacensi
3165 2814 3224 2884 si
3268 2837 3406 2909 qua
3455 2828 3617 2889 sunt

798 2940 887 3015 de
936 2937 1139 3011 bonis
1194 2936 1414 3034 ipsius
1466 2936 1855 3030 aliquorum
1913 2935 2173 3008 malitia
2231 2942 2469 3007 contra
2515 2935 2850 3025 justitiam
2901 2946 3266 3031 occupata,
3326 2961 3616 3034 persone

797 3062 1167 3154 cujuslibet
1214 3059 1612 3154 acceptione
1659 3068 1958 3151 remota,
2024 3059 2293 3130 restitui
2350 3080 2506 3130 cum
2563 3060 2951 3152 integritate
3004 3062 3449 3154 mandamuS,
3490 3077 3616 3138 ut-

797 3195 956 3282 pote
989 3185 1112 3279 qui
1149 3205 1276 3256 nec
1307 3184 1380 3253 in
1417 3182 1527 3253 his
1559 3203 1687 3254 nec
1719 3183 1789 3252 in
1828 3180 1981 3254 aliis
2012 3181 2280 3253 deferre
2317 3180 2751 3276 disponimus
2783 3183 3046 3255 homini
3100 3197 3334 3259 contra
3362 3189 3610 3261 Deum.

798 3313 1016 3404 Super
1047 3330 1130 3381 eo
1166 3328 1333 3381 sane
1364 3306 1558 3402 quod
1595 3305 1685 3379 de
1716 3306 2002 3378 ecclesia
2033 3304 2342 3393 Mefiensi
2381 3302 2482 3401 (l)
2515 3314 2585 3377 et
2613 3307 3042 3379 monasteriis
3075 3309 3304 3382 Sancti
3335 3311 3618 3383 Ioannis

797 3436 871 3507 in
929 3432 1193 3519 Lamis,
1247 3432 1451 3504 Terre
1483 3430 1798 3521 Majoris,
1845 3429 2059 3502 Mileti
2113 3439 2183 3502 et
2235 3431 2485 3501 Sancte
2543 3430 2926 3525 Euphemie
2970 3454 3129 3503 cum
3183 3434 3441 3526 quibus
3495 3436 3618 3530 ip-

798 3578 1031 3630 sorum
1064 3554 1515 3627 indemnitate
1550 3562 1819 3625 servata
1852 3553 2439 3648 permutationum
2471 3561 2859 3625 contractus
2895 3555 3252 3646 inivimus,
3293 3579 3423 3628 nec
3457 3580 3618 3629 con-

798 3678 1159 3752 scientiam
1213 3686 1517 3749 nostram
1569 3676 1642 3746 in
1689 3676 1922 3769 aliquo
1969 3697 2097 3747 nec
2142 3677 2477 3767 justitiam
2527 3677 2877 3748 credimus
2922 3676 3328 3767 offendisse,
3386 3688 3619 3773 utpote

799 3825 956 3875 cum
1000 3800 1310 3874 ecclesiis
1344 3799 1432 3871 sit
1480 3809 1771 3893 utroque
1808 3799 1966 3890 jure
1996 3799 2405 3893 permissum
2442 3819 2645 3893 posse
2675 3821 2833 3870 cum
2873 3801 3302 3895 principibus
3342 3825 3619 3896 permu-

799 3937 978 4015 tare;
1021 3926 1080 3997 si
1116 3946 1255 4019 que
1290 3931 1453 3995 sunt
1483 3933 1714 3995 tamen
1766 3918 1858 3994 de
1908 3922 2218 3994 ecclesiis
2271 3922 2632 3994 antedictis
2668 3922 2924 4015 quibus
2957 3945 3095 3994 non
3145 3926 3236 3995 sit
3294 3948 3415 4019 per
3462 3928 3615 3998 offi-

799 4050 1004 4122 ciales
1062 4056 1330 4119 nostros
1378 4044 1450 4116 in
1507 4045 1971 4117 satisfactione
2014 4044 2272 4116 vicaria
2335 4043 2755 4118 satisfactum
2813 4046 2906 4118 ad
2957 4047 3273 4140 plenum,
3327 4048 3619 4121 libenter

798 4172 1056 4246 eisdem
1095 4169 1409 4242 satisfieri
1445 4167 1972 4252 mandabimuS,
2018 4166 2187 4240 dum
2219 4177 2447 4241 tamen
2495 4190 2571 4240 se
2606 4167 2863 4241 discola
2905 4169 3322 4263 prelatorum
3359 4173 3615 4246 malitia
3707 4143 3710 4156 Ι

800 4318 936 4369 non
972 4304 1297 4390 opponat.
1336 4294 1606 4379 Quibus
1633 4315 1792 4364 cum
1824 4291 2056 4365 omnia
2091 4293 2237 4364 sere
2267 4291 2831 4387 predecessorum
2867 4303 3252 4368 nostrorum
3278 4305 3350 4368 et
3384 4307 3616 4369 nostra

870 4599 941 4674 (t)
977 4599 1068 4656 Sic
1093 4598 1149 4654 in
1173 4597 1402 4655 duobus.
1440 4597 1541 4654 Hic
1564 4602 1749 4656 autem
1770 4612 1878 4654 non
1904 4596 1973 4656 de
1993 4596 2218 4656 ecclesia
2254 4596 2509 4660 melfiensi
2523 4641 2538 4672 ,
2562 4598 2661 4657 sed
2681 4597 2860 4673 potius
2893 4600 2962 4657 de
2989 4598 3299 4659 Melfictensi
3333 4601 3613 4676 (Molsetta)

800 4696 1124 4756 mentionem
1150 4693 1268 4753 fieri
1289 4695 1628 4753 arbitramur.
