4500 5956
962 571 1083 634 868
1858 621 1865 628 .
1970 569 2400 635 amomum
2449 567 2799 629 suenum
3401 570 3564 652 [Anu.
3601 572 3770 636 1236.

1064 702 1415 803 [Sequitur
1469 706 1560 780 de
1604 709 1818 781 verbo
1872 708 1963 782 ad
2005 708 2298 781 verbum
2343 705 2782 800 privilegium
2827 704 3067 777 datum
3120 707 3310 801 apud
3349 707 3729 802 Nuenburg
3752 764 3771 798 ,

965 828 1060 903 28
1090 831 1395 921 januarii
1425 832 1548 905 ⁴2⁴
1569 835 1656 922 ὃς
1689 832 1883 925 quod
1908 854 2118 927 supra
2149 829 2563 916 videndum,
2596 838 2647 900 t.
2681 830 2744 920 1,
2785 849 2858 922 p.
2892 825 3096 926 352]

1060 953 1198 1025 Nos
1244 952 1453 1045 igitur
1484 951 1754 1028 devotis
1797 953 2420 1051 supplicationibus
2460 950 2748 1047 predicti
2802 951 3074 1024 abbatis
3112 974 3238 1046 pro
3282 973 3358 1026 se
3386 965 3456 1026 et
3482 954 3775 1029 ecclesia

963 1097 1090 1147 sua
1121 1077 1425 1148 Portensi
1460 1079 1921 1151 favorabiliter
1954 1078 2292 1167 inclinati,
2329 1097 2453 1171 pro
2486 1073 2793 1148 remedio
2828 1076 3059 1148 anime
3088 1084 3320 1150 nostre
3355 1087 3425 1149 et
3455 1077 3773 1150 divorum

832 1205 839 1212 ’
961 1199 1475 1294 progenitorum
1527 1211 1915 1273 nostrorum
1972 1202 2458 1298 imperatorum
2509 1208 2576 1271 et
2612 1219 2860 1291 regum
2905 1198 3287 1294 predictum
3337 1200 3772 1295 privilegium

960 1323 1307 1397 indultum
1373 1326 1783 1398 monasterio
1849 1325 2202 1421 sepedicto
2255 1334 2562 1418 tempore
2621 1322 2819 1416 regni
2876 1322 3085 1395 nostri
3136 1323 3364 1396 eidem
3417 1325 3652 1397 abbati
3706 1334 3774 1398 et

958 1446 1285 1518 fratribus
1318 1446 1662 1519 Portensis
1698 1449 1983 1521 ecclesie
2009 1447 2099 1521 de
2136 1446 2565 1544 plenitudine
2610 1446 2982 1541 imperialis
3013 1446 3230 1541 gratie
3260 1445 3768 1522 confirmamus.

956 1569 1141 1641 Nulli
1191 1590 1356 1662 ergo
1406 1571 1687 1642 omnino
1722 1571 2079 1643 hominum
2137 1568 2341 1644 liceat
2384 1569 2564 1642 hanc
2610 1570 2909 1643 divalem
2962 1568 3496 1644 confirmationis
3543 1581 3773 1645 nostre

961 1693 1283 1788 paginam
1329 1692 1701 1785 infringere
1749 1695 1859 1766 vel
1912 1695 1977 1766 ei
2028 1716 2200 1766 ausu
2246 1694 2607 1766 temerario
2651 1693 2960 1765 obviare.
3004 1693 3208 1778 Quod
3239 1693 3363 1786 qui
3405 1715 3774 1789 presump-

959 1817 1126 1890 serit
1158 1817 1230 1887 in
1264 1816 1637 1889 vindictam
1672 1818 2066 1891 temeritatis
2100 1839 2226 1891 sue
2263 1829 2535 1891 centum
2571 1839 2838 1891 marcas
2867 1817 3018 1889 auri
3055 1827 3445 1912 componat,
3479 1840 3772 1911 quarum

961 1940 1190 2012 media
1233 1961 1392 2034 pars
1427 1961 1697 2014 camere
1726 1951 1982 2027 nostre,
2024 1942 2289 2035 reliqua
2329 1963 2498 2014 vero
2544 1942 2765 2036 passis
2801 1942 3125 2034 injuriam
3163 1942 3611 2035 persolvatur.
3663 1941 3772 2015 Ad

960 2065 1169 2156 hujus
1219 2065 1452 2157 itaque
1510 2065 2043 2138 confirmationis
2091 2075 2322 2138 nostre
2369 2066 2765 2138 memoriam
2818 2074 2888 2138 et
2945 2065 3153 2136 robur
3208 2074 3540 2161 perpetuo
3581 2066 3774 2137 vali-

958 2200 1190 2260 turum
1215 2241 1236 2273 ,
1297 2209 1578 2283 presens
1630 2190 2070 2284 privilegium
2120 2188 2267 2262 fieri
2316 2199 2387 2260 et
2438 2190 2665 2284 sigillo
2721 2199 2952 2261 nostre
3001 2187 3430 2261 celsitudinis
3485 2189 3774 2262 fecimus

955 2313 1301 2408 insigniri.

1052 2438 1274 2529 Hujus
1308 2446 1539 2510 autem
1590 2437 1687 2509 rei
1734 2446 1939 2509 testes
1984 2447 2147 2508 sunt
2181 2462 2199 2506 z
2241 2436 2670 2510 venerabiles
2699 2436 3120 2510 Eckebertus
3154 2436 3769 2532 Babenbergensis,

961 2615 980 2634 .
1015 2616 1031 2633 .
1063 2615 1080 2632 .
1118 2561 1573 2651 Pataviensis,
1608 2560 1847 2633 Siboto
1883 2559 2345 2653 Augustensis
2374 2560 2705 2655 episcopi,
2738 2561 2896 2633 Otto
2926 2581 3161 2634 comes
3188 2561 3529 2657 palatinus
3553 2561 3772 2635 Rheni

954 2695 1023 2758 et
1085 2685 1236 2757 dux
1287 2685 1642 2776 Bawarie,
1708 2738 1727 2756 .
1758 2738 1777 2755 .
1807 2739 1828 2757 .
1885 2685 2315 2779 lantgravius
2359 2685 2772 2779 Thuringie‚
2834 2684 3188 2758 Conradus
3232 2685 3642 2778 burgravius
3687 2685 3776 2759 de

952 2810 1412 2899 Nuerinberc‚
1459 2864 1477 2882 .
1514 2862 1531 2879 .
1564 2866 1580 2881 .
1629 2809 2086 2902 burcgravius
2120 2808 2774 2903 Magdeburgensis‚
2811 2809 3167 2882 Conradus
3215 2810 3306 2881 de
3341 2808 3767 2900 Tannerode,

953 2933 1300 3007 Gotfridus
1337 2935 1427 3009 de
1466 2934 1862 3007 Hohenloch
1908 2956 2138 3008 comes
2172 2935 2609 3027 Romaniole‚
2644 2933 3030 3008 Fridericus
3075 2932 3165 3006 de
3200 2932 3769 3028 Truheudingen,

954 3058 1375 3130 Gunzeliuus
1423 3058 1513 3131 de
1564 3059 2078 3151 Wolfterbutel,
2130 3059 2487 3132 Conradus
2540 3060 2866 3154 pincerna
2899 3059 2990 3132 de
3021 3057 3498 3143 Wintherstet,
3552 3067 3622 3129 et
3656 3058 3772 3130 alii

959 3182 1421 3275 quamplures.

1055 3304 1338 3397 Signum
1389 3305 1651 3377 domini
1703 3307 1915 3378 nostri
1954 3304 2284 3379 Friderici
2331 3305 2657 3398 secundi,
2711 3304 2835 3377 Dei
2879 3305 3096 3399 gratia
3151 3303 3585 3376 invictissimi
3636 3306 3772 3378 Ro-

965 3448 1325 3499 manorum
1372 3428 1798 3523 imperatoris
1831 3450 2101 3524 semper
2147 3429 2461 3522 augusti,
2496 3429 2870 3501 Jerusalem
2902 3439 2969 3499 et
3006 3426 3237 3500 Sicilie
3271 3426 3474 3521 regia.
3515 3424 3775 3524 (Mono-

952 3553 1316 3648 qramma.)

1051 3677 1222 3748 Acta
1284 3685 1447 3746 sunt
1508 3675 1637 3747 hec
1704 3697 1887 3748 anno
1952 3675 2297 3748 dominice
2359 3676 2846 3749 incarnationis
2892 3673 3062 3746 MCC
3119 3673 3462 3747 tricesimo
3525 3683 3768 3765 sexto,

953 3821 1188 3872 mense
1227 3799 1439 3892 junii,
1488 3820 1669 3872 none
1715 3798 2149 3892 indictioniS‚
2199 3801 2585 3896 imperante
2629 3798 2911 3873 domino
2956 3808 3187 3871 nostro
3236 3797 3600 3871 Frederico
3647 3818 3774 3870 se-

955 3924 1219 4015 cundo,
1281 3925 1402 3996 Dei
1459 3925 1680 4018 gratia
1732 3926 2191 3998 Romanorum
2241 3926 2648 4019 imperatore
2691 3945 2963 4019 semper
3010 3932 3346 4014 augusto,
3392 3921 3773 3994 Jerusalem

954 4058 1024 4119 et
1071 4049 1302 4121 Sicilie
1348 4069 1547 4143 rege,
1601 4050 1890 4121 Romani
1947 4050 2215 4144 imperii
2261 4051 2411 4141 ejus
2460 4069 2644 4119 anno
2684 4047 2975 4142 septimo
3029 4045 3334 4134 decimo,
3396 4043 3771 4117 Jerusalem

956 4170 1362 4261 undecimo,
1399 4172 1593 4267 regni
1629 4194 1796 4244 vero
1827 4176 1977 4267 ejus
2013 4174 2239 4245 Sicilie
2271 4169 2615 4244 tricesimo
2661 4172 2951 4266 septimo
3002 4167 3063 4265 (4
3080 4168 3136 4267 )‚
3176 4167 3479 4241 feliciter.
3517 4166 3763 4239 Amen.

1052 4294 1299 4367 Datum
1337 4296 1527 4391 apud
1569 4295 1925 4388 Werdam,
1967 4318 2178 4389 anno,
2217 4316 2478 4388 mense,
2523 4292 2895 4368 indictione
2939 4291 3358 4389 prescriptis.

1028 4677 1094 4754 (4)
1131 4677 1215 4736 Ab
1244 4678 1348 4737 hoc
1364 4679 1515 4754 junio
1545 4696 1731 4739 mense
1760 4695 1935 4739 annus
1959 4681 2106 4754 regni
2135 4681 2343 4739 Siciliae
2367 4682 2668 4741 tricesimus
2694 4698 2868 4741 nonus
2880 4683 2997 4757 jam
3020 4681 3229 4739 initium
3251 4682 3575 4753 sumpserat.
