4500 5956
628 552 823 613 lnmcr.
854 549 951 626 5.]
1532 542 1927 605 HISTORIA
1977 542 2563 608 DIPLOMATmA.
3328 549 3448 611 577

630 685 791 757 mile
844 682 1006 777 quis
1065 679 1247 752 alius
1299 679 1370 748 in
1422 679 1765 773 sepefatus
1822 677 2209 773 capellanos
2265 688 2532 753 nostros
2583 688 2655 752 et
2703 682 2964 754 clerum
3017 680 3273 756 audeat
3327 692 3448 757 at-

631 798 987 901 temptare.

723 930 975 1000 Datum
1007 922 1202 1020 apud
1231 921 1752 1012 Franchenfurt,
1796 943 1980 995 anno
2014 922 2365 996 dominice
2396 925 2887 998 incarnationis
2922 926 3282 1000 millesimo
3317 925 3450 1001 dn·

634 1048 1002 1123 centesimo
1032 1046 1377 1119 wicesimo
1404 1044 1744 1135 secundo,
1781 1042 2095 1118 kalendis
2128 1045 2436 1138 augusti,
2478 1046 2855 1122 indictione
2889 1048 2973 1120 V.

747 1629 1152 1738 Eandem,
1211 1628 1732 1712 Romanorum
1795 1653 1928 1710 rex
1944 1689 1969 1735 ,
2026 1626 2429 1711 confirmat
2487 1628 2974 1711 donationem
3028 1629 3128 1713 ab
3184 1629 3461 1715 Ottone

3626 1648 3658 1692 A

3529 1705 3568 1749 1³
3702 1703 3874 1755 eamn,

653 1752 984 1872 Aquensi
1037 1771 1113 1845 et
1165 1760 1623 1871 Trajectensi
1676 1760 2105 1881 praeposito
2158 1760 2539 1843 canonicis
2602 1760 3088 1870 Aquensibus
3130 1763 3459 1872 factam3
3561 1760 3608 1803 ²⁹
3629 1757 3826 1812 ΝΜ·

654 1895 929 1978 scilicet
998 1904 1086 1977 ut
1153 1919 1297 2003 pro
1366 1893 1901 2002 hospitalitatis
1979 1892 2484 1976 incommodis
2548 1893 2626 1973 in
2696 1895 3467 2003 recompensationem

655 2027 992 2138 quinque
1035 2027 1132 2109 de
1168 2035 1474 2108 eentum
1513 2027 1791 2108 marcis
1826 2027 1924 2109 de
1958 2025 2472 2109 oblationibus
2508 2025 2950 2134 percipiant.

807 2238 1155 2316 (Memorat.
1207 2253 1299 2314 ap.
1332 2235 1717 2309 hconm,
1756 2232 2119 2298 Urhmdenb.
2135 2234 2256 2315 fair
2280 2233 2373 2296 dic
2419 2234 2613 2298 Gescla.
2645 2234 2742 2297 des
2765 2234 3070 2300 moder-rh.
3081 2282 3104 2314 ‚
3133 2255 3249 2298 zw-
3281 2239 3471 2314 Band‚

890 2358 954 2420 p.
999 2350 1101 2418 91,
1135 2347 1262 2403 not.
1305 2349 1378 2415 23
1422 2344 1528 2420 qul
1573 2340 1816 2419 quidem
1851 2343 2269 2403 tantummodo
2308 2341 2685 2404 donationem
2728 2344 2963 2405 ottonis
3002 2342 3117 2405 sub
3152 2352 3219 2403 n·
3260 2353 3371 2405 177
3413 2347 3477 2405 in

893 2450 1195 2525 integrum
1249 2446 1511 2509 exhibet.
1556 2430 1857 2526 originale
1911 2464 2056 2509 vero
2097 2447 2560 2510 confirmationis
2612 2451 2806 2526 regiae
2851 2450 2915 2509 in
2959 2449 3195 2510 archivo
3237 2448 3476 2510 Dfisscl-

889 2553 1150 2615 dorfensl
1180 2552 1564 2632 asservatur.)

752 2738 1004 2809 Datum
1069 2736 1259 2834 apud
1324 2735 1852 2830 Franchenfurt,
1915 2759 2101 2810 anno
2162 2736 2503 2810 dominice
2563 2736 3051 2810 incarnationis
3115 2737 3477 2813 millesimo

620 2857 1128 2933 ducentesimo
1176 2859 1521 2933 tricesimo
1567 2858 1914 2951 secundo,
1964 2859 2279 2932 kalendis
2322 2860 2598 2952 augusti
2621 2913 2641 2948 ,
2687 2858 3061 2932 indictione
3109 2859 3373 2953 quinta.

773 3447 1145 3531 Henricus
1158 3509 1183 3555 ‚
1240 3446 1764 3530 Romanorum
1815 3470 1946 3526 rex
1963 3506 1988 3552 ‚
2045 3443 2458 3552 capellanis
2522 3445 2680 3525 suis
2732 3443 3114 3526 canonicis
3166 3443 3488 3553 Aquen-

641 3578 883 3663 sibus
946 3579 1241 3664 confert
1292 3578 1680 3690 jurnalem
1744 3602 1989 3662 unum
2053 3587 2296 3660 terrae
2358 3602 2542 3660 suae
2605 3575 2807 3658 circa
2866 3601 3133 3659 eorum
3194 3577 3486 3659 curiam

648 3713 874 3818 apud
918 3711 1213 3795 Diiren.

804 3936 1044 4012 (mid.
1083 3936 1475 4010 honum,
1520 3932 1893 3998 Urhmdenb.
1911 3932 2031 4015 fiir
2055 3931 2148 3994 die
2185 3930 2383 3995 Gunela.
2412 3928 2509 3992 dee
2530 3925 2866 4003 Medma,
2897 3945 3015 3990 Ν.
3050 3929 3250 4004 Bam,
3287 3946 3348 4008 p.
3383 3938 3484 4006 98,

907 4044 977 4102 n·
1010 4039 1180 4121 183.)

777 4236 857 4308 Η.
884 4290 905 4328 ,
942 4238 1069 4310 Dei
1107 4237 1328 4331 gratia
1358 4238 1817 4310 Romanorum
1855 4257 1981 4308 rex
2018 4245 2088 4308 et
2117 4256 2386 4332 semper
2423 4243 2755 4329 augustus
2775 4287 2795 4325 ,
2834 4233 3176 4307 universis
3215 4234 3485 4330 imperii

686 4348 1001 4432 fidelibus
1053 4360 1314 4454 quibus
1370 4381 1653 4456 presens
1711 4360 1934 4433 littera
1997 4359 2203 4431 fuerit
2247 4367 2519 4432 ostensa
2567 4359 2858 4454 gratiam
2913 4379 3111 4431 suam
3161 4367 3232 4430 et
3284 4378 3486 4431 omne

689 4469 965 4554 bonum.
1020 4484 1284 4556 Tenore
1330 4485 1751 4578 presentium
1809 4482 1899 4556 ad
1959 4483 2268 4555 notitiam
2326 4481 2808 4556 universorum
2862 4482 3180 4577 cupimus
3225 4503 3487 4578 perve-

700 4598 834 4675 nire
876 4604 1068 4698 quod
1121 4626 1250 4678 nos
1305 4604 1576 4679 dilectis
1624 4606 1997 4700 capellanis
2043 4605 2293 4678 nostris
2348 4604 2694 4679 canonicis
2737 4603 3175 4699 Aquensibns
3224 4603 3313 4678 de
3363 4605 3485 4677 in·-

878 4727 986 4790 IV.
1030 4744 1144 4788 rm
1169 4745 1212 4788 2.
3095 4735 3169 4786 73

3549 3476 3892 3579 mmm.

3588 3585 3618 3627 2
3646 3584 3838 3638 sagma.
