4500 5956
816 2915 847 2954 A

852 2915 942 2967 pud

741 2968 994 3021 Spigelberg
1006 2996 1020 3021 ,

794 3022 969 3072 [martio

772 3076 994 3123 exeunte]

1121 564 1241 623 722
2164 559 2507 620 HENRICI
2557 558 2891 620 SEPTIMI
3558 559 3716 644 [Ans.
3755 562 3922 622 1235.

1125 698 1497 770 donatione
1529 707 1756 770 nostra
1792 696 2045 771 audeat
2091 698 2231 768 ulla
2277 693 2579 771 confisus
2613 694 2910 769 audacia
2939 693 3385 788 aliquomodo
3431 695 3786 768 molestare
3822 698 3929 767 vel

1124 841 1244 892 eos
1278 820 1349 892 in
1374 820 1530 911 jure
1563 842 1690 893 suo
1740 832 2012 916 sumpta
2060 820 2416 892 occasione
2465 818 2909 890 irrationabili
2966 818 3398 913 aliquatenus
3437 817 3798 914 impedire.
3844 821 3929 893 Ut

1126 953 1355 1016 autem
1393 943 1522 1015 bec
1546 952 1777 1015 nostra
1821 943 2100 1017 donatio
2140 951 2290 1017 rata
2327 942 2405 1014 in
2455 949 3295 1036 perpetuumpermaneat
3331 950 3399 1013 et
3449 941 3773 1014 fratribus
3807 941 3923 1012 in-

1126 1066 1488 1155 convulsa,
1519 1075 1899 1160 presentem
1930 1066 2256 1162 paginam
2299 1064 2400 1137 eis
2444 1042 2621 1136 tradi
2656 1062 2990 1154 jussimus
3021 1063 3244 1157 sigillo
3280 1072 3510 1136 nostro
3544 1074 3615 1139 et
3644 1065 3927 1137 testibus

1125 1188 1531 1261 roboratam.

1218 1312 1449 1383 Testes
1481 1319 1710 1383 autem
1750 1321 1916 1382 sunt
1968 1311 2068 1382 hii
2121 1339 2137 1381 ε
2198 1310 2612 1384 venerabilis
2664 1308 3035 1382 Landolfus
3077 1310 3602 1383 Wormaciensis
3634 1311 3920 1402 electus,

1124 1436 1369 1507 Albero
1393 1436 1608 1507 abbas
1629 1435 1805 1508 Novi
1825 1437 2037 1507 Castri
2076 1432 2210 1531 (a),
2249 1433 2704 1530 Taiginardus
2741 1434 3116 1530 imperialis
3154 1436 3313 1507 aule
3337 1434 3921 1530 prothonotarius,

1122 1560 1485 1632 Heinricus
1523 1561 1994 1653 marcgravius
2024 1558 2113 1633 de
2145 1562 2448 1654 Burgov,
2491 1560 2807 1632 Albertus
2832 1581 3061 1632 comes
3089 1559 3180 1632 de
3204 1559 3610 1631 Hausburch
3629 1612 3648 1645 ,
3688 1558 3926 1630 Ansel-

1123 1705 1277 1759 mus
1303 1681 1393 1755 de
1415 1683 1798 1775 lustingen‚
1822 1684 2183 1755 Heinricus
2200 1684 2642 1772 camerarius,
2674 1682 3082 1756 Bertholdus
3094 1684 3527 1757 marchalcus
3555 1683 3645 1757 de
3661 1684 3920 1774 Raisse,

1118 1804 1524 1900 Rudolphus
1572 1806 1660 1878 de
1686 1806 2172 1898 Vonenberch,
2212 1807 2571 1879 Heinricus
2605 1829 2835 1880 comes
2872 1807 2962 1881 de
3007 1808 3295 1895 Werde‚
3349 1806 3709 1880 Cunradus
3748 1809 3922 1881 scol-

1120 1938 1298 2002 tetus
1347 1928 1436 2002 de
1490 1931 1923 2003 Hofenburch
1944 1985 1965 2023 ,
2004 1930 2461 2006 'Eberhardus
2515 1933 2604 2005 de
2670 1932 3274 2025 Hertingesberch,
3348 1932 3776 2006 Rindismule
3841 1931 3928 2005 de

1121 2052 1657 2126 Grundisberch.

1217 2176 1467 2248 Actum
1522 2176 1712 2271 apud
1754 2179 2198 2269 Hagenowe,
2259 2201 2440 2251 anno
2485 2180 2701 2271 gratie
2756 2181 2851 2250 Μο
2876 2179 3002 2251 CC⁰
3029 2178 3340 2269 XXXV·‚
3400 2180 3550 2252 v110
3600 2178 3926 2252 kalendas

1120 2300 1387 2393 apriliS,
1423 2299 1797 2373 indictione
1824 2301 2019 2372 v111·.

1620 2611 2706 2628 —n-——m-m—--o—-ss—Q—-a-
2713 2618 3447 2629 mom

1219 2888 1700 2973 Hermannus
1719 2950 1745 2997 ,
1784 2891 2003 2971 miles
2060 2893 2155 2972 de
2208 2891 2561 2999 Rietberg
2577 2953 2601 2998 ,
2658 2891 3147 2975 donationem
3190 2892 3567 2976 bonorum
3613 2916 3923 2980 suorum

1115 3021 1195 3100 in
1232 3021 1709 3106 Ulvensheim
1745 3023 2100 3106 ecclesiae
2144 3024 2488 3107 Uterinae
2534 3026 2754 3110 vallis
2791 3052 2837 3108 a
2875 3051 2956 3109 se
3006 3025 3287 3108 factam
3338 3028 3557 3110 tertio
3614 3036 3920 3135 protes-

1117 3162 1349 3258 tatur,
1391 3156 1712 3237 Henrico
1749 3182 1926 3264 rege
1962 3158 2165 3264 apud
2202 3157 2650 3267 Spigelberg
2683 3169 3073 3266 praesente
3109 3168 3185 3241 et
3225 3160 3759 3243 consentiente.

1281 3392 1474 3471 (Edit.
1505 3411 1602 3471 ap.
1635 3397 2072 3472 Wunntrwnm,
2095 3399 2233 3459 Nov.
2264 3396 2479 3460 subsid.
2507 3396 2771 3479 diplom,
2802 3407 2849 3462 t.
2880 3401 3019 3475 xn,
3051 3419 3113 3478 p.
3145 3407 3307 3478 145.)

1215 3610 1362 3702 Ego
1394 3611 1822 3682 Hermannus
1855 3611 2055 3682 miles
2104 3611 2191 3683 de
2234 3612 2545 3685 Rietberc
2580 3616 2900 3687 omnibus
2956 3637 3237 3710 presens
3274 3618 3603 3712 scriptum
3644 3619 3923 3714 inspec-

1118 3733 1289 3806 turis
1327 3743 1563 3805 notum
1595 3733 1774 3806 facio
1800 3734 1989 3828 quod
2039 3735 2221 3809 hona
2258 3758 2412 3809 mea
2448 3737 2521 3807 in
2553 3738 2991 3812 Ulvensheim
3034 3741 3254 3812 taliter
3305 3739 3376 3812 in
3423 3742 3922 3835 possessionem

1116 3858 1402 3930 ecclesie
1443 3858 1720 3930 Uterine
1744 3858 1944 3931 vallis
1976 3858 2407 3932 devenerunt
2449 3887 2465 3930 ε
2509 3860 2868 3955 Siquidem
2919 3863 3070 3956 ipsa
3110 3863 3293 3935 bona
3340 3867 3584 3957 partim
3638 3886 3763 3958 pro
3809 3865 3924 3935 XL

1117 3982 1342 4072 libris,
1384 3983 1631 4076 partim
1664 4004 1789 4078 pro
1817 3982 2119 4056 remedio
2155 3984 2384 4056 anime
2432 4005 2582 4057 mee
2611 3993 2682 4057 et
2714 4006 3022 4057 meorum
3066 3986 3294 4058 eidem
3344 3988 3630 4059 ecclesie
3670 3988 3924 4060 contuli

1118 4117 1186 4178 et
1220 4108 1289 4175 in
1330 4115 1549 4178 castro
1583 4128 1737 4178 meo
1766 4107 2076 4179 Rietberc
2108 4109 2608 4181 communicata
2639 4130 2848 4181 mann
2888 4131 3045 4181 cum
3086 4131 3304 4182 uxore
3331 4123 3398 4183 et
3432 4112 3666 4207 pueris
3696 4112 3925 4184 abbati

1117 4229 1433 4302 Heinrico
1454 4284 1473 4319 ‚
1515 4223 1841 4302 Alberoni
1874 4219 2221 4302 cellerario
2254 4242 2321 4303 et
2352 4232 2697 4305 Gerhardo
2729 4255 3096 4324 converso,
3150 4236 3338 4307 nullo
3376 4235 3785 4307 reclamante
3815 4237 3924 4306 vel

1120 4352 1660 4444 contradicente,
1696 4355 2069 4447 assignavi.
2103 4355 2542 4427 Postmodum
2579 4377 2745 4428 vero
2780 4359 2971 4452 apud
3012 4361 3478 4454 supradictam
3526 4361 3762 4431 villam
3793 4360 3919 4431 Ul-

1125 4473 1477 4545 vensheim
1504 4497 1734 4545 coram
1763 4476 2072 4565 ejusdem
2097 4477 2260 4549 ville
2284 4488 2349 4550 et
2371 4478 2655 4551 aliarum
2678 4480 3138 4574 adjacentium
3166 4483 3480 4556 villarum
3511 4482 3924 4577 quibusdam

1206 4665 1288 4745 (a)
1331 4665 1675 4726 Germanice
1699 4665 2063 4748 Neuenburq.
