4500 5956
1006 604 1126 669 340
2002 593 2430 656 rameruci
2481 591 2827 655 saeuum
3447 595 3607 673 [Anu.
3644 594 3815 658 12:36.

1446 882 2512 894 --——·—---·0--—*——--————-—-——0
2524 883 2946 892 ——---.——-———⁴-
2958 883 3284 891 -ν--,---.,---
3300 883 3339 891 —-
3353 883 3367 891 u

665 1170 924 1273 wssssissu.
1122 1160 1548 1244 Fridericus
1569 1219 1594 1264 ,
1671 1159 1860 1243 Rom
1873 1185 2192 1242 anorum
2265 1161 2675 1270 imperator
2696 1223 2720 1270 ,
2805 1161 3098 1244 civibus
3185 1162 3284 1243 de
3355 1160 3826 1270 Oppenheim

726 1279 868 1327 tiam,

732 1331 865 1372 xmo.
1019 1293 1404 1378 nundinas
1453 1317 1749 1375 annuas
1795 1293 1894 1376 ab
1937 1304 2201 1378 octava
2252 1294 2582 1378 Paschae
2616 1294 2885 1378 diebus
2921 1295 3496 1405 quatuordecim
3532 1293 3826 1377 solem—

1026 1429 1223 1509 niter
1275 1426 1731 1508 exercendas
1790 1425 2131 1509 concedit
2145 1486 2169 1533 ,
2218 1434 2295 1508 et
2348 1428 2780 1510 accedentes
2812 1428 2912 1509 ad
2966 1430 3269 1510 easdem
3307 1427 3452 1510 sub
3514 1436 3827 1535 protec-

1017 1560 1222 1642 tione
1258 1584 1397 1642 sua
1430 1557 1716 1665 recipit.

1195 1784 1443 1865 (Inedit.
1487 1801 1564 1845 ex
1602 1784 1873 1864 originali
1909 1787 1973 1845 in
2017 1785 2256 1846 archivo
2298 1784 2772 1859 Darmstadensi,
2820 1792 2988 1866 cujus
3029 1788 3291 1866 sigillum
3325 1804 3462 1848 cum
3503 1771 3852 1849 fllissimul‘

1265 1891 1537 1952 avulsum
1562 1897 1675 1970 est,
1696 1906 2051 1970 pergamena
2076 1898 2373 1953 caeterum
2395 1894 2772 1970 integerrima
2795 1900 2856 1953 et
2877 1894 3264 1956 nltldisslmae
3287 1892 3655 1972 scripturae.)

1126 2095 1201 2166 In
1235 2093 1515 2165 nomine
1545 2101 1782 2164 sancte
1825 2101 1893 2164 et
1941 2090 2308 2165 individue
2356 2093 2729 2165 Trinitatis,
2765 2093 3155 2167 Fridericus
3204 2094 3552 2168 secundus
3596 2094 3834 2168 divina

1031 2219 1305 2291 favente
1340 2217 1697 2289 clementia
1732 2216 2189 2287 Romanorum
2234 2216 2603 2310 imperator
2628 2238 2903 2312 semper
2933 2228 3304 2312 augustuS,
3363 2217 3738 2291 Jerusalem
3769 2227 3838 2290 et

1031 2341 1258 2414 Sicilie
1286 2361 1438 2412 rex.
1475 2341 1510 2412 J
1518 2348 1669 2410 uste
1701 2339 2061 2411 consuevit
2083 2338 2456 2433 imperialis
2483 2339 2868 2412 sublimitas
2896 2340 3305 2413 devotorum
3341 2341 3611 2435 imperii
3636 2361 3838 2413 com-

1031 2464 1344 2537 moditati
1382 2463 1797 2558 prospicere,
1830 2462 2085 2556 quibus
2116 2462 2286 2535 dum
2324 2463 2739 2558 prospicitur
2764 2464 3249 2536 nichilominus
3278 2464 3545 2558 imperii
3578 2464 3837 2559 profec-

1031 2589 1219 2661 tibus
1273 2587 1675 2684 providetur
1726 2595 1799 2658 et
1844 2587 2119 2660 fervens
2183 2586 2461 2661 devotio
2504 2587 2937 2660 subditorum
3002 2590 3182 2661 circa
3222 2589 3497 2683 imperii
3561 2588 3840 2661 servitia

1040 2713 1418 2788 ferventius
1445 2710 1857 2784 exardescit.
1900 2712 2041 2785 Hac
2081 2710 2428 2806 siquidem
2453 2712 2999 2785 consideratione
3025 2711 3254 2804 ducti,
3306 2722 3540 2785 tenore
3566 2733 3840 2807 presen-

1032 2838 1207 2911 tium
1231 2847 1467 2909 notum
1490 2857 1642 2908 esse
1672 2836 1996 2907 volumus
2019 2843 2158 2908 tam
2187 2814 2619 2931 presentibus
2645 2858 2854 2930 quam
2880 2836 3131 2908 futuris
3170 2837 3362 2930 quod
3395 2837 3744 2909 constituti
3775 2837 3844 2908 in

1043 2972 1273 3036 nostra
1292 2960 1635 3056 presentia
1656 2959 1845 3032 cives
1871 2959 1960 3032 de
1989 2959 2430 3056 Oppenhein,
2460 2957 2702 3035 fideles
2725 2961 2965 3051 nostri,
2999 2970 3228 3034 nostre
3260 2961 3651 3034 celsitudini
3680 2984 3846 3058 sup-

1044 3087 1387 3182 plicarunt
1416 3094 1496 3154 ut
1531 3083 1696 3178 quia
1725 3084 2143 3176 expediebat
2173 3084 2310 3174 eis,
2351 3083 2445 3156 ad
2482 3084 3030 3179 promovendum
3066 3093 3320 3158 statum
3356 3107 3539 3158 nove
3577 3086 3846 3159 habita·

1040 3209 1243 3280 tionis
1295 3228 1566 3294 eorum,
1614 3206 1782 3299 ipsis
1840 3216 1910 3277 et
1963 3206 2224 3278 civitati
2286 3215 2514 3279 nostre
2572 3207 2663 3279 de
2721 3206 3125 3303 Oppenhein
3182 3230 3449 3281 annuas
3502 3209 3850 3283 nundinas

1042 3332 1405 3424 indulgere
1443 3339 1510 3401 et
1540 3327 1918 3401 concedere
1966 3327 2058 3400 de
2104 3339 2335 3401 nostra
2375 3332 2594 3423 gratia
2638 3330 3116 3424 dignaremur,
3169 3331 3460 3427 singulis
3508 3333 3711 3405 annis
3759 3333 3849 3406 ab

1041 3466 1285 3528 octava
1309 3453 1568 3525 Pasche
1599 3452 1846 3524 diebus
1876 3452 2399 3545 quatuordecim
2434 3454 2825 3527 solemniter
2849 3453 3299 3528 exercendas.
3335 3456 3473 3528 Nos
3501 3456 3712 3549 igitur
3739 3467 3850 3529 at·-

1043 3578 1399 3652 tendentes
1427 3576 1798 3649 novitatem
1841 3574 2173 3646 incolatus
2203 3596 2444 3647 eorum
2485 3585 2552 3648 et
2595 3575 2787 3670 quod
2826 3586 3045 3649 status
3085 3579 3381 3650 civitatis
3421 3577 3733 3672 ejusdem
3762 3579 3851 3653 de

1042 3704 1224 3775 bono
1253 3702 1326 3773 in
1362 3700 1608 3771 melius
1638 3707 2007 3791 augeatur,
2064 3697 2584 3772 considerantes
2612 3700 2814 3773 etiam
2858 3701 3195 3774 sinceram
3241 3699 3452 3774 fidem
3501 3713 3571 3775 et
3605 3725 3850 3798 puram

1055 3826 1491 3900 devotionem
1526 3845 1737 3918 quam
1768 3844 1931 3916 erga
1965 3842 2090 3894 nos
2117 3831 2188 3894 et
2229 3823 2594 3916 imperium
2623 3823 2908 3914 habent,
2950 3846 3222 3897 necnon
3251 3833 3322 3898 et
3356 3836 3551 3917 grata
3579 3828 3855 3900 servitia

1041 3972 1179 4045 que
1206 3949 1502 4022 fideliter
1532 3947 2002 4019 exhibuerunt
2031 3945 2363 4019 hactenus
2386 3956 2456 4018 et
2488 3947 2824 4020 exhibent
2854 3949 3273 4021 incessanter
3301 3960 3529 4045 etque
3552 3952 3620 4022 in
3654 3961 3853 4024 antea

1046 4073 1327 4146 culmini
1380 4082 1611 4145 nostro
1653 4070 1984 4143 exhibere
2038 4079 2360 4163 poterunt
2394 4066 2724 4163 gratiora,
2788 4071 2935 4143 suis
2980 4073 3190 4163 justis
3239 4073 3856 4169 supplicationibus

1048 4206 1466 4288 annuentes,
1527 4196 1618 4269 de
1672 4194 1906 4267 innata
1950 4193 2151 4266 nobis
2221 4192 2753 4266 mansuetudine
2805 4194 3245 4288 indulgemus
3301 4205 3370 4268 et
3414 4197 3858 4271 concedimus

1048 4319 1307 4392 eisdem
1340 4319 1614 4391 civibus
1637 4326 1707 4390 et
1737 4317 1997 4390 civitati
2024 4323 2257 4389 nostre
2283 4315 2376 4388 de
2395 4316 2802 4411 Oppenhein
2830 4318 3174 4413 predictas
3197 4319 3544 4392 nundinas
3567 4318 3859 4413 singulis

1046 4440 1247 4512 annis
1300 4440 1774 4534 prenominato
1821 4449 2131 4532 tempore
2175 4438 2683 4530 observandas,
2749 4459 2990 4512 omnes
3031 4438 3123 4511 ad
3177 4439 3455 4513 easdem
3508 4438 3861 4513 nundinas

1044 4562 1449 4635 accedentes
1479 4559 1738 4651 eundo,
1766 4559 2100 4633 morando
2124 4569 2193 4632 et
2213 4559 2571 4634 redeundo
2601 4584 2761 4634 cum
2791 4561 3101 4657 personis
3121 4571 3192 4634 et
3225 4562 3433 4635 rebus
3460 4563 3862 4658 recipientes

1044 4685 1177 4758 sub
1212 4695 1443 4758 nostra
1473 4693 1544 4758 et
1573 4684 1840 4780 imperii
1874 4681 2293 4757 defensionis
2328 4684 2549 4777 gratia
2580 4685 2906 4781 speciali;
2960 4686 3366 4760 mandantes
3405 4696 3475 4760 et
3518 4687 3857 4782 presentis
