4500 5956
1012 578 1135 642 914
1914 624 1923 634 .
2012 575 2434 637 FRIDERICI
2482 575 2829 638 SECUNDI
3453 582 3614 661 [Amr.
3652 584 3822 646 1236.

1446 862 1490 872 ο
1509 864 1513 867 -
1526 861 1767 870 ...ο-
1782 862 1954 870 --.-
1970 861 2219 870 ο--οᾞ-α-
2232 861 3399 874 ,ψ--φ--ῳ--η--ι-ι-*οο-ο-ο-

645 1171 929 1268 „neumega
1130 1150 1535 1258 Gregorius
1589 1176 1788 1259 papa
1840 1149 2258 1255 Friderico,
2315 1150 2832 1232 Romanorum
2894 1149 3372 1259 imperatori,
3431 1152 3829 1260 respondet

1021 1282 1451 1391 querulanti
1527 1309 1753 1391 super
1812 1307 2169 1392 processu
2231 1283 2650 1365 Prenestini
2703 1283 3082 1392 episcopi,
3144 1284 3525 1394 simulque
3589 1311 3830 1394 argu—

1021 1425 1278 1497 menta
1313 1414 1587 1497 refellit
1620 1414 1900 1523 quibus
1955 1416 2364 1523 imperator
2419 1417 2517 1497 ad
2572 1440 2792 1497 suam
2844 1414 3379 1524 purgationem
3435 1443 3622 1499 usus
3674 1429 3821 1521 est3

1020 1571 1341 1629 monens
1388 1547 1675 1630 fortiter
1725 1549 1935 1656 quod
1986 1547 2305 1657 injurias
2348 1547 2723 1632 Ecclesiae
2767 1549 3154 1632 Romanae
3186 1557 3261 1630 et
3313 1549 3531 1657 regni
3584 1549 3829 1631 eccle-

1019 1679 1148 1760 siis
1184 1678 1433 1760 illatas
1468 1681 1870 1761 emendare
1922 1681 2221 1763 studeat
2258 1680 2376 1764 vel
2419 1681 2680 1763 timeat
2732 1705 2828 1763 ne
2880 1681 3082 1764 Deus
3129 1680 3228 1764 ab
3282 1680 3448 1790 ejus
3501 1707 3822 1789 proces-

1018 1812 1228 1894 sibus
1272 1810 1534 1895 oculos
1569 1821 1879 1893 avertat.

1172 2052 1399 2124 (Edidit
1432 2052 1780 2125 Rarum„
1809 2049 2026 2113 Annal.
2069 2048 2260 2113 weles.
2294 2054 2371 2114 ad
2398 2070 2541 2113 ann.
2593 2062 2769 2128 1236,
2800 2055 2996 2115 sedin
3031 2055 3183 2115 duas
3221 2057 3572 2133 segregatim
3595 2060 3819 2132 partes,

1249 2158 1464 2219 scilicet
1492 2156 1538 2238 S
1562 2159 1835 2220 VIII—XI
1872 2165 1932 2219 et
1966 2156 2012 2238 S
2045 2159 2462 2232 XVII—XXV;
2493 2176 2640 2237 quas
2677 2160 2776 2220 hic
2819 2160 3085 2221 ordinate
3130 2163 3580 2238 conjunximus,
3626 2153 3824 2220 multis

1249 2281 1402 2341 quae
1439 2263 1656 2325 ibidem
1700 2265 1942 2326 deerant
1983 2266 2048 2325 in
2088 2265 2287 2325 medio
2325 2265 2576 2344 additis,
2605 2282 2638 2327 e
2665 2273 2882 2345 regest.
2925 2265 3173 2344 Gregor.
3214 2266 3319 2328 lib.
3350 2267 3431 2341 X,
3472 2276 3540 2327 11⁰
3582 2276 3729 2341 253,
3759 2269 3818 2326 in

1244 2368 1471 2431 collect.
1500 2371 1749 2447 Laporte
1775 2370 1855 2430 du
1883 2371 2102 2444 Theil.)

1104 2580 1473 2677 Gregorius
1490 2637 1510 2674 ,
1560 2593 1724 2672 etc.,
1756 2582 2100 2655 Friderico
2117 2635 2137 2674 ,
2178 2592 2312 2656 etc.
2368 2584 2438 2655 Si
2481 2584 2878 2657 memoriam
2911 2583 3400 2657 beneficiorum
3442 2582 3819 2657 Conditoris

1008 2707 1219 2779 eterni
1255 2729 1394 2801 que
1427 2728 1550 2802 per
1587 2707 2039 2779 ministerium
2089 2728 2339 2802 sponse
2385 2729 2512 2780 sue
2558 2708 2632 2779 in
2676 2708 3009 2779 sublimes
3051 2729 3377 2804 personas
3408 2717 3479 2781 et
3527 2708 3817 2781 humiles

1010 2831 1285 2936 largiter
1340 2840 1784 2920 emanarunt,
1826 2830 2127 2903 humane
2170 2830 2687 2924 ingratitudinis
2738 2831 2997 2905 oblivio
3044 2831 3336 2923 deleret,
3378 2831 3438 2904 si
3488 2832 3817 2905 Dominus

1008 2963 1238 3028 noster
1265 2956 1465 3028 Iesus
1497 2953 1839 3046 Christus,
1873 2953 2097 3045 jndex
2136 2954 2460 3028 vivorum
2496 2963 2566 3029 et
2595 2964 3059 3047 mortuorum,
3090 2954 3531 3047 judicaturus
3569 2955 3817 3051 apertis

1006 3079 1194 3150 libris
1225 3079 1639 3151 conscientie
1658 3133 1678 3170 ,
1716 3079 2037 3151 revelatis
2074 3080 2507 3151 tenebrarum
2538 3080 2903 3174 operibuS,
2940 3080 3300 3153 universos
3318 3134 3339 3173 ,
3381 3090 3457 3152 ut
3487 3081 3815 3152 Dominus

1008 3202 1384 3289 timeretur,
1418 3203 1612 3296 origo
1650 3203 1980 3274 virtutum
2019 3201 2193 3274 fides
2228 3203 2639 3276 inconcussa
2671 3204 3097 3299 persisteret,
3129 3225 3341 3299 opera
3376 3214 3626 3277 statera
3658 3206 3815 3295 jus·-

1006 3325 1153 3396 titie
1183 3323 1628 3420 ponderaret,
1671 3325 1885 3397 verba
1918 3325 2050 3396 sub
2093 3326 2400 3398 veritatis
2441 3327 2796 3420 signaculo
2831 3327 3318 3401 clauderentur
3360 3338 3428 3400 et
3470 3350 3550 3400 os
3588 3337 3817 3400 contra

1006 3450 1225 3519 Deum
1257 3469 1394 3520 non
1433 3458 1796 3544 poneretur
1829 3449 1903 3520 in
1936 3448 2159 3521 celum
2179 3501 2201 3539 ,
2237 3448 2426 3522 unde
2460 3451 2757 3523 tonitrua
2793 3450 3135 3546 prodeunt
3163 3460 3231 3523 et
3267 3452 3540 3545 fulgura
3586 3460 3814 3524 contra

1006 3581 1474 3666 persecutores
1526 3593 1692 3644 suos
1726 3593 1891 3666 sepe
1920 3571 2135 3668 ‘mittit
2175 3572 2361 3643 Deus
2409 3581 2478 3644 et
2522 3573 2854 3645 Dominus
2887 3574 3250 3645 ultionum.
3285 3576 3465 3646 Sane
3509 3595 3602 3647 ex
3647 3575 3816 3669 plu-

1004 3696 1201 3768 ribus
1238 3696 1478 3768 litteris
1511 3694 1604 3768 ad
1641 3717 1767 3768 nos
1802 3708 1872 3768 et
1906 3697 2148 3767 fratres
2185 3705 2449 3768 nostros
2479 3718 2701 3790 nuper
2728 3697 2819 3769 ab
2852 3697 3186 3791 imperiali
3214 3698 3623 3771 excellentia
3661 3698 3814 3770 des·

1008 3820 1239 3892 tinatis
1269 3821 1468 3913 plura
1493 3819 1891 3913 collegimus
1917 3840 2055 3912 que
2086 3817 2146 3890 si
2175 3821 2396 3915 stylus
2423 3818 2799 3914 mitigasset
2840 3820 3166 3893 humilior
3189 3829 3258 3892 et
3287 3821 3810 3894 amaritudinem

1007 3946 1259 4038 pagine
1315 3944 1735 4017 dulcorasset
1800 3942 2085 4016 affectus
2142 3944 2526 4016 reverentie
2589 3941 2813 4015 filialis
2837 3996 2858 4033 ,
2914 3944 3135 4015 virtus
3194 3942 3627 4017 discretionis
3683 3944 3814 4015 sub

1006 4090 1255 4139 manna
1289 4066 1673 4140 dulcedinis
1710 4067 2116 4140 irascibilem
2150 4066 2467 4162 spiritum
2503 4075 2963 4160 temperasset,
3000 4076 3070 4139 et
3103 4068 3332 4160 imago
3363 4068 3488 4140 Dei
3526 4089 3665 4161 que
3692 4088 3816 4139 re-

1006 4193 1214 4264 sultat
1258 4192 1328 4262 in
1368 4193 1650 4286 speculo
1682 4193 1970 4265 rationis
2004 4214 2087 4263 ac
2121 4191 2499 4265 similitudo
2543 4191 2694 4283 ejus
2736 4213 2875 4284 que
2921 4213 3045 4286 per
3090 4191 3405 4264 affectum
3449 4191 3707 4263 bonum
3747 4200 3817 4263 et

1004 4313 1225 4385 zelum
1275 4313 1705 4386 rectitudinis
1741 4315 1811 4384 in
1847 4315 2167 4408 potentiis
2205 4316 2433 4388 anime
2469 4314 2898 4386 naturalibus
2931 4313 3308 4401 invenitur,
3351 4331 3490 4384 non
3533 4313 3813 4384 fuissent

1007 4437 1107 4506 sic
1138 4436 1502 4509 scribendo
1531 4437 1814 4509 forsitan
1836 4437 2235 4512 deformato.
2271 4438 2408 4512 Sed
2432 4439 2610 4510 inter
2640 4447 2865 4511 cetera
2893 4437 3173 4532 epistole
3199 4444 3319 4509 tue
3351 4436 3809 4508 testimonium

1002 4556 1190 4652 quod
1236 4579 1630 4652 processum
1663 4562 2070 4633 venerabilis
2117 4562 2346 4633 fratris
2393 4562 2605 4634 nostri
2638 4561 3015 4635 Prenestini
3046 4561 3385 4657 episcopi,
3426 4558 3813 4654 Apostolice

997 4681 1198 4756 Sedis
1232 4683 1476 4778 legati,
1519 4682 1989 4756 detestabilem
2016 4695 2086 4758 et
2110 4706 2461 4760 enormem
2492 4686 2776 4778 asserit,
2814 4707 3080 4781 nosque
3109 4686 3318 4760 totius
3351 4685 3552 4779 culpe
3584 4683 3806 4757 eidem
