<?xml version="1.0" encoding="UTF-8"?>
<!DOCTYPE html PUBLIC "-//W3C//DTD XHTML 1.0 Transitional//EN"
    "http://www.w3.org/TR/xhtml1/DTD/xhtml1-transitional.dtd">
<html xmlns="http://www.w3.org/1999/xhtml" xml:lang="en" lang="en">
 <head>
  <title>
</title>
<meta http-equiv="Content-Type" content="text/html;charset=utf-8" />
  <meta name='ocr-system' content='tesseract 3.04.00' />
  <meta name='ocr-capabilities' content='ocr_page ocr_carea ocr_par ocr_line ocrx_word'/>
</head>
<body>
  <div class='ocr_page' id='page_1' title='image "./historiadiploma00empegoog_0064.png"; bbox 0 0 4500 5956; ppageno 0'>
   <div class='ocr_carea' id='block_1_1' title="bbox 656 3268 963 3422">
    <p class='ocr_par' dir='ltr' id='par_1_1' title="bbox 656 3268 963 3422">
     <span class='ocr_line' id='line_1_1' title="bbox 656 3268 963 3379; baseline 0 -14"><span class='ocrx_word' id='word_1_1' title='bbox 656 3268 936 3367; x_wconf 42' lang='lat' dir='ltr'><strong>Susannam</strong></span> <span class='ocrx_word' id='word_1_2' title='bbox 947 3353 963 3379; x_wconf 87' lang='lat'>‚</span> 
     </span>
     <span class='ocr_line' id='line_1_2' title="bbox 690 3377 924 3422; baseline -0.013 1"><span class='ocrx_word' id='word_1_3' title='bbox 690 3379 746 3422; x_wconf 73' lang='lat'><strong>8³</strong></span> <span class='ocrx_word' id='word_1_4' title='bbox 756 3377 924 3422; x_wconf 70' lang='lat' dir='ltr'><strong>mum.</strong></span> 
     </span>
    </p>
   </div>
   <div class='ocr_carea' id='block_1_2' title="bbox 1050 542 3877 659">
    <p class='ocr_par' dir='ltr' id='par_1_2' title="bbox 1050 542 3877 659">
     <span class='ocr_line' id='line_1_3' title="bbox 1050 542 3877 659; baseline 0.002 -21"><span class='ocrx_word' id='word_1_5' title='bbox 1050 574 1171 638; x_wconf 80' lang='lat'><strong>606</strong></span> <span class='ocrx_word' id='word_1_6' title='bbox 2089 542 2450 638; x_wconf 65' lang='lat' dir='ltr'><strong>assium</strong></span> <span class='ocrx_word' id='word_1_7' title='bbox 2498 577 2836 640; x_wconf 70' lang='lat' dir='ltr'><strong>ssrrlm</strong></span> <span class='ocrx_word' id='word_1_8' title='bbox 3496 579 3658 659; x_wconf 74' lang='lat' dir='ltr'><strong>[An.</strong></span> <span class='ocrx_word' id='word_1_9' title='bbox 3697 581 3877 646; x_wconf 76' lang='lat'><strong>1233.</strong></span> 
     </span>
    </p>
   </div>
   <div class='ocr_carea' id='block_1_3' title="bbox 1043 708 3880 2661">
    <p class='ocr_par' dir='ltr' id='par_1_3' title="bbox 1043 708 3880 2535">
     <span class='ocr_line' id='line_1_4' title="bbox 1148 708 3878 810; baseline 0.003 -30"><span class='ocrx_word' id='word_1_10' title='bbox 1148 711 1267 794; x_wconf 68' lang='lat' dir='ltr'><strong>H„</strong></span> <span class='ocrx_word' id='word_1_11' title='bbox 1295 708 1421 781; x_wconf 90' lang='lat' dir='ltr'><strong>Dei</strong></span> <span class='ocrx_word' id='word_1_12' title='bbox 1454 709 1676 803; x_wconf 82' lang='lat' dir='ltr'><strong>gratia</strong></span> <span class='ocrx_word' id='word_1_13' title='bbox 1709 710 2167 785; x_wconf 87' lang='lat' dir='ltr'><strong>Romanorum</strong></span> <span class='ocrx_word' id='word_1_14' title='bbox 2199 734 2330 785; x_wconf 86' lang='lat' dir='ltr'><strong>rex</strong></span> <span class='ocrx_word' id='word_1_15' title='bbox 2378 722 2448 786; x_wconf 90' lang='lat' dir='ltr'><strong>et</strong></span> <span class='ocrx_word' id='word_1_16' title='bbox 2497 734 2769 808; x_wconf 83' lang='lat' dir='ltr'><strong>semper</strong></span> <span class='ocrx_word' id='word_1_17' title='bbox 2806 722 3180 807; x_wconf 78' lang='lat' dir='ltr'><strong>augustus,</strong></span> <span class='ocrx_word' id='word_1_18' title='bbox 3228 713 3573 788; x_wconf 83' lang='lat' dir='ltr'><strong>universis</strong></span> <span class='ocrx_word' id='word_1_19' title='bbox 3606 715 3878 810; x_wconf 88' lang='lat' dir='ltr'><strong>imperii</strong></span> 
     </span>
     <span class='ocr_line' id='line_1_5' title="bbox 1056 831 3879 935; baseline 0.003 -31"><span class='ocrx_word' id='word_1_20' title='bbox 1056 831 1380 906; x_wconf 86' lang='lat' dir='ltr'><strong>fidelibus</strong></span> <span class='ocrx_word' id='word_1_21' title='bbox 1414 832 1673 926; x_wconf 89' lang='lat' dir='ltr'><strong>quihus</strong></span> <span class='ocrx_word' id='word_1_22' title='bbox 1706 855 1989 930; x_wconf 87' lang='lat' dir='ltr'><strong>presens</strong></span> <span class='ocrx_word' id='word_1_23' title='bbox 2020 835 2352 932; x_wconf 81' lang='lat' dir='ltr'><strong>scriptum</strong></span> <span class='ocrx_word' id='word_1_24' title='bbox 2390 836 2595 908; x_wconf 80' lang='lat' dir='ltr'><strong>suerit</strong></span> <span class='ocrx_word' id='word_1_25' title='bbox 2625 835 3017 910; x_wconf 83' lang='lat' dir='ltr'><strong>exhibitum</strong></span> <span class='ocrx_word' id='word_1_26' title='bbox 3065 836 3142 909; x_wconf 88' lang='lat' dir='ltr'><strong>in</strong></span> <span class='ocrx_word' id='word_1_27' title='bbox 3183 846 3623 933; x_wconf 86' lang='lat' dir='ltr'><strong>perpetuum.</strong></span> <span class='ocrx_word' id='word_1_28' title='bbox 3664 840 3879 935; x_wconf 77' lang='lat' dir='ltr'><strong>Regis</strong></span> 
     </span>
     <span class='ocr_line' id='line_1_6' title="bbox 1050 956 3874 1055; baseline 0.002 -24"><span class='ocrx_word' id='word_1_29' title='bbox 1050 956 1422 1052; x_wconf 86' lang='lat' dir='ltr'><strong>majestatis</strong></span> <span class='ocrx_word' id='word_1_30' title='bbox 1458 956 1742 1031; x_wconf 85' lang='lat' dir='ltr'><strong>interest</strong></span> <span class='ocrx_word' id='word_1_31' title='bbox 1765 957 2177 1032; x_wconf 85' lang='lat' dir='ltr'><strong>devotorum</strong></span> <span class='ocrx_word' id='word_1_32' title='bbox 2213 968 2285 1032; x_wconf 93' lang='lat' dir='ltr'><strong>et</strong></span> <span class='ocrx_word' id='word_1_33' title='bbox 2325 957 2638 1032; x_wconf 89' lang='lat' dir='ltr'><strong>fidelium</strong></span> <span class='ocrx_word' id='word_1_34' title='bbox 2686 958 2956 1055; x_wconf 91' lang='lat' dir='ltr'><strong>imperii</strong></span> <span class='ocrx_word' id='word_1_35' title='bbox 2992 968 3222 1055; x_wconf 87' lang='lat' dir='ltr'><strong>partes</strong></span> <span class='ocrx_word' id='word_1_36' title='bbox 3247 960 3687 1036; x_wconf 73' lang='lat' dir='ltr'>rationabiles</span> <span class='ocrx_word' id='word_1_37' title='bbox 3721 964 3874 1037; x_wconf 73' lang='lat' dir='ltr'><strong>ani·</strong></span> 
     </span>
     <span class='ocr_line' id='line_1_7' title="bbox 1051 1080 3880 1159; baseline 0.002 -8"><span class='ocrx_word' id='word_1_38' title='bbox 1051 1080 1486 1154; x_wconf 86' lang='lat' dir='ltr'><strong>madvertere</strong></span> <span class='ocrx_word' id='word_1_39' title='bbox 1543 1092 1613 1153; x_wconf 89' lang='lat' dir='ltr'><strong>et</strong></span> <span class='ocrx_word' id='word_1_40' title='bbox 1647 1101 1769 1154; x_wconf 85' lang='lat' dir='ltr'><strong>eos</strong></span> <span class='ocrx_word' id='word_1_41' title='bbox 1807 1081 1879 1152; x_wconf 93' lang='lat' dir='ltr'><strong>in</strong></span> <span class='ocrx_word' id='word_1_42' title='bbox 1924 1081 2035 1154; x_wconf 89' lang='lat' dir='ltr'><strong>his</strong></span> <span class='ocrx_word' id='word_1_43' title='bbox 2068 1102 2165 1154; x_wconf 84' lang='lat' dir='ltr'><strong>ex</strong></span> <span class='ocrx_word' id='word_1_44' title='bbox 2204 1080 2414 1153; x_wconf 87' lang='lat' dir='ltr'><strong>officii</strong></span> <span class='ocrx_word' id='word_1_45' title='bbox 2463 1080 2699 1154; x_wconf 88' lang='lat' dir='ltr'><strong>debito</strong></span> <span class='ocrx_word' id='word_1_46' title='bbox 2743 1081 3111 1154; x_wconf 67' lang='lat' dir='ltr'><strong>liba-aliter</strong></span> <span class='ocrx_word' id='word_1_47' title='bbox 3148 1082 3518 1156; x_wconf 84' lang='lat' dir='ltr'><strong>exaudire.</strong></span> <span class='ocrx_word' id='word_1_48' title='bbox 3560 1082 3730 1156; x_wconf 90' lang='lat' dir='ltr'><strong>Inde</strong></span> <span class='ocrx_word' id='word_1_49' title='bbox 3771 1093 3880 1159; x_wconf 83' lang='lat' dir='ltr'><strong>est</strong></span> 
     </span>
     <span class='ocr_line' id='line_1_8' title="bbox 1049 1202 3875 1299; baseline 0.001 -22"><span class='ocrx_word' id='word_1_50' title='bbox 1049 1202 1242 1299; x_wconf 83' lang='lat' dir='ltr'><strong>quod</strong></span> <span class='ocrx_word' id='word_1_51' title='bbox 1269 1225 1395 1299; x_wconf 88' lang='lat' dir='ltr'><strong>per</strong></span> <span class='ocrx_word' id='word_1_52' title='bbox 1435 1224 1718 1298; x_wconf 80' lang='lat' dir='ltr'>presens</span> <span class='ocrx_word' id='word_1_53' title='bbox 1760 1203 2088 1299; x_wconf 90' lang='lat' dir='ltr'><strong>scriptum</strong></span> <span class='ocrx_word' id='word_1_54' title='bbox 2129 1212 2370 1276; x_wconf 89' lang='lat' dir='ltr'><strong>notum</strong></span> <span class='ocrx_word' id='word_1_55' title='bbox 2395 1224 2564 1277; x_wconf 56' lang='lat' dir='ltr'><strong>„esse</strong></span> <span class='ocrx_word' id='word_1_56' title='bbox 2606 1203 2931 1276; x_wconf 83' lang='lat' dir='ltr'><strong>volumus</strong></span> <span class='ocrx_word' id='word_1_57' title='bbox 2976 1204 3322 1278; x_wconf 83' lang='lat' dir='ltr'><strong>universis</strong></span> <span class='ocrx_word' id='word_1_58' title='bbox 3370 1204 3565 1299; x_wconf 89' lang='lat' dir='ltr'><strong>quod</strong></span> <span class='ocrx_word' id='word_1_59' title='bbox 3612 1225 3739 1279; x_wconf 89' lang='lat' dir='ltr'><strong>nos</strong></span> <span class='ocrx_word' id='word_1_60' title='bbox 3782 1205 3875 1279; x_wconf 91' lang='lat' dir='ltr'><strong>ad</strong></span> 
     </span>
     <span class='ocr_line' id='line_1_9' title="bbox 1048 1325 3865 1422; baseline 0.001 -23"><span class='ocrx_word' id='word_1_61' title='bbox 1048 1327 1445 1422; x_wconf 82' lang='lat' dir='ltr'>petitionem</span> <span class='ocrx_word' id='word_1_62' title='bbox 1478 1325 1792 1400; x_wconf 85' lang='lat' dir='ltr'><strong>fidelium</strong></span> <span class='ocrx_word' id='word_1_63' title='bbox 1816 1335 2207 1400; x_wconf 90' lang='lat' dir='ltr'><strong>nostrorum</strong></span> <span class='ocrx_word' id='word_1_64' title='bbox 2238 1325 2498 1399; x_wconf 83' lang='lat' dir='ltr'><strong>civium</strong></span> <span class='ocrx_word' id='word_1_65' title='bbox 2535 1335 2605 1399; x_wconf 90' lang='lat' dir='ltr'><strong>et</strong></span> <span class='ocrx_word' id='word_1_66' title='bbox 2633 1326 2870 1421; x_wconf 89' lang='lat' dir='ltr'><strong>populi</strong></span> <span class='ocrx_word' id='word_1_67' title='bbox 2893 1325 3100 1398; x_wconf 90' lang='lat' dir='ltr'><strong>totius</strong></span> <span class='ocrx_word' id='word_1_68' title='bbox 3125 1327 3425 1401; x_wconf 83' lang='lat' dir='ltr'><strong>civitatis</strong></span> <span class='ocrx_word' id='word_1_69' title='bbox 3451 1327 3865 1420; x_wconf 86' lang='lat' dir='ltr'><strong>Bremensis,</strong></span> 
     </span>
     <span class='ocr_line' id='line_1_10' title="bbox 1049 1448 3873 1545; baseline 0.001 -23"><span class='ocrx_word' id='word_1_70' title='bbox 1049 1450 1375 1523; x_wconf 85' lang='lat' dir='ltr'><strong>universa</strong></span> <span class='ocrx_word' id='word_1_71' title='bbox 1422 1450 1695 1524; x_wconf 88' lang='lat' dir='ltr'><strong>telonea</strong></span> <span class='ocrx_word' id='word_1_72' title='bbox 1729 1459 1800 1522; x_wconf 91' lang='lat' dir='ltr'><strong>et</strong></span> <span class='ocrx_word' id='word_1_73' title='bbox 1833 1449 2228 1523; x_wconf 77' lang='lat' dir='ltr'><strong>exactiones</strong></span> <span class='ocrx_word' id='word_1_74' title='bbox 2268 1448 2700 1522; x_wconf 86' lang='lat' dir='ltr'><strong>omnimodas</strong></span> <span class='ocrx_word' id='word_1_75' title='bbox 2726 1470 2866 1543; x_wconf 90' lang='lat' dir='ltr'><strong>que</strong></span> <span class='ocrx_word' id='word_1_76' title='bbox 2909 1469 3047 1522; x_wconf 91' lang='lat' dir='ltr'><strong>non</strong></span> <span class='ocrx_word' id='word_1_77' title='bbox 3076 1470 3171 1521; x_wconf 84' lang='lat' dir='ltr'><strong>ex</strong></span> <span class='ocrx_word' id='word_1_78' title='bbox 3207 1448 3443 1523; x_wconf 88' lang='lat' dir='ltr'><strong>debito</strong></span> <span class='ocrx_word' id='word_1_79' title='bbox 3485 1458 3557 1524; x_wconf 89' lang='lat' dir='ltr'><strong>et</strong></span> <span class='ocrx_word' id='word_1_80' title='bbox 3585 1450 3873 1545; x_wconf 90' lang='lat' dir='ltr'><strong>antiquo</strong></span> 
     </span>
     <span class='ocr_line' id='line_1_11' title="bbox 1043 1573 3873 1671; baseline 0.001 -25"><span class='ocrx_word' id='word_1_81' title='bbox 1043 1574 1202 1667; x_wconf 88' lang='lat' dir='ltr'><strong>jure</strong></span> <span class='ocrx_word' id='word_1_82' title='bbox 1237 1574 1623 1648; x_wconf 82' lang='lat' dir='ltr'><strong>habeantur</strong></span> <span class='ocrx_word' id='word_1_83' title='bbox 1640 1628 1661 1666; x_wconf 90' lang='lat'>,</span> <span class='ocrx_word' id='word_1_84' title='bbox 1711 1596 1889 1669; x_wconf 89' lang='lat' dir='ltr'><strong>quas</strong></span> <span class='ocrx_word' id='word_1_85' title='bbox 1913 1574 2204 1648; x_wconf 87' lang='lat' dir='ltr'><strong>dilectus</strong></span> <span class='ocrx_word' id='word_1_86' title='bbox 2231 1574 2556 1671; x_wconf 89' lang='lat' dir='ltr'><strong>princeps</strong></span> <span class='ocrx_word' id='word_1_87' title='bbox 2584 1583 2816 1647; x_wconf 87' lang='lat' dir='ltr'><strong>noster</strong></span> <span class='ocrx_word' id='word_1_88' title='bbox 2848 1574 3266 1647; x_wconf 85' lang='lat' dir='ltr'><strong>venerabilis</strong></span> <span class='ocrx_word' id='word_1_89' title='bbox 3308 1573 3873 1671; x_wconf 76' lang='lat' dir='ltr'><strong>archiepiscopus</strong></span> 
     </span>
     <span class='ocr_line' id='line_1_12' title="bbox 1049 1696 3867 1793; baseline -0.001 -22"><span class='ocrx_word' id='word_1_90' title='bbox 1049 1698 1436 1771; x_wconf 86' lang='lat' dir='ltr'><strong>Bremensis</strong></span> <span class='ocrx_word' id='word_1_91' title='bbox 1469 1718 1594 1791; x_wconf 92' lang='lat' dir='ltr'><strong>pro</strong></span> <span class='ocrx_word' id='word_1_92' title='bbox 1627 1708 1807 1772; x_wconf 87' lang='lat' dir='ltr'><strong>terre</strong></span> <span class='ocrx_word' id='word_1_93' title='bbox 1833 1697 2196 1772; x_wconf 89' lang='lat' dir='ltr'><strong>commodo</strong></span> <span class='ocrx_word' id='word_1_94' title='bbox 2218 1698 2522 1793; x_wconf 80' lang='lat' dir='ltr'><strong>generali</strong></span> <span class='ocrx_word' id='word_1_95' title='bbox 2549 1698 2624 1771; x_wconf 90' lang='lat' dir='ltr'><strong>in</strong></span> <span class='ocrx_word' id='word_1_96' title='bbox 2652 1720 2780 1772; x_wconf 88' lang='lat' dir='ltr'><strong>sua</strong></span> <span class='ocrx_word' id='word_1_97' title='bbox 2806 1697 3066 1773; x_wconf 84' lang='lat' dir='ltr'><strong>diocesi</strong></span> <span class='ocrx_word' id='word_1_98' title='bbox 3088 1697 3465 1771; x_wconf 87' lang='lat' dir='ltr'><strong>eradicavit</strong></span> <span class='ocrx_word' id='word_1_99' title='bbox 3487 1707 3557 1772; x_wconf 89' lang='lat' dir='ltr'><strong>et</strong></span> <span class='ocrx_word' id='word_1_100' title='bbox 3581 1696 3867 1783; x_wconf 85' lang='lat' dir='ltr'><strong>delevit,</strong></span> 
     </span>
     <span class='ocr_line' id='line_1_13' title="bbox 1044 1820 3874 1918; baseline -0 -25"><span class='ocrx_word' id='word_1_101' title='bbox 1044 1822 1251 1913; x_wconf 81' lang='lat' dir='ltr'><strong>juxta</strong></span> <span class='ocrx_word' id='word_1_102' title='bbox 1279 1820 1471 1915; x_wconf 89' lang='lat' dir='ltr'><strong>quod</strong></span> <span class='ocrx_word' id='word_1_103' title='bbox 1504 1820 1577 1892; x_wconf 91' lang='lat' dir='ltr'><strong>in</strong></span> <span class='ocrx_word' id='word_1_104' title='bbox 1601 1821 1844 1894; x_wconf 89' lang='lat' dir='ltr'><strong>litteris</strong></span> <span class='ocrx_word' id='word_1_105' title='bbox 1870 1822 2016 1895; x_wconf 90' lang='lat' dir='ltr'><strong>suis</strong></span> <span class='ocrx_word' id='word_1_106' title='bbox 2043 1821 2336 1918; x_wconf 89' lang='lat' dir='ltr'><strong>proinde</strong></span> <span class='ocrx_word' id='word_1_107' title='bbox 2364 1822 2690 1895; x_wconf 80' lang='lat' dir='ltr'><strong>confectis</strong></span> <span class='ocrx_word' id='word_1_108' title='bbox 2713 1821 2988 1917; x_wconf 89' lang='lat' dir='ltr'><strong>plenius</strong></span> <span class='ocrx_word' id='word_1_109' title='bbox 3014 1821 3426 1912; x_wconf 82' lang='lat' dir='ltr'><strong>continetur,</strong></span> <span class='ocrx_word' id='word_1_110' title='bbox 3460 1820 3874 1893; x_wconf 79' lang='lat' dir='ltr'><strong>authoritate</strong></span> 
     </span>
     <span class='ocr_line' id='line_1_14' title="bbox 1050 1941 3869 2039; baseline -0.001 -23"><span class='ocrx_word' id='word_1_111' title='bbox 1050 1944 1238 2039; x_wconf 79' lang='lat' dir='ltr'><strong>regia</strong></span> <span class='ocrx_word' id='word_1_112' title='bbox 1277 1943 1611 2019; x_wconf 88' lang='lat' dir='ltr'><strong>delendas</strong></span> <span class='ocrx_word' id='word_1_113' title='bbox 1638 1944 1973 2018; x_wconf 84' lang='lat' dir='ltr'><strong>duximus</strong></span> <span class='ocrx_word' id='word_1_114' title='bbox 2000 1954 2069 2018; x_wconf 90' lang='lat' dir='ltr'><strong>et</strong></span> <span class='ocrx_word' id='word_1_115' title='bbox 2102 1944 2599 2034; x_wconf 81' lang='lat' dir='ltr'><strong>eradicandas3</strong></span> <span class='ocrx_word' id='word_1_116' title='bbox 2640 1943 3118 2018; x_wconf 85' lang='lat' dir='ltr'><strong>confirmantes</strong></span> <span class='ocrx_word' id='word_1_117' title='bbox 3162 1951 3400 2017; x_wconf 90' lang='lat' dir='ltr'><strong>tenore</strong></span> <span class='ocrx_word' id='word_1_118' title='bbox 3447 1941 3869 2038; x_wconf 87' lang='lat' dir='ltr'><strong>presentium</strong></span> 
     </span>
     <span class='ocr_line' id='line_1_15' title="bbox 1054 2066 3870 2164; baseline -0.001 -24"><span class='ocrx_word' id='word_1_119' title='bbox 1054 2067 1245 2162; x_wconf 92' lang='lat' dir='ltr'><strong>quod</strong></span> <span class='ocrx_word' id='word_1_120' title='bbox 1273 2068 1503 2142; x_wconf 90' lang='lat' dir='ltr'><strong>dictus</strong></span> <span class='ocrx_word' id='word_1_121' title='bbox 1539 2068 1857 2164; x_wconf 89' lang='lat' dir='ltr'><strong>princeps</strong></span> <span class='ocrx_word' id='word_1_122' title='bbox 1883 2077 2111 2141; x_wconf 89' lang='lat' dir='ltr'><strong>noster</strong></span> <span class='ocrx_word' id='word_1_123' title='bbox 2128 2068 2338 2142; x_wconf 83' lang='lat' dir='ltr'><strong>duxit</strong></span> <span class='ocrx_word' id='word_1_124' title='bbox 2358 2090 2570 2163; x_wconf 88' lang='lat' dir='ltr'><strong>super</strong></span> <span class='ocrx_word' id='word_1_125' title='bbox 2600 2068 2999 2161; x_wconf 90' lang='lat' dir='ltr'><strong>hujusmodi</strong></span> <span class='ocrx_word' id='word_1_126' title='bbox 3025 2066 3499 2140; x_wconf 85' lang='lat' dir='ltr'><strong>statuendum.</strong></span> <span class='ocrx_word' id='word_1_127' title='bbox 3525 2066 3616 2138; x_wconf 90' lang='lat' dir='ltr'><strong>Ut</strong></span> <span class='ocrx_word' id='word_1_128' title='bbox 3636 2075 3870 2138; x_wconf 88' lang='lat' dir='ltr'><strong>autem</strong></span> 
     </span>
     <span class='ocr_line' id='line_1_16' title="bbox 1050 2186 3875 2284; baseline -0.001 -21"><span class='ocrx_word' id='word_1_129' title='bbox 1050 2192 1180 2264; x_wconf 89' lang='lat' dir='ltr'><strong>hec</strong></span> <span class='ocrx_word' id='word_1_130' title='bbox 1211 2201 1443 2265; x_wconf 90' lang='lat' dir='ltr'><strong>nostra</strong></span> <span class='ocrx_word' id='word_1_131' title='bbox 1476 2190 1903 2265; x_wconf 86' lang='lat' dir='ltr'><strong>confirmatio</strong></span> <span class='ocrx_word' id='word_1_132' title='bbox 1931 2192 2147 2264; x_wconf 86' lang='lat' dir='ltr'><strong>robur</strong></span> <span class='ocrx_word' id='word_1_133' title='bbox 2171 2192 2500 2283; x_wconf 87' lang='lat' dir='ltr'><strong>obtineat,</strong></span> <span class='ocrx_word' id='word_1_134' title='bbox 2541 2200 2611 2264; x_wconf 90' lang='lat' dir='ltr'><strong>et</strong></span> <span class='ocrx_word' id='word_1_135' title='bbox 2635 2191 2803 2264; x_wconf 91' lang='lat' dir='ltr'><strong>dicti</strong></span> <span class='ocrx_word' id='word_1_136' title='bbox 2829 2191 3017 2264; x_wconf 88' lang='lat' dir='ltr'><strong>cives</strong></span> <span class='ocrx_word' id='word_1_137' title='bbox 3051 2190 3264 2264; x_wconf 89' lang='lat' dir='ltr'><strong>nostri</strong></span> <span class='ocrx_word' id='word_1_138' title='bbox 3291 2210 3499 2284; x_wconf 88' lang='lat' dir='ltr'><strong>super</strong></span> <span class='ocrx_word' id='word_1_139' title='bbox 3522 2186 3875 2283; x_wconf 85' lang='lat' dir='ltr'><strong>premissis</strong></span> 
     </span>
     <span class='ocr_line' id='line_1_17' title="bbox 1047 2309 3873 2411; baseline -0.002 -23"><span class='ocrx_word' id='word_1_140' title='bbox 1047 2336 1090 2388; x_wconf 96' lang='lat' dir='ltr'><strong>a</strong></span> <span class='ocrx_word' id='word_1_141' title='bbox 1118 2314 1308 2387; x_wconf 85' lang='lat' dir='ltr'><strong>nulla</strong></span> <span class='ocrx_word' id='word_1_142' title='bbox 1345 2335 1636 2410; x_wconf 89' lang='lat' dir='ltr'><strong>persona</strong></span> <span class='ocrx_word' id='word_1_143' title='bbox 1667 2315 1914 2388; x_wconf 90' lang='lat' dir='ltr'><strong>humili</strong></span> <span class='ocrx_word' id='word_1_144' title='bbox 1948 2316 2065 2388; x_wconf 83' lang='lat' dir='ltr'><strong>vel</strong></span> <span class='ocrx_word' id='word_1_145' title='bbox 2110 2316 2246 2387; x_wconf 88' lang='lat' dir='ltr'><strong>alta</strong></span> <span class='ocrx_word' id='word_1_146' title='bbox 2297 2315 2562 2411; x_wconf 87' lang='lat' dir='ltr'><strong>possint</strong></span> <span class='ocrx_word' id='word_1_147' title='bbox 2600 2312 2853 2387; x_wconf 90' lang='lat' dir='ltr'><strong>amodo</strong></span> <span class='ocrx_word' id='word_1_148' title='bbox 2897 2312 3316 2409; x_wconf 86' lang='lat' dir='ltr'><strong>perturbari,</strong></span> <span class='ocrx_word' id='word_1_149' title='bbox 3370 2318 3722 2407; x_wconf 86' lang='lat' dir='ltr'><strong>presentes</strong></span> <span class='ocrx_word' id='word_1_150' title='bbox 3768 2309 3873 2382; x_wconf 91' lang='lat' dir='ltr'><strong>eis</strong></span> 
     </span>
     <span class='ocr_line' id='line_1_18' title="bbox 1052 2437 3045 2535; baseline -0.003 -22"><span class='ocrx_word' id='word_1_151' title='bbox 1052 2439 1376 2514; x_wconf 85' lang='lat' dir='ltr'><strong>dedimus</strong></span> <span class='ocrx_word' id='word_1_152' title='bbox 1406 2440 1667 2514; x_wconf 78' lang='lat' dir='ltr'><strong>litteras</strong></span> <span class='ocrx_word' id='word_1_153' title='bbox 1699 2439 1927 2535; x_wconf 79' lang='lat' dir='ltr'><strong>sigillo</strong></span> <span class='ocrx_word' id='word_1_154' title='bbox 1959 2448 2188 2512; x_wconf 86' lang='lat' dir='ltr'><strong>nostre</strong></span> <span class='ocrx_word' id='word_1_155' title='bbox 2215 2437 2646 2513; x_wconf 86' lang='lat' dir='ltr'><strong>celsitudinis</strong></span> <span class='ocrx_word' id='word_1_156' title='bbox 2676 2437 3045 2510; x_wconf 85' lang='lat' dir='ltr'><strong>roboratas.</strong></span> 
     </span>
    </p>

    <p class='ocr_par' dir='ltr' id='par_1_4' title="bbox 1141 2555 3865 2661">
     <span class='ocr_line' id='line_1_19' title="bbox 1141 2555 3865 2661; baseline -0.003 -25"><span class='ocrx_word' id='word_1_157' title='bbox 1141 2567 1393 2638; x_wconf 87' lang='lat' dir='ltr'><strong>Datum</strong></span> <span class='ocrx_word' id='word_1_158' title='bbox 1425 2564 1618 2661; x_wconf 88' lang='lat' dir='ltr'><strong>apud</strong></span> <span class='ocrx_word' id='word_1_159' title='bbox 1644 2563 1984 2637; x_wconf 88' lang='lat' dir='ltr'><strong>Weselam</strong></span> <span class='ocrx_word' id='word_1_160' title='bbox 2003 2561 2064 2658; x_wconf 72' lang='lat'><strong>(⁴</strong></span> <span class='ocrx_word' id='word_1_161' title='bbox 2080 2561 2133 2659; x_wconf 89' lang='lat'><strong>),</strong></span> <span class='ocrx_word' id='word_1_162' title='bbox 2164 2583 2351 2636; x_wconf 89' lang='lat' dir='ltr'><strong>anno</strong></span> <span class='ocrx_word' id='word_1_163' title='bbox 2377 2560 2724 2635; x_wconf 90' lang='lat' dir='ltr'><strong>dominice</strong></span> <span class='ocrx_word' id='word_1_164' title='bbox 2747 2559 3235 2633; x_wconf 89' lang='lat' dir='ltr'><strong>incarnationis</strong></span> <span class='ocrx_word' id='word_1_165' title='bbox 3255 2560 3352 2633; x_wconf 70' lang='grc' dir='ltr'><strong>Μ’</strong></span> <span class='ocrx_word' id='word_1_166' title='bbox 3376 2557 3509 2631; x_wconf 82' lang='lat' dir='ltr'><strong>CC⁰</strong></span> <span class='ocrx_word' id='word_1_167' title='bbox 3528 2555 3865 2648; x_wconf 82' lang='lat' dir='ltr'><strong>xxxJ11·,</strong></span> 
     </span>
    </p>
   </div>
   <div class='ocr_carea' id='block_1_4' title="bbox 1043 2686 2235 2777">
    <p class='ocr_par' dir='ltr' id='par_1_5' title="bbox 1043 2686 2235 2777">
     <span class='ocr_line' id='line_1_20' title="bbox 1043 2686 2235 2777; baseline -0.003 -15"><span class='ocrx_word' id='word_1_168' title='bbox 1043 2690 1163 2762; x_wconf 89' lang='lat' dir='ltr'><strong>VII</strong></span> <span class='ocrx_word' id='word_1_169' title='bbox 1198 2688 1359 2762; x_wconf 88' lang='lat' dir='ltr'><strong>idus</strong></span> <span class='ocrx_word' id='word_1_170' title='bbox 1398 2688 1665 2777; x_wconf 85' lang='lat' dir='ltr'><strong>martii,</strong></span> <span class='ocrx_word' id='word_1_171' title='bbox 1705 2686 2086 2760; x_wconf 89' lang='lat' dir='ltr'><strong>indictione</strong></span> <span class='ocrx_word' id='word_1_172' title='bbox 2118 2686 2235 2759; x_wconf 85' lang='lat' dir='ltr'><strong>VI.</strong></span> 
     </span>
    </p>
   </div>
   <div class='ocr_carea' id='block_1_5' title="bbox 1493 2976 3374 2999">
    <p class='ocr_par' dir='ltr' id='par_1_6' title="bbox 1493 2976 3374 2999">
     <span class='ocr_line' id='line_1_21' title="bbox 1493 2976 3374 2999; baseline -0.005 -2"><span class='ocrx_word' id='word_1_173' title='bbox 1493 2976 3374 2999; x_wconf 42' lang='lat' dir='ltr'><strong>m-——o——o--n—o-——ffl—-ss</strong></span> 
     </span>
    </p>
   </div>
   <div class='ocr_carea' id='block_1_6' title="bbox 1042 3220 3919 3733">
    <p class='ocr_par' dir='ltr' id='par_1_7' title="bbox 1042 3220 3919 3733">
     <span class='ocr_line' id='line_1_22' title="bbox 1152 3220 3919 3352; baseline -0.003 -23"><span class='ocrx_word' id='word_1_174' title='bbox 1152 3245 1524 3329; x_wconf 88' lang='lat' dir='ltr'><strong>Henricus</strong></span> <span class='ocrx_word' id='word_1_175' title='bbox 1540 3306 1564 3352; x_wconf 86' lang='lat'><strong><em>‚</em></strong></span> <span class='ocrx_word' id='word_1_176' title='bbox 1619 3247 2141 3330; x_wconf 89' lang='lat' dir='ltr'><strong>Romanorum</strong></span> <span class='ocrx_word' id='word_1_177' title='bbox 2176 3268 2309 3325; x_wconf 85' lang='lat' dir='ltr'><strong>rex</strong></span> <span class='ocrx_word' id='word_1_178' title='bbox 2327 3304 2350 3350; x_wconf 85' lang='lat'><strong><em>‚</em></strong></span> <span class='ocrx_word' id='word_1_179' title='bbox 2399 3239 2825 3350; x_wconf 88' lang='lat' dir='ltr'><strong>paupertati</strong></span> <span class='ocrx_word' id='word_1_180' title='bbox 2859 3239 3217 3322; x_wconf 87' lang='lat' dir='ltr'><strong>ecclesiae</strong></span> <span class='ocrx_word' id='word_1_181' title='bbox 3257 3238 3602 3322; x_wconf 85' lang='lat' dir='ltr'><strong>Uterinae</strong></span> <span class='ocrx_word' id='word_1_182' title='bbox 3629 3237 3868 3321; x_wconf 89' lang='lat' dir='ltr'><strong>Vallis</strong></span> <span class='ocrx_word' id='word_1_183' title='bbox 3914 3220 3919 3224; x_wconf 54' lang='grc'><strong>’</strong></span> 
     </span>
     <span class='ocr_line' id='line_1_23' title="bbox 1048 3369 3866 3493; baseline -0.005 -27"><span class='ocrx_word' id='word_1_184' title='bbox 1048 3377 1631 3493; x_wconf 78' lang='lat' dir='ltr'><strong>(Eussernthal)</strong></span> <span class='ocrx_word' id='word_1_185' title='bbox 1670 3377 2173 3485; x_wconf 83' lang='lat' dir='ltr'><strong>compatiens,</strong></span> <span class='ocrx_word' id='word_1_186' title='bbox 2214 3398 2459 3483; x_wconf 90' lang='lat' dir='ltr'><strong>quum</strong></span> <span class='ocrx_word' id='word_1_187' title='bbox 2503 3371 2717 3454; x_wconf 90' lang='lat' dir='ltr'><strong>illam</strong></span> <span class='ocrx_word' id='word_1_188' title='bbox 2753 3371 2854 3453; x_wconf 88' lang='lat' dir='ltr'><strong>ad</strong></span> <span class='ocrx_word' id='word_1_189' title='bbox 2888 3371 3146 3454; x_wconf 89' lang='lat' dir='ltr'><strong>omnia</strong></span> <span class='ocrx_word' id='word_1_190' title='bbox 3181 3369 3514 3453; x_wconf 86' lang='lat' dir='ltr'><strong>caritatis</strong></span> <span class='ocrx_word' id='word_1_191' title='bbox 3557 3382 3634 3453; x_wconf 87' lang='lat' dir='ltr'><strong>et</strong></span> <span class='ocrx_word' id='word_1_192' title='bbox 3664 3370 3866 3453; x_wconf 90' lang='lat' dir='ltr'><strong>hos-</strong></span> 
     </span>
     <span class='ocr_line' id='line_1_24' title="bbox 1048 3501 3870 3628; baseline -0.005 -31"><span class='ocrx_word' id='word_1_193' title='bbox 1048 3512 1442 3626; x_wconf 88' lang='lat' dir='ltr'><strong>pitalitatis</strong></span> <span class='ocrx_word' id='word_1_194' title='bbox 1486 3535 1716 3619; x_wconf 89' lang='lat' dir='ltr'><strong>opera</strong></span> <span class='ocrx_word' id='word_1_195' title='bbox 1758 3517 2098 3617; x_wconf 86' lang='lat' dir='ltr'><strong>oporteat</strong></span> <span class='ocrx_word' id='word_1_196' title='bbox 2148 3530 2316 3589; x_wconf 90' lang='lat' dir='ltr'><strong>esse</strong></span> <span class='ocrx_word' id='word_1_197' title='bbox 2363 3512 2708 3628; x_wconf 86' lang='lat' dir='ltr'><strong>paratam</strong></span> <span class='ocrx_word' id='word_1_198' title='bbox 2721 3565 2746 3612; x_wconf 82' lang='lat'>‚</span> <span class='ocrx_word' id='word_1_199' title='bbox 2806 3501 3200 3586; x_wconf 86' lang='lat' dir='ltr'><strong>ecclesiam</strong></span> <span class='ocrx_word' id='word_1_200' title='bbox 3244 3527 3465 3586; x_wconf 89' lang='lat' dir='ltr'><strong>suam</strong></span> <span class='ocrx_word' id='word_1_201' title='bbox 3509 3502 3591 3585; x_wconf 92' lang='lat' dir='ltr'><strong>in</strong></span> <span class='ocrx_word' id='word_1_202' title='bbox 3643 3501 3870 3584; x_wconf 84' lang='lat' dir='ltr'><strong>Ann-</strong></span> 
     </span>
     <span class='ocr_line' id='line_1_25' title="bbox 1042 3634 2875 3733; baseline -0.009 0"><span class='ocrx_word' id='word_1_203' title='bbox 1042 3645 1299 3733; x_wconf 85' lang='lat' dir='ltr'><strong>weiler</strong></span> <span class='ocrx_word' id='word_1_204' title='bbox 1333 3670 1512 3730; x_wconf 90' lang='lat' dir='ltr'><strong>cum</strong></span> <span class='ocrx_word' id='word_1_205' title='bbox 1548 3640 1846 3727; x_wconf 82' lang='lat' dir='ltr'><strong>vacabit</strong></span> <span class='ocrx_word' id='word_1_206' title='bbox 1879 3639 2123 3723; x_wconf 90' lang='lat' dir='ltr'><strong>eidem</strong></span> <span class='ocrx_word' id='word_1_207' title='bbox 2159 3636 2524 3722; x_wconf 89' lang='lat' dir='ltr'><strong>coenobio</strong></span> <span class='ocrx_word' id='word_1_208' title='bbox 2559 3634 2875 3720; x_wconf 86' lang='lat' dir='ltr'><strong>confert.</strong></span> 
     </span>
    </p>
   </div>
   <div class='ocr_carea' id='block_1_7' title="bbox 1204 3844 3223 3940">
    <p class='ocr_par' dir='ltr' id='par_1_8' title="bbox 1204 3844 3223 3940">
     <span class='ocr_line' id='line_1_26' title="bbox 1204 3844 3223 3940; baseline -0.007 -17"><span class='ocrx_word' id='word_1_209' title='bbox 1204 3857 1410 3940; x_wconf 83' lang='lat' dir='ltr'><strong>(Edid.</strong></span> <span class='ocrx_word' id='word_1_210' title='bbox 1440 3858 1884 3928; x_wconf 71' lang='lat' dir='ltr'><strong>Wnnnrwm,</strong></span> <span class='ocrx_word' id='word_1_211' title='bbox 1911 3851 2052 3916; x_wconf 75' lang='lat' dir='ltr'><strong>Nou.</strong></span> <span class='ocrx_word' id='word_1_212' title='bbox 2083 3847 2314 3915; x_wconf 61' lang='lat' dir='ltr'><strong>Subest</strong></span> <span class='ocrx_word' id='word_1_213' title='bbox 2343 3845 2689 3931; x_wconf 63' lang='lat' dir='ltr'><strong>Diplomat,</strong></span> <span class='ocrx_word' id='word_1_214' title='bbox 2720 3854 2769 3911; x_wconf 88' lang='lat' dir='ltr'><strong>t.</strong></span> <span class='ocrx_word' id='word_1_215' title='bbox 2794 3847 2935 3929; x_wconf 81' lang='grc' dir='ltr'><strong>ΧΠ,</strong></span> <span class='ocrx_word' id='word_1_216' title='bbox 2960 3865 3025 3926; x_wconf 85' lang='lat' dir='ltr'><strong>p.</strong></span> <span class='ocrx_word' id='word_1_217' title='bbox 3058 3844 3223 3927; x_wconf 76' lang='grc'><strong>144.)</strong></span> 
     </span>
    </p>
   </div>
   <div class='ocr_carea' id='block_1_8' title="bbox 1047 4034 3865 4388">
    <p class='ocr_par' dir='ltr' id='par_1_9' title="bbox 1047 4034 3865 4388">
     <span class='ocr_line' id='line_1_27' title="bbox 1143 4034 3865 4141; baseline -0.007 -19"><span class='ocrx_word' id='word_1_218' title='bbox 1143 4049 1501 4123; x_wconf 89' lang='lat' dir='ltr'><strong>Heinricus</strong></span> <span class='ocrx_word' id='word_1_219' title='bbox 1520 4046 1879 4141; x_wconf 88' lang='lat' dir='ltr'><strong>septimus,</strong></span> <span class='ocrx_word' id='word_1_220' title='bbox 1911 4042 2154 4116; x_wconf 85' lang='lat' dir='ltr'><strong>divina</strong></span> <span class='ocrx_word' id='word_1_221' title='bbox 2180 4041 2460 4138; x_wconf 70' lang='lat' dir='ltr'><strong>favente</strong></span> <span class='ocrx_word' id='word_1_222' title='bbox 2484 4034 2842 4111; x_wconf 88' lang='lat' dir='ltr'><strong>clementia</strong></span> <span class='ocrx_word' id='word_1_223' title='bbox 2866 4034 3326 4108; x_wconf 87' lang='lat' dir='ltr'><strong>Romanorum</strong></span> <span class='ocrx_word' id='word_1_224' title='bbox 3357 4053 3483 4105; x_wconf 79' lang='lat' dir='ltr'><strong>rex</strong></span> <span class='ocrx_word' id='word_1_225' title='bbox 3503 4041 3574 4104; x_wconf 90' lang='lat' dir='ltr'><strong>et</strong></span> <span class='ocrx_word' id='word_1_226' title='bbox 3594 4051 3865 4127; x_wconf 85' lang='lat' dir='ltr'><strong>semper</strong></span> 
     </span>
     <span class='ocr_line' id='line_1_28' title="bbox 1047 4153 3865 4265; baseline -0.006 -20"><span class='ocrx_word' id='word_1_227' title='bbox 1047 4179 1419 4265; x_wconf 84' lang='lat' dir='ltr'><strong>augustus,</strong></span> <span class='ocrx_word' id='word_1_228' title='bbox 1461 4167 1807 4241; x_wconf 86' lang='lat' dir='ltr'><strong>universis</strong></span> <span class='ocrx_word' id='word_1_229' title='bbox 1836 4164 2108 4261; x_wconf 92' lang='lat' dir='ltr'><strong>imperii</strong></span> <span class='ocrx_word' id='word_1_230' title='bbox 2142 4153 2467 4235; x_wconf 81' lang='lat' dir='ltr'><strong>fidelibus</strong></span> <span class='ocrx_word' id='word_1_231' title='bbox 2502 4160 2760 4255; x_wconf 89' lang='lat' dir='ltr'><strong>quibus</strong></span> <span class='ocrx_word' id='word_1_232' title='bbox 2790 4177 3074 4253; x_wconf 88' lang='lat' dir='ltr'><strong>presens</strong></span> <span class='ocrx_word' id='word_1_233' title='bbox 3106 4156 3324 4228; x_wconf 87' lang='lat' dir='ltr'><strong>littera</strong></span> <span class='ocrx_word' id='word_1_234' title='bbox 3353 4155 3558 4256; x_wconf 80' lang='lat' dir='ltr'><strong>suerit</strong></span> <span class='ocrx_word' id='word_1_235' title='bbox 3589 4164 3865 4228; x_wconf 87' lang='lat' dir='ltr'><strong>ostensa</strong></span> 
     </span>
     <span class='ocr_line' id='line_1_29' title="bbox 1057 4277 3863 4388; baseline -0.005 -24"><span class='ocrx_word' id='word_1_236' title='bbox 1057 4292 1345 4388; x_wconf 77' lang='lat' dir='ltr'><strong>gratiam</strong></span> <span class='ocrx_word' id='word_1_237' title='bbox 1379 4311 1579 4363; x_wconf 89' lang='lat' dir='ltr'><strong>suam</strong></span> <span class='ocrx_word' id='word_1_238' title='bbox 1612 4297 1682 4361; x_wconf 88' lang='lat' dir='ltr'><strong>et</strong></span> <span class='ocrx_word' id='word_1_239' title='bbox 1712 4309 1917 4361; x_wconf 92' lang='lat' dir='ltr'><strong>omne</strong></span> <span class='ocrx_word' id='word_1_240' title='bbox 1937 4288 2221 4358; x_wconf 89' lang='lat' dir='ltr'><strong>bonum.</strong></span> <span class='ocrx_word' id='word_1_241' title='bbox 2250 4284 2421 4356; x_wconf 90' lang='lat' dir='ltr'><strong>Cum</strong></span> <span class='ocrx_word' id='word_1_242' title='bbox 2442 4290 2704 4356; x_wconf 88' lang='lat' dir='ltr'><strong>constet</strong></span> <span class='ocrx_word' id='word_1_243' title='bbox 2734 4280 2934 4353; x_wconf 89' lang='lat' dir='ltr'><strong>nobis</strong></span> <span class='ocrx_word' id='word_1_244' title='bbox 2951 4277 3312 4351; x_wconf 89' lang='lat' dir='ltr'><strong>ecclesiam</strong></span> <span class='ocrx_word' id='word_1_245' title='bbox 3338 4277 3617 4351; x_wconf 88' lang='lat' dir='ltr'><strong>Uterine</strong></span> <span class='ocrx_word' id='word_1_246' title='bbox 3647 4277 3863 4351; x_wconf 81' lang='lat' dir='ltr'><strong>Vallis</strong></span> 
     </span>
    </p>
   </div>
   <div class='ocr_carea' id='block_1_9' title="bbox 1038 4578 3860 4759">
    <p class='ocr_par' dir='ltr' id='par_1_10' title="bbox 1038 4578 3860 4759">
     <span class='ocr_line' id='line_1_30' title="bbox 1115 4578 3860 4675; baseline -0.007 -21"><span class='ocrx_word' id='word_1_247' title='bbox 1115 4599 1186 4675; x_wconf 79' lang='lat' dir='ltr'><strong>(t)</strong></span> <span class='ocrx_word' id='word_1_248' title='bbox 1224 4599 1396 4656; x_wconf 85' lang='lat' dir='ltr'><strong>Locus</strong></span> <span class='ocrx_word' id='word_1_249' title='bbox 1423 4590 1641 4652; x_wconf 89' lang='lat' dir='ltr'><strong>nomine</strong></span> <span class='ocrx_word' id='word_1_250' title='bbox 1662 4586 1960 4649; x_wconf 73' lang='lat' dir='ltr'><strong>Oberwml</strong></span> <span class='ocrx_word' id='word_1_251' title='bbox 1991 4586 2300 4657; x_wconf 77' lang='lat' dir='ltr'><strong>distincms,</strong></span> <span class='ocrx_word' id='word_1_252' title='bbox 2334 4599 2498 4659; x_wconf 81' lang='lat' dir='ltr'><strong>supra</strong></span> <span class='ocrx_word' id='word_1_253' title='bbox 2532 4582 2777 4641; x_wconf 81' lang='lat' dir='ltr'><strong>Rhenum</strong></span> <span class='ocrx_word' id='word_1_254' title='bbox 2794 4622 2810 4654; x_wconf 90' lang='lat'>‚</span> <span class='ocrx_word' id='word_1_255' title='bbox 2841 4597 2950 4640; x_wconf 81' lang='lat' dir='ltr'><strong>non</strong></span> <span class='ocrx_word' id='word_1_256' title='bbox 2973 4580 3160 4655; x_wconf 74' lang='lat' dir='ltr'><strong>procul</strong></span> <span class='ocrx_word' id='word_1_257' title='bbox 3183 4596 3215 4638; x_wconf 87' lang='lat' dir='ltr'><strong>a</strong></span> <span class='ocrx_word' id='word_1_258' title='bbox 3241 4578 3503 4654; x_wconf 75' lang='lat' dir='ltr'><strong>Bopardia</strong></span> <span class='ocrx_word' id='word_1_259' title='bbox 3531 4593 3726 4638; x_wconf 74' lang='lat' dir='ltr'><strong>vot-ms</strong></span> <span class='ocrx_word' id='word_1_260' title='bbox 3745 4592 3860 4635; x_wconf 85' lang='lat' dir='ltr'><strong>me-</strong></span> 
     </span>
     <span class='ocr_line' id='line_1_31' title="bbox 1038 4700 1246 4759; baseline -0.024 0"><span class='ocrx_word' id='word_1_261' title='bbox 1038 4700 1246 4759; x_wconf 85' lang='lat' dir='ltr'><strong>ridiem.</strong></span> 
     </span>
    </p>
   </div>
  </div>
 </body>
</html>
