4500 5956
990 558 1112 620 928
1982 557 2412 620 rmnnmcl
2461 557 2806 620 sncumm
3432 559 3590 641 [An.
3625 560 3799 622 1236.

1230 694 1487 771 sigillum
1512 695 1715 770 perlit,
1744 700 2084 756 remanente
2110 700 2343 756 tantum
2367 699 2534 772 parte
2558 697 2856 772 superlore
2879 692 3116 755 filorum
3140 697 3460 757 sericorum
3499 696 3706 757 viridis
3728 713 3804 758 ac

1236 798 1487 859 caerulei
1506 800 1764 871 coloris.)

1089 1007 1523 1107 Conr[adus],
1557 1009 1679 1081 Dei
1709 1010 1929 1101 gratia
1958 1030 2085 1081 rex
2117 1010 2755 1104 lerosolymitanus,
2786 1008 3064 1102 gloriosi
3094 1011 3554 1082 Romanorum
3584 1011 3802 1103 impe-

991 1133 1233 1205 ratoris
1280 1143 1510 1204 natuS.
1559 1133 1822 1205 Tenore
1865 1134 2287 1227 presentium
2341 1143 2581 1205 notum
2627 1131 2773 1204 fieri
2825 1133 3143 1226 cupimus
3192 1140 3331 1204 tam
3371 1133 3798 1227 presentibus

991 1278 1198 1349 quam
1248 1255 1529 1340 futuris,
1585 1254 1777 1347 quod
1822 1277 1981 1325 cum
2032 1276 2255 1326 coram
2308 1256 2622 1327 Conrado
2674 1254 3103 1347 butegelario
3135 1252 3241 1326 .de
3293 1254 3790 1345 Nuoerinberc,

992 1378 1393 1450 auctoritate
1427 1377 1687 1449 domini
1724 1386 1792 1449 et
1824 1378 2034 1472 patris
2072 1378 2285 1449 nostri
2331 1387 2400 1449 et
2432 1387 2662 1449 nostra
2699 1377 2965 1467 judicio
3002 1376 3393 1469 presidente
3425 1375 3554 1471 (a),
3595 1398 3799 1470 super

992 1501 1191 1572 bonis
1226 1522 1362 1595 que
1391 1499 1750 1571 Heinricus
1785 1509 1854 1569 et
1884 1500 2313 1571 Hermannus
2356 1498 2476 1569 filii
2515 1497 2867 1591 quondam
2900 1493 3335 1592 Her[manni]
3368 1496 3796 1590 Ambergarii

993 1623 1319 1693 fratribus
1365 1621 1717 1714 hospitalis
1760 1622 2009 1692 Sancte
2051 1621 2264 1693 Mario
2312 1621 2561 1692 domus
2600 1619 3172 1693 'theutonicorum
3224 1620 3296 1689 in
3337 1620 3799 1692 Nuoerinberc

995 1766 1120 1838 per
1149 1765 1397 1815 manus
1432 1743 1768 1814 salmanni
1802 1742 2013 1815 libere
2048 1742 2518 1832 contulerunt,
2551 1743 2729 1814 inter
2767 1743 3043 1814 eosdem
3081 1744 3319 1813 fratres
3353 1764 3435 1813 ac
3467 1741 3799 1836 hospitale

997 1867 1301 1960 ipsorum
1339 1887 1431 1937 ex
1469 1887 1610 1935 una
1649 1875 1838 1959 parte
1880 1875 1949 1937 et
1985 1867 2286 1937 Utricum
2326 1865 2413 1936 de
2441 1865 2681 1936 Lintha
2713 1875 2782 1935 et
2814 1866 3252 1936 Reinmarum
3291 1864 3380 1937 de
3417 1865 3797 1936 Grumbach

996 1988 1346 2080 agentium
1384 1986 1534 2080 (sic)
1567 1989 1846 2060 nomine
1880 1989 2336 2080 Kunegundis
2369 2000 2437 2060 et
2473 1987 2868 2059 Mahthildis
2904 2009 3200 2059 uxorum
3236 2010 3516 2059 suarum
3564 2009 3656 2059 ex
3688 1988 3797 2058 al-

994 2120 1178 2197 tera,
1219 2109 1341 2182 diu
1383 2111 1546 2182 hinc
1583 2111 1747 2184 inde
1781 2113 2050 2204 questio
2081 2122 2497 2199 verteretur;
2537 2113 2812 2185 tandem
2865 2110 3074 2182 iidem
3110 2113 3351 2182 fratres
3399 2133 3520 2204 per
3557 2112 3793 2183 vivum

995 2234 1456 2304 testimonium
1490 2243 1557 2304 et
1583 2255 1825 2305 verum
1857 2236 2291 2307 salmannum
2329 2235 2867 2330 comprobabant
2887 2235 3078 2329 quod
3114 2235 3298 2307 dicte
3335 2256 3599 2307 sororoe
3626 2243 3793 2306 tem-

994 2376 1162 2448 pore
1198 2355 1580 2427 donationis
1614 2356 1877 2428 eisdem
1913 2357 2145 2443 bonis,
2186 2358 2510 2429 videlicet
2538 2357 2810 2429 duabus
2847 2359 3024 2429 areis
3060 2358 3210 2429 sitis
3242 2379 3282 2428 a
3313 2358 3521 2429 latere
3554 2355 3795 2429 domus

994 2477 1268 2571 lapidee
1305 2478 1818 2566 monachornm,
1850 2481 1969 2551 uni
1998 2481 2173 2552 curti
2215 2479 2405 2574 apud
2434 2482 2802 2568 Monetam,
2829 2480 3140 2574 quinque
3171 2480 3496 2569 macellis,
3527 2481 3795 2553 duobus

995 2602 1292 2672 scamnis
1326 2602 1551 2696 panis,
1594 2605 1711 2671 uni
1752 2602 2071 2673 cubiculo
2107 2604 2177 2672 in
2208 2623 2350 2697 quo
2387 2604 2637 2674 ferrum
2669 2603 3022 2691 venditur,
3064 2603 3335 2697 publice
3362 2604 3687 2675 cesserint
3717 2625 3796 2676 ac

994 2724 1093 2794 eis
1123 2725 1674 2796 renunciaverint
1698 2725 1902 2815 Juxta
1933 2747 2216 2797 morem.
2255 2723 2451 2797 Unde
2479 2725 2737 2797 eisdem
2766 2724 2995 2796 Ulrico
3019 2736 3087 2797 et
3108 2725 3496 2796 Reinmario
3524 2747 3565 2796 a
3592 2747 3798 2797 causa

997 2847 1429 2936 cadentibuS,
1459 2847 1622 2919 dicti
1651 2849 1890 2919 fratres
1923 2847 2236 2940 ejusdem
2273 2848 2630 2942 hospitalis
2662 2850 3105 2942 optinuerunt
3140 2849 3624 2920 sententialiter
3651 2850 3796 2942 ipsa

994 2968 1174 3040 bona
1208 2969 1299 3042 ad
1334 2992 1408 3041 se
1447 2970 1746 3064 legitime
1781 2972 2143 3065 pertinere.
2182 2972 2401 3064 Igitur
2434 2993 2589 3041 cum
2628 2993 2748 3065 per
2773 2970 3075 3042 eundem
3110 2970 3606 3064 butegelarium
3642 2993 3795 3065 pre-

995 3092 1205 3161 missa
1240 3092 1439 3162 nobis
1474 3094 1745 3187 plenius
1783 3095 2280 3182 constitissent,
2324 3095 2394 3163 in
2436 3094 2988 3187 protestationem
3024 3094 3421 3165 eorumdem
3454 3104 3797 3189 presentes

996 3212 1255 3284 litteras
1291 3212 1436 3285 fieri
1473 3215 1794 3302 fecimus,
1831 3225 1902 3286 et
1927 3216 2129 3308 sigilli
2168 3216 2379 3287 nostri
2410 3215 2792 3287 munimine
2829 3216 3159 3288 roborari.

1094 3334 1327 3404 Testes
1352 3345 1513 3405 sunt
1540 3336 1635 3405 hii
1660 3362 1676 3404 z
1701 3336 2057 3409 Conradus
2077 3339 2427 3429 quondam
2452 3339 2779 3409 scultetus
2795 3337 3019 3409 dictus
3040 3338 3353 3430 Bigenot,
3498 3338 3803 3410 minister

1000 3454 1089 3527 de
1111 3454 1531 3549 Ckuedorpf,
1563 3458 1993 3530 Hermannus
2019 3458 2373 3552 quondam
2398 3458 2727 3530 scultetus
2750 3456 2975 3530 dictus
2997 3459 3344 3551 Anguilla,
3367 3459 3803 3531 Eberhardus

996 3578 1365 3668 scultetus,
1404 3579 1672 3650 Utricus
1725 3579 1950 3651 dictus
1997 3580 2450 3670 Tuirhreche,
2505 3580 2910 3653 Bertholdus
2962 3581 3398 3665 Scutelocus,
3451 3580 3801 3652 Conradus

996 3700 1427 3791 ScutelocnS,
1463 3700 1842 3774 Volkoldus
1880 3700 2062 3773 filius
2092 3701 2446 3787 Volkoldi,
2488 3711 2556 3773 et
2587 3701 2701 3772 alii
2735 3723 2945 3794 quam
2978 3702 3235 3798 plures.

1090 3822 1337 3893 Actum
1405 3824 1595 3918 apud
1662 3825 2164 3915 Nuoerinberc,
2236 3846 2419 3896 anno
2487 3823 2832 3896 dominice
2898 3825 3385 3897 incarnationis
3442 3825 3801 3897 millesimo

993 3942 1409 4037 CCXXXVI,
1451 3970 1687 4020 mense
1723 3948 2142 4040 decembris,
2189 3946 2456 4020 decime
2492 3946 2928 4038 indictionis,
2971 3948 3280 4020 feliciter.
3320 3948 3566 4021 Amen.

1080 4169 1162 4248 (a)
1204 4171 1322 4248 Ap.
1349 4172 1608 4235 Monam.
1636 4174 1820 4250 Boia,
1841 4172 2211 4253 presidentis.
