4500 5956
606 578 825 634 lxmcr.
858 569 946 651 9.]
1530 564 1924 626 HISTORIA
1974 560 2559 623 DIPLOMATmA.
3337 559 3454 620 765

600 707 977 795 inclinati,
1015 702 1443 775 attendentes
1475 702 1593 793 jus
1622 701 1984 794 antiquum
2023 706 2329 770 nostrum
2372 706 2440 767 et
2484 694 2752 787 imperii
2798 715 2941 789 quo
2980 694 3450 788 progenitores

606 828 841 903 nostri
888 825 1111 899 felicis
1139 825 1466 897 memorie
1502 824 1880 918 cappellam
1917 823 2135 917 ipsam
2185 818 2585 891 immediate
2614 828 2684 888 et
2709 816 2920 888 libere
2959 816 3438 911 possederunt,

604 953 1057 1027 libertatibus
1102 950 1311 1022 etiam
1354 949 1575 1044 ipsius
1630 947 1998 1041 diligenter
2055 943 2381 1039 inspectis
2403 995 2423 1030 ‚
2483 940 2890 1013 sententiam
2934 940 3158 1035 ipsam
3207 948 3444 1034 utpote

603 1080 877 1169 justam
936 1074 1271 1148 duximus
1326 1070 1905 1159 confirmandam3
1978 1067 2296 1141 fidelitati
2352 1074 2579 1138 vestre
2637 1062 3042 1136 mandantes
3102 1072 3444 1156 quatenus

615 1201 854 1272 nullus
882 1200 972 1270 sit
1000 1197 1122 1290 qui
1157 1205 1395 1268 contra
1426 1204 1734 1266 tenorem
1785 1191 2099 1285 ejusdem
2150 1188 2487 1261 sententie
2514 1186 2609 1259 de
2645 1184 2890 1259 eadem
2937 1185 3244 1278 cappella
3286 1206 3444 1278 pre·

621 1330 854 1393 sumat
911 1318 1178 1413 aliquid
1226 1327 1655 1411 attemptare.
1712 1314 2035 1407 Alioquin
2092 1310 2633 1405 indignationem
2685 1319 2986 1382 nostram
3042 1330 3118 1381 se
3179 1307 3448 1380 noverit

630 1445 1092 1516 incursurum.
2667 1500 2710 1539 ,

722 1569 971 1640 Datum
1010 1567 1435 1658 Hagenowe,
1478 1583 1661 1634 nono
1690 1559 2124 1656 septembris,
2166 1578 2353 1629 nona
2383 1556 2781 1629 indictione.

726 2126 1151 2210 Fridericus
1183 2190 1207 2235 ,
1286 2127 1806 2210 Romanorum
1888 2125 2338 2233 imperator,
2419 2124 2776 2207 Cunrado
2853 2125 3262 2237 bul-gravio
3352 2131 3449 2213 de
3535 2161 3811 2227 nasum.

625 2255 1068 2367 Nurenberg
1120 2269 1196 2341 et
1253 2256 1710 2340 haeredibus
1746 2256 1911 2365 ejus
1947 2257 2406 2364 emptionem
2456 2257 2684 2338 castri
2735 2255 3187 2369 Virnsberg,
3237 2262 3448 2369 quod
3547 2217 3802 2267 ”mmm

627 2389 1010 2470 Gotfridus
1081 2391 1177 2470 de
1248 2388 1690 2471 Hohenloch
1746 2382 1795 2469 a
1835 2388 2235 2472 Ludewico
2291 2389 2388 2471 de
2441 2387 2859 2498 Virnsberg
2932 2416 3070 2497 pro
3131 2417 3445 2474 recom-

623 2521 1057 2627 pensatione
1091 2522 1401 2627 damni,
1440 2548 1577 2630 per
1613 2521 1967 2603 eumdem
2005 2521 2149 2602 sibi
2187 2521 2420 2628 illati,
2452 2531 2871 2629 receperat,
2903 2522 3330 2606 confirmat.

781 2722 976 2802 (Edit.
1006 2738 1105 2798 ap.
1136 2724 1630 2799 mussulam«,
1674 2718 1929 2801 Diplom.
1967 2722 2209 2781 Beweiss
2245 2719 2344 2781 dos
2386 2718 2554 2779 haus.
2585 2716 2853 2793 Habent„
2901 2727 2946 2791 t,
2982 2723 3047 2796 1,
3096 2741 3157 2800 p.
3189 2734 3329 2787 400.
3360 2758 3440 2774 —-·

858 2829 1135 2901 oxum,
1175 2826 1362 2887 Gesclt.
1394 2826 1501 2887 der
1524 2830 1807 2908 Burqqr„
1834 2834 1884 2888 t.
1915 2827 1976 2901 1,
2007 2847 2069 2905 p.
2104 2836 2242 2888 292.
2266 2860 2348 2871 —
2370 2828 2636 2903 Senum,
2665 2826 2884 2885 HIstor.
2916 2826 3273 2902 Brandmb„
3302 2833 3435 2894 eod.

856 2936 1125 3013 diplom„
1163 2953 1225 3011 p.
1260 2944 1371 3008 72,
1410 2943 1476 2995 n·
1502 2943 1602 2996 36.
1630 2966 1711 2978 -
1736 2934 2000 2995 Manum.
2033 2934 2218 3007 Boia,
2246 2939 2294 2993 t.
2324 2932 2532 3005 XXX,
2563 2949 2625 3009 p.
2655 2942 2797 3004 238,
2841 2950 3009 2996 num.
3040 2935 3435 3005 DCCXXXV.

853 3073 934 3085 —
971 3042 1354 3114 sunnam),
1402 3040 1668 3100 Monam.
1710 3037 1950 3113 Zella,
1988 3048 2135 3100 tom.
2169 3040 2228 3114 Ι,
2261 3057 2321 3116 p.
2357 3047 2455 3098 40.
2485 3070 2567 3084 -
2595 3039 2897 3115 Originale
2946 3040 3320 3118 desumptum
3368 3062 3443 3104 ex

853 3147 1092 3208 archivo
1120 3148 1249 3207 ord.
1282 3148 1575 3208 Theuton.
1607 3148 1992 3207 commendae
2018 3147 2376 3224 Virnsberg,
2408 3153 2574 3206 extat
2613 3149 2677 3205 in
2720 3146 2907 3206 tabul.
2955 3147 3219 3220 Monac„
3262 3153 3440 3229 sigil-

854 3255 1096 3332 lumque
1135 3255 1199 3311 in
1226 3255 1387 3312 omni
1416 3269 1519 3313 ora
1546 3253 1770 3313 laesum
1797 3252 2089 3334 appendet
2114 3269 2190 3312 ex
2216 3251 2333 3312 filis
2359 3254 2561 3313 sericis
2584 3252 2728 3314 flavi
2756 3254 2986 3314 coloris.
3010 3254 3101 3315 cf.
3123 3254 3441 3320 Deduction

855 3357 1076 3419 Brund.
1099 3355 1683 3441 usurpatiomqmlz„
1716 3366 1816 3432 75,
1846 3355 1895 3437 5
1922 3366 2021 3436 es,
2052 3364 2113 3418 et
2139 3359 2394 3437 Anhang
2424 3368 2563 3433 235,
2585 3375 2752 3420 num.
2790 3361 2954 3439 117.)

709 3546 1129 3635 FridericuS,
1182 3546 1306 3618 Dei
1355 3545 1575 3640 gratia
1620 3547 2080 3619 Romanorum
2118 3546 2492 3641 imperator
2520 3569 2792 3641 semper
2818 3559 3188 3641 augustus,
3234 3551 3432 3623 Jeru-

613 3671 825 3742 salem
855 3679 925 3741 et
953 3670 1208 3764 Sycilie
1246 3691 1400 3740 rex.
1437 3671 1566 3742 Per
1591 3691 1871 3764 presens
1908 3670 2237 3766 scriptum
2271 3679 2510 3743 notum
2551 3672 2842 3742 facimus
2877 3673 3218 3745 universis
3243 3674 3434 3767 quod

613 3792 971 3866 Cunradus
1000 3793 1417 3885 burgravius
1454 3792 1546 3865 de
1577 3793 2006 3885 Nurenberc,
2039 3794 2334 3866 dilectus
2362 3792 2584 3866 fidelis
2612 3804 2868 3883 noster,
2904 3796 2974 3864 in
3002 3804 3234 3868 nostra
3272 3819 3428 3890 pre·

613 3916 830 3988 sentia
877 3917 1286 3987 constitutus
1334 3924 1563 3988 nostre
1607 3917 2000 4022 celsitudini
2045 3917 2466 4010 supplicavit
2516 3916 2707 4009 quod
2749 3938 2910 3989 cum
2961 3919 3110 4012 ipse
3154 3920 3433 3992 emisset

611 4060 651 4110 a
692 4039 1002 4112 Gotfrido
1040 4039 1133 4112 de
1166 4039 1565 4111 Hohenloch
1621 4037 1809 4112 fideli
1866 4048 2097 4111 nostro
2155 4050 2458 4111 castrum
2510 4041 2940 4134 Virnesperc‚
3001 4040 3190 4134 quod
3241 4041 3428 4114 idem

611 4160 961 4237 Gotfridus
1010 4184 1135 4259 pro
1174 4162 1811 4257 recompensatione
1856 4162 2139 4257 dampni
2189 4185 2231 4235 a
2279 4161 2658 4236 Ludevvico
2702 4160 2791 4235 de
2834 4163 3245 4257 Virnesperc
3297 4165 3430 4239 sibi

613 4286 774 4360 illati
833 4286 1084 4358 eodem
1145 4285 1525 4361 Ludevvico
1578 4286 1999 4360 concedente
2040 4286 2130 4358 de
2178 4296 2412 4359 nostra
2449 4286 2722 4359 licentia
2767 4287 2990 4360 fuerat
3036 4300 3425 4383 assecutus,

616 4431 735 4482 uos
767 4410 1255 4482 vendicionem
1290 4411 1517 4504 ipsam
1557 4419 1776 4482 ratam
1814 4410 2105 4501 habere,
2140 4420 2210 4484 et
2256 4411 2518 4483 dictum
2561 4420 2861 4483 castrum
2908 4434 3066 4485 cum
3111 4416 3436 4489 omnibus

608 4534 895 4622 justiciis
945 4542 1016 4606 et
1065 4533 1451 4606 rationibus
1496 4533 1643 4606 suis
1691 4534 1823 4607 sibi
1872 4544 1942 4606 et
1989 4534 2364 4607 heredibus
2414 4535 2559 4608 suis
2610 4535 3017 4609 confirmare
3071 4536 3162 4610 de
3207 4549 3437 4611 nostra

618 4655 831 4743 gratia
886 4654 1367 4749 dignaremur.
1419 4656 1558 4728 Nos
1601 4656 1814 4750 igitur
1872 4657 2019 4728 suis
2071 4658 2692 4753 supplicationibus
2736 4660 3199 4733 favorabiliter
3245 4662 3441 4735 incli-
