4500 5956
613 600 812 659 lamet.
844 596 933 674 8.]
1512 589 1904 652 HISTORIA
1954 585 2535 648 DIPLOMATICA.
3317 591 3436 652 709

614 731 787 804 soris
813 729 1024 803 nostri
1048 725 1344 801 Heinrici
1365 725 1794 822 imperatoris
1821 723 2071 819 quinti,
2096 720 2288 816 quod
2312 722 2464 816 ipse
2489 741 2616 815 pro
2640 719 2944 794 remedio
2970 721 3201 795 anime
3217 724 3432 817 patris

612 855 716 927 sui
757 852 998 948 proavi
1037 850 1250 923 nostri
1304 849 1733 945 imperatoris
1776 845 2073 920 Heinrici
2106 846 2178 916 in
2212 844 2327 917 die
2375 843 2831 937 exequiarum
2870 843 3091 939 ipsius
3127 845 3431 940 Spirensi

614 975 899 1048 contulit
922 974 1214 1064 civitati,
1249 972 1321 1043 in
1338 973 1557 1044 fronte
1584 970 1859 1063 majoris
1879 968 2112 1065 templi
2130 967 2360 1040 aureis
2371 966 2613 1039 litteris
2635 966 3028 1039 solemniter
3043 966 3422 1062 depictum,

611 1120 1007 1194 expressam
1050 1106 1121 1168 et
1162 1095 1662 1191 prominentem
1693 1094 2049 1167 continens
2074 1092 2448 1184 imaginem
2473 1143 2493 1180 ,
2543 1111 2957 1163 renovamus
2986 1099 3055 1163 et
3089 1091 3423 1185 imperiali

608 1222 1008 1294 auctoritate
1060 1218 1585 1290 corroboramus
1617 1217 1824 1290 etiam
1873 1216 2009 1310 (a),
2059 1226 2127 1287 et
2175 1225 2250 1286 ut
2296 1222 2552 1286 remota
2590 1213 2777 1284 omni
2823 1213 3272 1306 ambiguitate
3306 1217 3424 1306 jus

611 1342 952 1438 privilegii
981 1342 1049 1412 in
1088 1350 1496 1435 perpetuum
1528 1340 1806 1429 habeat,
1839 1348 2074 1433 utpote
2107 1337 2481 1410 multorum
2511 1336 2900 1431 principum
2922 1347 2995 1407 ut
3027 1337 3289 1410 ibidem
3322 1340 3422 1412 le-

607 1466 789 1559 gitur
820 1466 1072 1536 fultum
1097 1464 1523 1554 testimoniis,
1569 1462 1955 1535 firmissima
1992 1462 2342 1535 sanctione
2371 1459 2808 1534 decernimus
2837 1459 2967 1555 (l).
3011 1461 3204 1533 Sicut
3234 1463 3420 1535 enim

603 1593 908 1686 prefatus
932 1591 1299 1683 imperator
1329 1590 1579 1664 eodem
1605 1588 1966 1684 privilegio
1990 1608 2230 1660 omnes
2255 1585 2594 1681 Spirensis
2621 1581 2921 1657 civitatis
2935 1584 3425 1661 inhabitatores

606 1713 1072 1808 undecunque
1105 1713 1422 1786 venerint
1445 1714 1560 1785 vel
1601 1712 2102 1804 cuiuscumque
2124 1708 2542 1783 conditionis
2570 1709 2822 1781 fuerint
2854 1732 2896 1781 a
2923 1711 3424 1786 consuetudine

594 1835 900 1909 nefanda
950 1847 1020 1909 et
1073 1835 1495 1929 nequissima
1546 1857 1685 1930 que
1736 1836 1950 1928 vulgo
1999 1845 2286 1906 vocatur
2329 1834 2602 1905 Butheil
2660 1854 3082 1927 suorumque
3133 1834 3420 1909 heredes

584 1979 879 2053 prorsus
902 1960 1188 2050 exemit,
1225 1969 1294 2032 et
1321 1980 1411 2031 ne
1444 1959 1677 2053 aliqua
1695 1979 1984 2054 persona
2018 1957 2231 2049 major
2261 1958 2370 2030 vel
2400 1958 2651 2049 minor,
2680 1978 2817 2029 non
2841 1958 3245 2049 advocatus,
3281 1980 3419 2033 non

577 2104 835 2155 eorum
866 2082 1199 2154 naturalis
1231 2082 1557 2155 dominus
1584 2082 1719 2154 illis
1741 2082 2188 2155 morientibus
2214 2082 2305 2153 de
2330 2103 2571 2154 eorum
2606 2081 3014 2175 supellectili
3048 2083 3417 2177 quicquam

570 2207 865 2279 auferre
903 2214 1360 2301 presumeret,
1414 2204 1708 2278 finaliter
1750 2204 2142 2294 interdixit,
2198 2213 2267 2277 et
2300 2215 2378 2276 ut
2413 2225 2652 2276 omnes
2687 2205 2969 2277 liberam
3021 2215 3421 2299 potestatem

568 2328 892 2402 habeant
918 2332 1065 2402 suis
1102 2330 1478 2403 heredibus
1505 2331 1684 2403 bona
1719 2352 1846 2402 sua
1878 2329 2319 2423 relinquendi
2346 2330 2459 2402 vel
2498 2350 2620 2423 pro
2649 2330 2879 2402 anima
2908 2352 3034 2402 sua
3061 2330 3277 2404 dandi
3311 2336 3419 2405 vel

566 2453 1010 2546 cuicumque
1040 2475 1334 2549 persone
1365 2452 1533 2526 dare
1567 2454 1913 2526 voluerint
1949 2452 2336 2525 firmissime
2366 2451 2638 2543 statuit,
2683 2453 2776 2525 ita
2806 2463 2876 2523 et
2898 2473 3051 2540 nos,
3091 2454 3419 2545 adjuncto

566 2598 774 2649 novo
826 2578 1202 2669 maJestatis
1246 2587 1476 2650 nostre
1511 2577 1900 2673 privilegio,
1944 2577 2034 2649 ab
2062 2576 2388 2649 omnibus
2430 2575 2757 2669 predictis
2784 2586 3144 2671 exemptos
3170 2577 3414 2651 eadem

563 2696 903 2771 libertate
936 2700 1198 2793 jugiter
1251 2698 1557 2791 gaudere
1609 2701 1962 2772 volumus.
2018 2697 2314 2791 Contigit
2370 2706 2595 2769 tamen
2646 2698 3057 2790 precedente
3109 2707 3416 2794 tempore

567 2822 778 2917 qnod
822 2823 1092 2895 Ulricus
1144 2822 1456 2915 eJusdem
1511 2823 1812 2895 civitatis
1865 2821 2284 2895 venerabilis
2325 2822 2690 2916 episcopus
2734 2843 2942 2915 super
2991 2823 3412 2916 quibusdam

575 2946 831 3040 prefati
863 2946 1214 3041 privilegii
1252 2947 1485 3021 verbis
1519 2948 1949 3042 questionem
1988 2946 2227 3038 movit,
2252 2946 2544 3040 exigens
2575 2946 2666 3018 ab
2696 2946 2796 3019 eis
2821 2946 3011 3040 quod
3036 2947 3106 3018 in
3129 2948 3414 3043 quibus-

581 3068 744 3142 dam
785 3071 956 3143 locis
995 3073 1212 3165 vulgo
1248 3072 1732 3145 Houbethrech
1756 3081 2069 3160 vocatur,
2096 3079 2449 3165 tamquam
2486 3070 2556 3142 in
2593 3073 2854 3165 prefato
2883 3073 3243 3168 privilegio
3278 3076 3412 3148 sub

588 3194 867 3267 nomine
907 3195 1181 3268 Butheil
1229 3206 1301 3269 et
1332 3196 1775 3292 supellectilis
1808 3196 1899 3269 ab
1930 3197 2063 3269 hoc
2095 3197 2254 3288 jure
2308 3217 2445 3267 non
2481 3197 2759 3269 fuerunt
2793 3198 3125 3294 exempti.
3177 3200 3410 3284 Quum

590 3336 746 3389 vero
780 3317 963 3390 sicut
987 3328 1298 3391 nostrum
1325 3328 1431 3392 est
1461 3321 1650 3414 leges
1670 3319 1968 3393 condere
1988 3377 2005 3407 ,
2050 3321 2148 3392 ita
2176 3329 2244 3392 et
2275 3340 2415 3413 qne
2445 3318 2662 3393 dubia
2683 3328 2843 3392 sunt
2869 3321 3170 3416 benigne
3202 3323 3410 3395 inter-

592 3441 869 3534 pretari,
909 3463 1037 3514 nos
1064 3442 1455 3538 predictum
1492 3443 1966 3538 privilegium,
2009 3444 2217 3516 etiam
2252 3465 2414 3515 cum
2446 3464 2733 3516 assensu
2762 3443 3075 3535 ejusdem
3104 3446 3406 3541 episcopi

591 3564 860 3656 publice
881 3566 1269 3640 libertatem
1296 3588 1534 3639 eorum
1567 3567 2144 3660 recognoscentis,
2180 3566 2283 3638 sic
2312 3567 2840 3662 interpretamur
2862 3576 2938 3639 ut
2963 3568 3033 3639 in
3054 3590 3136 3641 eo
3163 3569 3254 3641 ab
3276 3568 3409 3642 hoc

585 3688 731 3778 iure
761 3689 956 3784 quod
997 3691 1438 3764 Houbetrech
1487 3690 1742 3763 dicitur
1769 3690 2045 3787 penitus
2074 3690 2214 3763 sint
2249 3691 2593 3786 exempti,
2637 3699 2705 3762 et
2739 3712 2867 3763 nos
2900 3712 3019 3763 eos
3045 3692 3404 3787 principali

662 3884 746 3965 (a)
788 3886 908 3964 Ap.
939 3889 1212 3950 Menum.
1242 3888 1423 3950 Bolca
1448 3895 1555 3950 est.

654 4199 724 4272 (4)
766 4220 792 4253 α
818 4200 1029 4273 Duplex
1071 4199 1284 4257 Henrici
1306 4201 1356 4260 V
1388 4199 1730 4274 privilegium
1756 4203 1916 4270 4444,
1955 4201 2024 4257 u
2053 4200 2293 4273 augusti,
2334 4199 2676 4273 Spirensibus
2713 4199 2931 4270 datum,
2961 4205 3214 4274 tanquam
3239 4218 3406 4259 unum

590 4295 825 4370 idemque
851 4298 1194 4372 privilegium
1216 4297 1306 4353 hic
1332 4303 1620 4355 renovatur
1639 4314 1704 4355 ac
1726 4296 2097 4369 confirmatum
2125 4303 2181 4354 et
2200 4296 2652 4370 quemadmodum
2665 4296 2772 4353 duo
2792 4296 2967 4369 priora
2983 4297 3039 4353 in
3062 4297 3235 4356 fronte
3256 4305 3407 4356 exte-

590 4393 704 4450 riori
737 4395 865 4451 olim
907 4395 1089 4452 aureis
1125 4394 1316 4452 litteris
1350 4394 1563 4469 depicta
1593 4394 2077 4469 conspiciebantur,
2109 4393 2188 4451 sic
2216 4393 2382 4450 etiam
2408 4392 2740 4468 privilegium
2773 4393 3025 4451 Friderici
3057 4395 3083 4450 1
3116 4410 3240 4452 cum
3271 4396 3403 4454 ima-

592 4490 705 4562 gine
736 4494 1019 4566 utriusque
1046 4493 1388 4568 imperatoris
1415 4493 1472 4550 in
1498 4493 1672 4552 fronte
1707 4492 1949 4550 interiori
1983 4492 2226 4566 ejusdem
2266 4492 2412 4551 cives
2449 4491 2638 4550 litteris
2676 4492 2852 4550 aureis
2884 4492 3097 4567 depingi
3131 4500 3403 4564 curarunt,

594 4600 803 4658 testibus
845 4603 1157 4672 Lanuui«,
1195 4602 1388 4676 Spem·-
1433 4601 1727 4674 Chronik.,
1757 4619 1814 4676 p.
1854 4604 1986 4672 466,
2024 4606 2081 4657 et
2108 4602 2374 4674 Gaissu,
2413 4601 2733 4659 Kaiserdom
2775 4620 2881 4660 von
2920 4603 3145 4678 Speyer,
3185 4620 3241 4676 p.
3280 4604 3403 4670 444,

588 4702 692 4753 not.
719 4701 840 4756 404.
865 4719 892 4750 ι
919 4700 1164 4758 Menum.
1183 4700 1332 4757 Boio.
1359 4705 1508 4758 nota.
