4500 5956
1246 556 1366 617 762
2241 554 2669 619 ninnium
2721 553 3066 616 ssscumnl
3685 558 3845 634 [Asu.
3889 559 4056 620 1235.

1342 691 1512 762 Acta
1556 698 1718 761 sunt
1758 689 1888 762 bec
1936 710 2122 763 anno
2171 691 2515 764 dominice
2563 687 3050 762 incarnationis
3093 687 3188 760 Μ.
3211 687 3336 760 CC.
3392 689 3739 765 tricesimo
3778 694 4057 787 quinte,

1241 836 1478 888 mense
1503 814 1779 909 augusti
1796 865 1817 903 ,
1850 823 2094 885 octave
2122 812 2546 884 indictionis,

1338 939 1507 1008 Data
1539 936 1732 1030 apud
1758 939 2185 1029 Hagenowe,
2219 957 2431 1021 anno,
2461 956 2700 1009 mense
2726 942 2796 1007 et
2830 933 3204 1007 indictione
3231 936 3644 1032 prescriptis,

1754 1257 3388 1269 -—-———-—-—-—·—————·—-——————-————-———·-
3429 1260 3577 1269 -..u-

837 1549 1167 1656 3335&
1336 1528 1763 1610 Fridericus
1780 1588 1806 1635 ,
1846 1527 2368 1610 Romanorum
2402 1523 2843 1632 imperator,
2884 1523 2984 1605 ad
3034 1523 3657 1631 supplicationem
3707 1550 4046 1633 praepo-

1232 1661 1353 1744 siti
1408 1671 1484 1742 et
1544 1658 1853 1769 capituli
1907 1657 2162 1742 Sancti
2215 1655 2533 1740 Servatii
2585 1657 2666 1737 in
2723 1655 3101 1764 TraJectO,
3152 1654 3601 1739 sententiam
3655 1658 4046 1764 quondam

1227 1819 1487 1875 coram
1540 1792 1702 1873 filio
1753 1816 1893 1874 suo
1944 1791 2181 1872 latam
2215 1789 2618 1873 confirmat
2646 1816 2804 1898 qua
2835 1789 2983 1872 fuit
3016 1788 3426 1872 diffinitum
3459 1788 3809 1872 eamdem
3843 1816 4042 1898 cap-

1225 1926 1507 2034 pellam
1544 1926 1640 2005 ad
1687 1923 2295 2033 jurisdictionem
2328 1921 2626 2029 imperii
2687 1922 3062 2030 pertinere
3120 1948 3367 2031 neque
3420 1922 3773 2030 episcopo
3831 1922 4041 2006 Leo-

1221 2058 1464 2141 diensi
1500 2058 1580 2138 in
1617 2057 1874 2164 aliquo
1910 2058 2173 2137 teneri.

1376 2271 1614 2352 (Edidit
1654 2272 1971 2341 Mmuns,
2005 2267 2175 2348 Oper.
2223 2265 2491 2347 diplom„
2539 2275 2688 2330 tom.
2728 2267 2836 2344 IV,
2881 2286 2943 2345 p.
2989 2276 3148 2343 2553
3193 2268 3327 2328 coll.
3382 2284 3518 2328 cum
3559 2267 3814 2329 chartul.
3863 2268 4032 2330 MSS.

1454 2379 1517 2439 S.
1549 2378 1775 2439 Servat.
1807 2381 1871 2435 in
1914 2374 2070 2435 Bibl.
2111 2391 2237 2452 reg.
2266 2375 2484 2452 Paris„
2513 2380 2659 2434 tom.
2690 2374 2719 2434 1
2739 2416 2756 2447 ,
2798 2392 2859 2451 p.
2895 2382 2969 2434 30
2993 2379 3052 2433 et
3077 2392 3139 2451 p.
3178 2382 3250 2433 53
3288 2390 3484 2451 verso,
3514 2376 3575 2432 in
3602 2373 3873 2434 confirm.
3903 2375 4032 2434 Ru·

1454 2482 1597 2544 dolss
1639 2484 1795 2559 regis
1807 2501 1825 2555 3
1857 2487 1905 2542 t.
1937 2481 2027 2553 11,
2069 2497 2131 2556 p.
2173 2488 2287 2540 150
2334 2496 2538 2552 νει-ειη
2569 2485 2613 2539 t.
2648 2481 2769 2550 111,
2815 2496 2877 2555 p.
2909 2488 2982 2538 47
3016 2485 3189 2539 recto.
3222 2477 3447 2539 Mentio
3472 2479 3542 2538 fit
3567 2480 3776 2557 sigilli,
3802 2486 3945 2540 tunc
3968 2481 4030 2539 in

1450 2588 1781 2666 fragmenta
1807 2585 2090 2646 confracti
2105 2627 2124 2661 ‚
2151 2585 2356 2645 caudis
2383 2588 2784 2662 pergamensis
2805 2586 3090 2661 appensi.)

1303 2775 1718 2863 Fridericus,
1769 2773 1893 2845 Dei
1939 2772 2158 2865 gratia
2188 2772 2651 2844 Romanorum
2689 2772 3058 2867 imperator
3096 2791 3367 2865 semper
3408 2781 3781 2864 augustus,
3820 2772 4025 2843 Jeru-

1204 2901 1420 2971 salem
1449 2909 1519 2971 et
1551 2897 1780 2970 Sicilie
1810 2918 1972 2987 reX,
2018 2896 2361 2967 universis
2393 2916 2518 2990 per
2554 2895 2926 2991 imperium
2958 2894 3347 2967 constitutis
3381 2904 3732 2989 presentes
3772 2895 4026 2967 litteras

1205 3022 1613 3116 inspecturis
1661 3020 1984 3092 fidelibus
2035 3019 2183 3091 suis
2231 3020 2522 3111 gratiam
2574 3039 2773 3090 suam
2820 3029 2890 3090 et
2939 3040 3145 3091 omne
3188 3018 3476 3091 bonum.
3536 3020 4028 3112 Exposuerunt

1204 3142 1541 3233 majestati
1579 3150 1809 3214 nostre
1855 3143 2239 3236 prepositus
2277 3151 2346 3212 et
2387 3141 2764 3234 capitulum
2798 3143 3108 3237 cappelle
3153 3152 3380 3215 nostre
3413 3143 3594 3214 beati
3622 3143 3916 3214 Servatii
3952 3142 4022 3213 in

1202 3267 1537 3356 TraJecto,
1569 3264 1811 3337 fideles
1838 3266 2079 3353 nostri,
2112 3265 2304 3358 quod
2324 3287 2484 3338 cum
2504 3265 2794 3338 dilectus
2825 3266 3144 3361 princeps
3164 3276 3391 3338 noster
3416 3266 3833 3339 venerabilis
3864 3267 4023 3361 epi-

1201 3412 1450 3485 scopus
1511 3390 1906 3463 Leodiensis
1953 3391 2174 3484 ipsam
2238 3391 2616 3486 cappellam
2678 3401 2914 3464 contra
2951 3394 3071 3483 jus
3130 3400 3436 3463 nostrum
3495 3400 3567 3463 et
3622 3392 3892 3486 imperii
3940 3413 4021 3463 ac

1203 3513 1421 3607 ipsius
1451 3514 1740 3585 ecclesie
1770 3513 2149 3586 libertatem
2184 3513 2539 3607 quondam
2581 3514 2712 3585 sibi
2746 3514 3088 3605 subjicere
3127 3515 3457 3587 niteretur
3487 3525 3556 3586 et
3587 3527 3862 3608 propter
3888 3515 4021 3587 hoc

1201 3657 1429 3709 coram
1510 3658 1670 3729 rege
1728 3634 1869 3709 filio
1927 3645 2159 3710 nostro
2201 3647 2272 3707 et
2334 3637 2797 3710 assidentibus
2851 3639 2914 3709 ei
2980 3638 3407 3732 principibus
3465 3638 3711 3709 citatus
3773 3639 4013 3725 fuerit,

1198 3760 1479 3832 tandem
1522 3770 1598 3831 ut
1639 3761 1939 3833 constitit
1980 3761 2110 3831 fuit
2153 3761 2553 3832 solemniter
2595 3761 2967 3833 diffinitum
3013 3782 3136 3854 per
3173 3761 3578 3833 sententiam
3629 3760 4017 3855 principum

1197 3883 1597 3956 eorumdem
1621 3938 1640 3969 ,
1682 3882 2009 3956 videlicet
2039 3884 2427 3978 Maguntini
2446 3938 2465 3971 ‚
2500 3883 2931 3956 Treverensis
2981 3893 3051 3955 et
3088 3883 3507 3956 Coloniensis
3555 3883 4014 3978 archiepisco-

1197 4028 1477 4100 porum,
1515 4007 2163 4101 Babembergensis,
2218 4006 2575 4095 MetensiS,
2628 4006 2971 4100 Spirensis
3022 4018 3093 4078 et
3150 4008 3488 4079 Tullensis
3537 4007 4008 4101 episcoporum

1192 4141 1260 4201 et
1321 4131 1612 4201 aliorum
1685 4132 2199 4225 quamplurium
2267 4132 2670 4203 clericorum
2730 4140 2801 4202 et
2866 4132 3191 4203 laicorum
3246 4131 3681 4224 principum,
3742 4153 4009 4203 necnon

1194 4252 1490 4337 ducum,
1525 4254 1849 4324 comitum
1896 4265 1966 4325 et
2004 4255 2342 4325 nobilium
2392 4255 2887 4347 plurimorum,
2931 4253 3183 4326 dictam
3234 4254 3616 4348 cappellam
3660 4254 3753 4328 ad
3796 4255 4009 4345 juris-

1196 4375 1565 4448 dictionem
1600 4385 1898 4448 nostram
1931 4388 2001 4448 et
2042 4378 2310 4470 imperii
2360 4378 2705 4472 pertinere
2747 4388 2815 4450 et
2863 4378 3088 4451 eidem
3131 4380 3459 4474 episcopo
3490 4380 3562 4450 in
3599 4381 3831 4472 aliquo
3869 4402 4006 4452 non

1197 4499 1435 4571 teneri.
1478 4500 1757 4594 Propter
1807 4499 1998 4591 quod
2049 4500 2396 4571 humiliter
2456 4502 2923 4594 supplicarunt
2969 4512 3048 4573 ut
3094 4504 3500 4575 sententiam
3555 4503 3776 4596 ipsam
3832 4524 4007 4574 oon-

1194 4621 1469 4693 firmare
1497 4621 1584 4692 de
1617 4630 1845 4693 nostra
1874 4623 2088 4715 gratia
2116 4624 2593 4714 dignaremur.
2630 4625 2768 4698 Nos
2797 4625 3012 4718 igitur
3047 4625 3254 4717 J'nstis
3285 4646 3524 4699 eorum
3562 4625 4006 4720 petitionibus
