4500 5956
1008 584 1129 646 904
2004 580 2433 641 rmnmuct
2490 579 2834 640 ssscumm
3444 586 3604 663 [Arm.
3646 585 3818 648 1236.

1172 742 1381 823 (Edld.
1423 738 1942 821 Summarum.
1971 739 2250 822 Boloqn„
2278 749 2320 802 t.
2355 741 2475 813 111,
2513 756 2650 817 pars
2687 740 2778 814 11,
2803 757 2868 816 p.
2903 748 3048 816 tce,
3076 757 3151 802 ex
3179 750 3386 822 regest.
3420 744 3666 823 Gregor.
3712 745 3822 817 lx,

1244 866 1385 909 ann.
1418 850 1499 922 X,
1526 858 1593 908 n⁰
1626 846 1790 926 194.)

1105 1037 1355 1106 Datum
1406 1035 1648 1122 Reate,
1696 1032 1851 1103 XIV
1902 1029 2235 1103 kalendas
2279 1030 2721 1125 septembris,
2764 1053 2948 1103 anno
2989 1032 3283 1105 decimo.

1103 1158 1444 1251 Scriptum
1491 1165 1594 1226 est
1645 1156 1786 1228 fere
1837 1154 1909 1226 in
1962 1153 2288 1227 eumdem
2333 1153 2615 1225 modum
2666 1154 3176 1249 archiepiscopo
3223 1156 3713 1230 Mediolanensi
3756 1169 3825 1231 et

1007 1279 1461 1373 suffraganeis
1505 1282 1692 1370 ejus,
1729 1277 1854 1349 ubi
1895 1298 2073 1372 papa
2106 1305 2123 1348 ε
2157 1301 2192 1345 «
2219 1299 2377 1348 cum
2412 1275 2710 1349 audierit
2737 1276 3159 1350 Fridericum
3193 1300 3475 1374 pergere
3511 1281 3584 1351 in
3617 1282 3824 1353 Lom-

1008 1403 1351 1491 bardiam,
1394 1402 1601 1473 mittit
1632 1399 2031 1495 episcopum
2065 1401 2538 1472 Penestrinum
2570 1400 2901 1493 legatum.
2943 1401 3112 1473 Cum
3150 1403 3265 1474 alii
3305 1423 3530 1475 serere
3567 1404 3822 1476 bellum

1007 1528 1313 1598 nitantur
1347 1523 1487 1619 (l),
1540 1544 1778 1618 pacem
1822 1522 2157 1613 suadeant
2199 1544 2291 1595 ne
2348 1524 2785 1617 perturbetur
2830 1525 3080 1596 Terrae
3128 1526 3414 1598 Sanctae
3459 1548 3823 1599 succursus

1008 1658 1079 1721 et
1132 1650 1500 1720 haereseos
1555 1646 1841 1719 excisio.
1898 1648 2227 1738 Legatum
2286 1654 2597 1717 coactum
2662 1644 3015 1719 discordes
3074 1649 3437 1720 conciliare
3482 1648 3624 1744 (2),
3684 1658 3822 1721 tra-

1011 1770 1154 1842 dita
1217 1771 1312 1840 illi
1360 1771 1577 1841 forma
1628 1790 1812 1862 quae
1858 1768 2265 1862 gravamina
2315 1769 2501 1841 illata
2554 1768 2857 1840 ecclesiis
2904 1778 2973 1840 et
3019 1791 3232 1863 regno
3281 1771 3653 1845 emendare
3700 1770 3822 1845 de·

1007 1893 1192 1965 beat.
1229 1910 1265 1961 n
1296 1893 1515 1963 Indeoe
1548 1893 1803 1986 epistol.
1846 1889 2122 1984 Greqor.
2158 1893 2283 1980 IX,
2327 1914 2502 1962 anno
2528 1895 2614 1979 X,
2653 1893 2728 1961 in
2765 1892 3009 1964 collect.
3051 1895 3337 1986 Laporte
3380 1894 3473 1965 clu
3517 1897 3717 1966 Theil.

1081 2255 1155 2326 (l)
1190 2252 1355 2310 Paulo
1378 2258 1522 2321 ante,
1545 2250 1750 2308 scilicet
1772 2265 1871 2324 per
1891 2249 2097 2306 litteras
2113 2248 2269 2306 datas
2295 2249 2481 2321 Reate,
2498 2250 2623 2309 xvl
2649 2250 2756 2307 kal.
2783 2250 3043 2324 septemb.
3068 2253 3157 2321 (⁴7
3184 2252 3430 2324 augusti),
3446 2252 3548 2325 ipsi
3573 2253 3823 2326 episcopo

1005 2351 1320 2410 Penestrino
1344 2349 1694 2405 mandaverat
1719 2363 1859 2422 papa
1886 2355 1946 2403 ut
1973 2348 2167 2405 Sedem
2200 2346 2560 2420 Apostolicam
2585 2363 2617 2403 a
2644 2348 3007 2405 detractorum
3041 2348 3234 2420 linguis
3267 2349 3321 2404 in
3348 2348 3487 2406 facto
3513 2351 3660 2422 pacis
3689 2350 3824 2406 inter

1003 2447 1289 2522 imperium
1316 2452 1372 2503 et
1393 2445 1720 2503 Lombardos
1750 2444 2080 2502 defenderet.
2112 2445 2305 2518 Incipit
2338 2444 2604 2512 Qualiter.

1072 2544 1144 2617 (2)
1183 2543 1334 2612 Quod
1358 2543 1564 2615 legatus
1586 2547 1713 2598 tunc
1736 2542 1992 2614 temporis
2013 2541 2153 2615 apud
2171 2542 2494 2598 Placentiam
2518 2541 2691 2613 egerit
2711 2557 2810 2614 pro
2829 2541 3088 2599 discordia
3106 2542 3360 2607 sedanda.
3373 2542 3531 2601 valde
3543 2544 3822 2602 molestum

1004 2641 1195 2697 habuit
1221 2640 1525 2713 imperator.
1556 2639 1662 2695 Res
1689 2639 1832 2695 enim
1860 2654 2015 2711 spem
2048 2639 2164 2710 ejus
2190 2638 2408 2694 omnino
2433 2638 2647 2695 delusit.
2679 2639 2790 2695 Hoc
2815 2655 2960 2696 anno
2985 2654 3171 2696 mense
3198 2640 3408 2710 martio,
3436 2646 3496 2696 ut
3520 2657 3621 2698 nos
3646 2648 3825 2698 monet

1004 2737 1287 2795 chronicon
1320 2736 1576 2792 ineditum
1608 2735 1664 2790 in
1694 2735 1814 2792 cod.
1845 2734 2127 2791 I-larleiano
2160 2738 2333 2805 3678,
2367 2735 2489 2791 folio
2532 2738 2598 2791 49
2643 2742 2990 2804 recto-verso,
3028 2756 3055 2788 α
3086 2737 3339 2807 magister
3374 2737 3820 2808 Alamannorum,

1004 2849 1185 2893 eomes
1212 2833 1526 2892 Gaboardus
1543 2874 1557 2901 ,
1594 2832 1844 2905 magister
1867 2833 2059 2889 Petrus
2091 2832 2159 2888 de
2185 2832 2400 2902 vineis,
2427 2831 2640 2888 Tadeus
2663 2832 2734 2888 de
2765 2834 2962 2902 Suesa,
2979 2833 3190 2905 judices
3211 2848 3439 2905 magnae
3467 2835 3677 2902 curiae,
3702 2850 3824 2891 cum

1008 2931 1201 2990 comite
1229 2932 1444 2991 Simone
1480 2931 1548 2987 de
1581 2931 1751 3005 Reyto
1780 2930 2016 3004 (Tbeate)
2045 2935 2310 3005 potestate
2338 2930 2655 3000 Cremonae,
2685 2936 2741 2987 et
2768 2930 3121 3004 potestatibus
3155 2937 3212 2987 et
3235 2931 3672 2990 ambaxatoribus
3694 2931 3827 2990 Cre-

1006 3043 1221 3096 monae,
1246 3028 1442 3101 Papiae
1468 3035 1523 3084 et
1540 3029 1832 3098 Terdonae,
1864 3029 2029 3096 Astis,
2057 3027 2319 3098 Veronae,
2339 3028 2589 3097 Parmae,
2614 3028 2759 3098 Regii
2789 3034 2846 3084 et
2869 3028 3121 3098 Mutinae,
3148 3028 3517 3099 praesentibus
3543 3027 3822 3086 Guillelmo

1007 3125 1076 3180 de
1104 3125 1295 3181 Audito
1322 3132 1378 3180 et
1410 3124 1557 3192 filiis,
1584 3125 1883 3181 rectoribus
1906 3124 2087 3198 populi
2116 3123 2449 3194 Placentiae,
2479 3123 2866 3197 parlamentum
2898 3125 2952 3180 in
2986 3125 3184 3196 palatio
3212 3124 3510 3181 Placentiae
3538 3125 3730 3183 fecere.
3761 3126 3821 3182 In

1010 3234 1116 3291 quo
1143 3219 1396 3289 magister
1420 3219 1611 3275 Petrus
1636 3219 1705 3276 de
1734 3219 1938 3278 vineis.
1979 3259 1995 3275 .
2016 3260 2062 3276 ..
2096 3219 2340 3275 hortatus
2364 3225 2449 3276 est
2476 3219 2620 3292 ipsos
2645 3220 2829 3277 dicens
2852 3225 2916 3276 ut
2938 3235 3064 3276 cum
3091 3221 3234 3277 omni
3259 3236 3446 3278 eorum
3472 3222 3695 3278 exfortio
3720 3237 3824 3279 es-

1008 3323 1131 3372 sent
1153 3315 1324 3387 parati
1354 3313 1551 3370 festum
1583 3315 1792 3370 Domini
1817 3321 2159 3387 peroptatum
2190 3315 2482 3371 celebrare.
2514 3315 2717 3373 Eodem
2748 3321 2988 3388 tempore
3017 3318 3186 3388 major
3213 3332 3340 3389 pars
3366 3317 3583 3374 militiae
3608 3318 3820 3376 Placen·

1008 3412 1117 3468 tiae
1143 3417 1289 3466 extra
1316 3411 1583 3467 civitatem
1610 3411 1813 3467 exierat
1838 3417 1892 3467 et
1919 3411 2174 3484 populum
2200 3417 2258 3468 et
2282 3412 2547 3467 civitatem
2582 3413 2922 3484 gueriabant,
2953 3412 3141 3469 stando
3182 3413 3235 3468 in
3261 3414 3453 3471 castris
3487 3414 3824 3487 episcopatus

1010 3506 1329 3565 Placentiae.
1353 3523 1380 3557 ι
1403 3506 1578 3574 Quum
1608 3512 1788 3562 autem
1817 3506 2106 3580 imperator
2132 3507 2335 3563 curiam
2362 3522 2517 3563 suam
2546 3507 2688 3580 apud
2709 3507 3032 3565 Placentiam
3057 3507 3365 3579 indixisset,
3391 3510 3530 3565 sicut
3553 3526 3716 3583 supra
3741 3511 3824 3566 vi-

1012 3608 1193 3663 dimus
1230 3624 1285 3681 p.
1320 3609 1445 3674 85⁴,
1476 3606 1531 3662 in
1568 3606 1799 3662 adventu
1828 3607 1964 3678 ejus,
2009 3623 2194 3663 mense
2228 3608 2433 3664 scilicet
2457 3615 2714 3681 augustO,
2744 3628 2771 3661 α
2798 3607 3062 3679 capitanei
3090 3605 3425 3681 [Placentiae]
3453 3609 3520 3665 de
3556 3609 3825 3667 voluntate

1012 3705 1325 3762 societatum
1350 3702 1531 3776 populi
1558 3702 1612 3758 in
1639 3703 1786 3759 curia
1812 3702 2011 3759 domini
2039 3705 2273 3778 episcopi
2307 3705 2790 3777 compromiserunt
2814 3720 2874 3760 se
2907 3705 2962 3760 in
2990 3704 3265 3760 dominum
3287 3704 3541 3761 Jacobum
3570 3705 3639 3763 de
3660 3707 3823 3765 Peco-

1010 3801 1153 3858 raria
1177 3799 1498 3856 cardinalem
1526 3800 1594 3858 de
1620 3799 1884 3857 discordia
1920 3817 2059 3873 quae
2085 3816 2207 3856 cum
2235 3800 2494 3857 militibus
2518 3800 2714 3857 deforis
2739 3799 3064 3869 habebatur;
3097 3800 3189 3873 qui
3217 3801 3409 3857 milites
3435 3802 3549 3873 jam
3583 3817 3645 3857 se
3678 3817 3823 3859 com·

1013 3897 1372 3970 promiserant
1395 3895 1450 3951 in
1481 3911 1623 3952 eum.
1658 3895 1726 3951 Bt
1746 3896 1885 3952 facta
1913 3897 2050 3952 inter
2082 3911 2175 3953 eos
2202 3911 2364 3969 pace,
2395 3895 2540 3952 dedit
2576 3896 2655 3953 eis
2680 3895 3033 3952 communiter
3069 3911 3168 3967 pro
3206 3902 3469 3966 potestate
3498 3896 3823 3970 Raynerium

1009 3995 1213 4050 Zenum
1240 3993 1307 4051 de
1323 3993 1557 4052 venetiis
1579 3994 1671 4066 qui
1699 3994 1845 4050 venit
1869 3995 1936 4050 ad
1963 3994 2199 4066 regimen
2223 3994 2292 4051 de
2322 4009 2507 4050 mense
2533 3992 2872 4066 septembris.
2891 3991 2958 4048 Bt
2978 3991 3173 4049 exinde
3197 3993 3491 4050 Placentini
3512 3993 3824 4066 imperatori

1013 4090 1227 4146 fuerunt
1247 4090 1491 4147 rebelles.
1516 4110 1541 4142 n
1563 4092 1689 4147 Jon.
1719 4107 1793 4147 ns
1816 4093 2045 4159 Mussts,
2082 4091 2335 4148 Chr-onie.
2371 4089 2634 4160 Placent„
2657 4106 2750 4162 ap.
2774 4091 3086 4160 Mum-rom,
3110 4089 3337 4164 Script„
3358 4096 3396 4146 t.
3427 4091 3580 4161 XVI,
3606 4107 3661 4164 p.
3695 4094 3818 4147 462.

1012 4184 1142 4239 Inde
1166 4186 1316 4241 curia
1342 4185 1594 4258 impedita
1610 4187 1882 4257 remansit,
1905 4193 1959 4242 et
1975 4186 2283 4259 imperatori
2312 4187 2533 4244 vetitum
2562 4203 2630 4242 ne
2659 4187 2917 4243 Cremona
2940 4186 3160 4258 Papiam
3181 4186 3446 4242 transiret.
3467 4186 3817 4258 CLCArrAn,

1012 4281 1214 4337 Annal.
1239 4283 1518 4352 Ianuens„
1549 4298 1640 4355 ap.
1664 4283 1954 4341 Moturum
1971 4325 1985 4352 ,
2012 4283 2238 4355 Scapt„
2268 4287 2308 4338 t.
2339 4283 2429 4353 VI,
2455 4299 2511 4354 p.
2546 4283 2669 4338 ⁴7⁴.
2695 4283 2808 4339 Nec
2830 4281 3353 4355 praetermittendum
3386 4283 3513 4355 quid
3539 4298 3701 4356 super
3722 4283 3824 4340 boc

1015 4382 1198 4434 narret
1221 4384 1411 4434 auctor
1436 4381 1538 4433 vit.
1571 4380 1788 4450 (ἕτερον.
1822 4381 1915 4436 IX
1936 4398 1950 4434 :
1982 4400 2007 4432 α
2037 4379 2207 4448 Quem
2239 4378 2630 4454 [cardinalem]‚
2659 4396 2782 4435 cum
2810 4379 2971 4437 nollet
2994 4397 3024 4437 a
3053 4381 3139 4437 via
3176 4388 3320 4436 recta
3352 4380 3642 4451 declinare,
3672 4396 3821 4437 occa·

1016 4474 1165 4530 sione
1192 4480 1446 4546 concepta
1475 4476 1617 4545 quod
1638 4476 1775 4531 inter
1800 4475 2133 4533 Placentinos
2155 4477 2300 4533 cives
2325 4493 2513 4549 pacem
2539 4476 2861 4547 firmaverat,
2887 4478 3026 4532 sicut
3048 4494 3115 4534 ex
3140 4478 3294 4534 officii
3316 4478 3499 4535 debito
3523 4478 3821 4547 tenebatur,

1018 4570 1165 4642 gravi
1192 4572 1494 4642 suspicione
1518 4577 1790 4642 notatum,
1820 4573 2007 4629 audire
2044 4574 2368 4646 contempsit
2390 4574 2716 4647 [imperator]
2735 4617 2749 4644 ,
2781 4575 3026 4631 eumdem
3057 4574 3390 4632 contumeliis
3413 4581 3575 4647 atque
3602 4573 3825 4631 commi-

1011 4666 1316 4724 nationibus
1340 4674 1674 4739 prosecutus.
1700 4688 1726 4720 ι
