4500 5956
749 640 941 700 lame-r,
968 635 1071 716 9.]
1651 628 2045 690 HISTORIA
2095 625 2677 688 DIPLOMATICA.
3441 629 3559 691 837

751 770 1201 844 communitas
1227 768 1327 840 eis
1349 776 1420 840 et
1450 787 1688 840 eorum
1724 764 2103 838 heredibus
2126 773 2196 835 et
2229 762 2381 858 (sic)
2407 763 2479 833 in
2513 768 2921 856 perpetuum
2942 760 3449 834 confirmamus
3474 766 3559 836 Et

751 897 805 969 si
831 895 988 988 quis
1016 893 1149 964 hoc
1184 900 1491 963 nostrum
1522 889 1961 983 privilegium
1992 887 2255 959 violare
2295 895 2365 958 et
2399 883 2636 957 fideles
2677 893 2941 956 nostros
2977 883 3066 956 de
3097 885 3554 979 Supramonte

751 1026 1150 1112 attemptare
1172 1013 1688 1109 presumpserit,
1709 1011 2141 1108 imperatorie
2163 1009 2535 1101 majestatis
2547 1016 2617 1079 et
2641 1008 2853 1079 nostri
2878 1008 3200 1079 culminis
3222 1029 3299 1080 se
3325 1021 3561 1082 noscat

753 1140 1291 1235 indignationem
1335 1137 1670 1208 incurisse
1713 1145 1780 1208 et
1824 1135 2102 1228 triginta
2142 1134 2348 1204 libras
2389 1131 2540 1205 auri
2594 1133 3015 1221 soluturum,
3076 1153 3371 1224 quarum
3413 1155 3556 1205 me-

752 1268 971 1340 dietas
1002 1283 1279 1336 camere
1311 1272 1573 1351 nostre,
1615 1261 1947 1333 medietas
1977 1259 2390 1331 offensorum
2422 1255 2621 1328 cedat
2654 1257 3077 1350 profuturam
3107 1253 3270 1351 (sic).

840 1389 1061 1479 HuJus
1077 1388 1175 1459 rei
1203 1395 1409 1459 testes
1433 1391 1595 1456 s'unt
1627 1411 1644 1455 ε
1678 1386 1759 1456 R.
1789 1382 2200 1456 venerabilis
2221 1380 2644 1453 Pataviensis
2670 1380 3058 1474 episcopus,
3087 1381 3169 1451 N.
3193 1382 3552 1455 Seoowen·

752 1514 844 1584 sis
858 1513 1257 1607 episcopuS,
1318 1563 1338 1583 .
1401 1562 1421 1578 .
1483 1561 1501 1579 .
1553 1505 2084 1580 constantiensis
2105 1505 2494 1599 episcopuS,
2564 1556 2582 1574 .
2645 1555 2662 1573 .
2726 1555 2743 1571 .
2788 1503 3128 1596 Spirensis
3151 1504 3539 1600 episeopuS,

832 1690 849 1706 .
910 1688 926 1704 .
962 1632 1269 1705 marchio
1306 1630 1395 1704 de
1429 1630 1703 1715 Baden,
1759 1627 1834 1700 C.
1872 1638 1941 1701 et
1975 1625 2060 1700 G.
2091 1626 2376 1699 comites
2409 1626 2498 1697 de
2534 1625 2923 1715 Hoheuloh,
2989 1680 3004 1695 .
3069 1680 3086 1696 .
3147 1681 3163 1696 .
3208 1626 3548 1720 burcgra-

755 1759 906 1830 vius
938 1757 1027 1829 de
1055 1753 1521 1843 Nurinberch,
1563 1756 1649 1825 H.
1682 1774 1912 1826 comes
1942 1750 2032 1824 de
2063 1750 2352 1839 Werde,
2390 1760 2459 1821 et
2491 1749 2608 1821 alii
2636 1750 3104 1844 quamplures.

839 1884 1085 1956 Datum
1116 1879 1307 1975 apud
1344 1881 1678 1973 Spiream‚
1720 1899 1902 1949 anno
1937 1875 2280 1949 dominice
2304 1874 2790 1945 incarnationis
2821 1874 3182 1946 millesimo
3219 1873 3549 1947 ducente·

749 2009 919 2080 simo
948 2003 1292 2076 tricesimo
1318 2013 1557 2092 sexm,
1602 2021 1838 2074 mense
1872 2000 2142 2094 aprilis,
2182 2020 2365 2070 none
2395 1997 2817 2070 indictionis.

1169 2329 1705 2341 ...Μ-ι..
1718 2328 2398 2337 —noffl

842 2629 896 2711 F
899 2628 1295 2732 ridericUS,
1327 2627 1849 2711 Romanorum
1882 2627 2324 2734 imperator,
2365 2652 2544 2708 cum
2572 2626 3012 2709 Alrammus
3038 2629 3134 2710 de
3161 2629 3387 2713 Halse
3412 2657 3553 2739 pro

748 2763 1039 2844 damnis
1092 2759 1642 2868 multiplicibus
1696 2758 2051 2841 ecclesiae
2096 2759 2415 2841 Sanctae
2458 2759 2737 2843 Mariae
2772 2760 3179 2867 superioris
3223 2788 3551 2845 monas-

747 2894 901 2975 terii
937 2894 1017 2974 in
1055 2892 1467 3002 Ratispona
1506 2892 1774 2998 illatis,
1835 2892 2353 3000 satisfecisset,
2413 2901 2488 2973 et
2532 2917 2667 3001 per
2718 2894 3074 2974 nuntium
3126 2893 3554 2978 abbatissae

746 3028 989 3110 curiae
1042 3027 1417 3136 imperiali
1466 3027 1836 3109 rationem
1883 3025 2416 3108 satisfactionis
2463 3037 3053 3136 praesentasset,
3113 3030 3365 3138 ipsum
3417 3032 3556 3112 in—

747 3169 1247 3242 strumentum
1285 3158 1699 3264 Alrammi,
1744 3160 1844 3240 12
1880 3158 2132 3239 martii
2167 3159 2433 3240 datum
2452 3221 2476 3266 ,
2517 3159 2614 3242 de
2647 3159 2879 3243 verbo
2916 3161 3014 3242 ad
3048 3162 3366 3246 verbum
3412 3166 3544 3246 in-

748 3291 915 3374 serit
949 3301 1023 3373 et
1062 3291 1487 3373 confirmat.

898 3531 1094 3609 (Edit.
1131 3549 1223 3608 ap.
1259 3531 1522 3592 Menum.
1554 3531 1737 3603 Boic„
1773 3537 1820 3592 t.
1858 3529 2053 3606 XXX,
2097 3546 2160 3607 p.
2190 3539 2494 3607 244-245,
2526 3548 2697 3594 num.
2725 3532 3153 3608 DCCXXXIX‚
3181 3552 3258 3596 ex
3284 3537 3551 3617 originali

971 3638 1129 3698 unde
1154 3638 1412 3715 sigillum
1438 3639 1698 3699 maxime
1720 3637 1945 3698 laesum
1971 3637 2268 3715 appendet
2291 3654 2370 3699 ex
2390 3637 2505 3698 filis
2528 3641 2730 3700 sericis
2753 3638 2898 3700 flavi
2920 3647 2980 3700 et
3005 3640 3169 3700 rubri
3196 3643 3449 3721 coloris.)

831 3849 1260 3942 Fridericus‚
1309 3852 1433 3924 Dei
1484 3851 1707 3945 gratia
1758 3851 2219 3924 Romanorum
2277 3850 2644 3945 imperator
2701 3873 2971 3947 semper
3021 3861 3386 3945 augustus,
3423 3858 3548 3927 Je-

743 3975 1028 4047 rusalem
1078 3985 1146 4047 et
1193 3976 1422 4048 Sicilie
1475 3998 1627 4049 rex.
1676 3976 1807 4048 Per
1849 3996 2130 4069 presens
2173 3975 2507 4070 scriptum
2569 3984 2807 4049 notum
2853 3975 3142 4049 facimus
3199 3977 3544 4049 universis

744 4096 1003 4194 imperii
1040 4098 1362 4173 fidelibus
1397 4111 1533 4173 tam
1567 4099 2002 4195 presentibus
2033 4121 2245 4193 quam
2296 4098 2544 4170 futuris
2589 4097 2779 4193 quod
2826 4121 2982 4171 cum
3031 4098 3424 4173 Alrammus
3460 4101 3550 4175 de

743 4221 982 4295 Halsen
1002 4224 1440 4296 satisfecisset
1468 4224 1756 4297 ecclesie
1768 4224 2016 4296 Sancte
2033 4223 2247 4297 Marie
2263 4223 2635 4317 superioris
2650 4224 3040 4296 monasterii
3064 4223 3136 4295 iu
3151 4225 3514 4321 Ratispona
3525 4281 3544 4318 ,

743 4366 858 4436 pro
898 4345 1221 4440 dampnis
1247 4347 1472 4419 eidem
1505 4347 1916 4419 monasterio
1947 4347 2183 4439 illatis,
2221 4355 2451 4420 nostre
2477 4346 2867 4421 celsitudini
2890 4347 3231 4421 humiliter
3271 4351 3543 4444 suppli-

745 4470 917 4541 cavit
948 4470 1276 4565 quatinus
1311 4472 1643 4565 scriptum
1683 4470 1873 4564 quod
1911 4491 2120 4565 super
2145 4470 2390 4545 eadem
2436 4471 2932 4561 satisfactione,
2994 4472 3173 4544 sicut
3207 4495 3327 4568 per
3365 4494 3549 4545 nun·

747 4590 910 4664 tium
941 4594 1357 4666 venerabilis
1394 4595 1746 4666 abbatisse
1793 4594 2185 4667 monasterii
2235 4596 2585 4667 memorati
2616 4596 2804 4670 curie
2842 4606 3071 4669 nostre
3119 4597 3340 4670 fuerat
3392 4619 3545 4692 pre-

742 4726 1118 4808 sentatum,
1161 4718 1352 4794 dicto
1402 4718 1821 4792 monasterio
1865 4719 2151 4812 fecerat,
2189 4728 2260 4792 et
2305 4740 2390 4792 ea
2436 4741 2578 4815 que
2635 4721 3071 4795 continentur
3122 4722 3194 4793 in
3244 4741 3363 4811 eo,
3401 4730 3549 4792 rata

3715 2660 3840 2712 Apud

3738 2716 3802 2754 tra

3675 2715 3845 2765 Spm

3705 2745 3873 2820 aptilt.'
