4500 5956
630 595 829 656 hnrcr.
850 592 951 672 9.]
1528 585 1922 649 HISTORIA
1971 587 2553 656 DIPLOMATICA.
3336 592 3458 654 785

629 739 829 802 vocet
862 728 1091 802 autin
1128 725 1256 817 eis,
1299 720 1492 820 quod
1527 723 1740 813 absit,
1782 723 1993 796 robur
2022 734 2258 800 sancte
2291 728 2843 801 conversacionis
2886 727 3239 822 infringat.
3278 725 3450 798 Cum

630 852 839 946 igitur
877 851 1172 925 ecclesia
1213 850 1289 921 in
1331 847 1698 939 Kizingen,
1737 846 1919 919 sicut
1949 848 2453 943 intelleximus,
2485 851 2780 946 agitetur
2830 849 3170 945 pressuris
3218 849 3455 921 multi·

629 973 925 1068 plicibus
971 983 1041 1048 et
1094 972 1388 1048 diversis
1433 954 1957 1066 gravaminibus
2010 970 2321 1047 indebite
2373 976 2823 1071 opprimatur,
2877 974 3186 1047 volentes
3235 974 3305 1046 ei
3357 994 3452 1046 ex

631 1106 957 1170 consueta
1013 1104 1248 1169 nostre
1309 1092 1743 1167 celsitudinis
1800 1092 2179 1167 clemencia
2234 1096 2632 1190 providere,
2691 1095 3049 1169 ecclesiam
3098 1096 3320 1191 ipsam
3367 1117 3453 1167 ac

634 1217 951 1294 dilectam
1008 1219 1209 1292 nobis
1263 1218 1336 1289 in
1380 1216 1646 1288 Christo
1694 1216 2112 1290 abbatissam
2162 1239 2247 1292 ac
2307 1228 2563 1293 ceteras
2609 1218 2919 1311 ejusdem
2967 1219 3254 1292 ecclesie
3295 1239 3453 1314 per-

630 1363 830 1416 sonas
865 1365 1028 1415 cum
1061 1341 1387 1415 omnibus
1439 1339 1989 1436 possessionibus
2036 1362 2121 1414 ac
2163 1342 2366 1415 bonis
2412 1365 2550 1439 que
2607 1345 2681 1416 in
2740 1343 3235 1438 presentiarum
3265 1342 3454 1434 juste

632 1475 864 1540 tenent
915 1474 987 1540 et
1040 1465 1398 1561 possident
1451 1474 1573 1539 aut
1626 1465 1699 1536 in
1761 1464 2070 1537 futurum
2117 1466 2306 1558 justo
2349 1466 2822 1562 acquisitionis
2876 1466 3074 1538 titulo
3132 1473 3453 1560 poterunt

632 1588 951 1685 adipisci,
989 1589 1124 1662 sub
1160 1599 1388 1663 nostra
1425 1599 1496 1662 et
1527 1589 1799 1685 imperii
1842 1588 2120 1684 speciali
2148 1589 2535 1685 recepimus
2564 1589 3007 1686 protectione.
3041 1588 3453 1663 Mandantes

634 1722 702 1785 et
757 1713 1045 1787 firmiter
1101 1711 1556 1809 precipientes
1610 1722 1956 1807 quatenus
2015 1715 2249 1787 nullus
2303 1714 2392 1787 sit
2431 1713 2555 1809 qui
2610 1713 2865 1788 dictam
2920 1714 3279 1787 ecclesiam
3332 1722 3454 1788 aut

634 1858 962 1931 personas
1000 1837 1263 1911 ibidem
1300 1838 1594 1911 Domino
1629 1838 2038 1911 famulantes
2072 1839 2146 1910 in
2183 1838 2732 1935 possessionibus
2765 1848 2836 1912 et
2872 1838 3075 1911 bonis
3118 1838 3264 1910 suis
3295 1858 3456 1934 pre-

635 1969 859 2032 sumat
910 1969 1168 2034 temere
1219 1960 1604 2034 molestare.
1667 1959 1871 2045 Quod
1920 1960 2043 2056 qui
2092 1963 2587 2058 presumpserit
2638 1960 3194 2056 indignacionem
3241 1959 3457 2033 nostri

636 2082 953 2156 culminis
1022 2105 1100 2157 se
1163 2084 1427 2156 noverit
1496 2085 1959 2158 incursurum.
2019 2083 2130 2157 Ad
2183 2084 2394 2178 hujus
2439 2087 2674 2181 itaque
2738 2094 2965 2158 nostre
3011 2084 3455 2181 protectionis

638 2207 1070 2300 memoriam,
1114 2229 1396 2304 presens
1429 2208 1757 2303 scriptum
1799 2207 1946 2280 fieri
2004 2217 2073 2279 et
2103 2207 2330 2300 sigillo
2377 2218 2604 2282 nostro
2636 2209 2974 2303 jussimus
3015 2209 3452 2281 communiri.

728 2330 901 2403 Data
953 2330 1296 2425 Auguste,
1351 2353 1534 2403 anno
1582 2329 1927 2404 dominice
1957 2331 2446 2405 incarnationis
2480 2334 2576 2406 M·
2593 2333 2719 2406 Cc⁰
2737 2333 3042 2424 XXXV⁶,
3084 2354 3315 2406 mense
3341 2354 3459 2406 oc·

637 2452 876 2545 tobriS,
923 2475 1109 2527 none
1137 2454 1561 2528 indictionis.

741 3075 800 3159 F
798 3077 1167 3161 ridericus
1187 3140 1211 3186 ,
1266 3079 1789 3166 Romanorum
1876 3085 2316 3195 imperator,
2392 3085 2797 3201 Rudolpho
2820 3153 2844 3199 ,
2902 3091 3160 3176 abbati
3240 3095 3460 3181 Fau-

646 3209 893 3317 censi,
948 3211 1435 3322 privilegium
1508 3240 1711 3300 anno
1780 3219 1987 3300 1219
2060 3218 2358 3328 (verius
2408 3222 2657 3333 1218)
2713 3250 2942 3334 super
2992 3228 3462 3315 restitutione

640 3342 1069 3447 provinciae
1104 3344 1474 3432 Aschowe
1508 3373 1555 3430 a
1589 3374 1671 3432 se
1704 3349 2124 3459 indultum,
2162 3352 2600 3438 innovando
2635 3356 3063 3442 confirmat.

797 3557 988 3632 (Edit.
1019 3575 1119 3637 ap.
1152 3560 1418 3623 Menum.
1442 3563 1631 3644 Boio„
1661 3570 1806 3626 tom.
1837 3565 2030 3640 XXX,
2059 3584 2121 3644 p.
2154 3577 2459 3645 239—241,
2488 3587 2657 3633 num.
2685 3571 3112 3652 DCCXXXVL
3139 3594 3216 3638 ex
3244 3582 3456 3658 origin.

782 3751 785 3752 γ
868 3666 933 3725 in
971 3665 1211 3727 archivo
1244 3669 1510 3730 cathedr.
1549 3670 1841 3749 August.;
1872 3676 2042 3750 cujus
2076 3675 2338 3754 sigtllum
2375 3678 2547 3753 perlit
2563 3721 2581 3755 ,
2617 3681 3061 3741 remanentibus
3085 3689 3320 3745 tantum
3344 3686 3465 3747 filis

874 3772 1073 3831 sericis
1115 3772 1281 3833 rubri
1327 3775 1558 3837 coloris.
1610 3775 2007 3841 Memoratum
2050 3797 2291 3861 quoqne
2333 3785 2397 3843 ln
2435 3781 2652 3844 Bunu
2662 3827 2682 3858 ,
2731 3783 2926 3848 Gesch.
2977 3784 3083 3846 der
3117 3788 3312 3851 Bisclz.
3348 3809 3462 3852 von

873 3872 1115 3955 Δηρὼ,
1143 3883 1190 3938 t.
1222 3879 1304 3953 11,
1332 3896 1397 3957 p.
1427 3879 1597 3960 245.)

733 4057 815 4129 In
868 4063 1150 4137 nomine
1206 4075 1443 4140 sancte
1485 4078 1556 4141 et
1595 4068 1963 4145 individue
2005 4071 2378 4145 Trinitatis.
2425 4072 2847 4166 Fridericus,
2900 4075 3140 4152 divina
3189 4080 3465 4158 favente

642 4181 994 4258 clementia
1037 4188 1501 4263 Romanorum
1544 4192 1914 4290 imperator
1960 4219 2230 4294 semper
2283 4207 2658 4290 augustus,
2702 4200 3077 4274 Jerusalem
3121 4213 3191 4277 et
3234 4206 3466 4283 Sicilie

642 4324 788 4377 rex.
815 4307 1198 4403 imperialis
1230 4314 1604 4390 eminentia
1645 4328 1812 4392 tunc
1841 4322 2169 4417 precipue
2213 4322 2512 4396 nominis
2542 4322 2651 4395 sui
2684 4323 2915 4399 titulos
2942 4328 3257 4423 ampliat,
3300 4354 3463 4405 cum

643 4425 875 4503 divine
930 4432 1208 4526 pietatis
1262 4437 1558 4534 intuitu,
1610 4462 1735 4535 per
1789 4465 1998 4537 quam
2055 4456 2286 4541 preest
2340 4446 2769 4545 principibus
2823 4451 3009 4523 orbis
3052 4461 3258 4548 terre,
3312 4457 3467 4532 loca

641 4553 1071 4667 venerabilia⁸
1089 4559 1210 4653 pia
1241 4563 1492 4635 mentis
1534 4563 1890 4639 affectione
1925 4575 2183 4660 tuetur,
2225 4580 2294 4644 et
2318 4573 2540 4664 justas
2569 4594 2698 4670 pro
2733 4573 2836 4647 eis
2874 4587 3227 4670 porrectas
3263 4581 3468 4654 savo-

642 4675 939 4749 rabiliter
985 4681 1363 4776 peticiones
1408 4686 1730 4762 admittit.
1775 4689 1877 4765 Ea
1908 4704 2187 4788 propter
2222 4693 2569 4769 universis
2615 4697 2885 4794 imperii
2938 4698 3261 4775 fidelibus
3295 4725 3473 4801 pre-

793 4801 903 4865 1v.
947 4818 1059 4865 Pu·
1083 4823 1127 4866 a.
3077 4831 3155 4885 99

3635 3115 3763 3169 Apud

3578 3176 3794 3222 uzu-am

3604 3200 3819 3268 octobri!
