4500 5956
998 624 1121 688 902
1990 615 2417 676 nmmum
2467 617 2816 680 SECUNDI
3440 622 3596 702 [Anu.
3632 626 3803 691 1236.

1001 758 1561 854 predecessorum
1608 759 1989 823 vestrorum
2029 750 2239 844 gestis
2279 758 2348 822 et
2384 759 2696 824 veterum
2739 764 2999 828 remota
3042 755 3417 828 virtutibus
3449 757 3576 854 (a),
3618 763 3807 856 qnod

1003 882 1309 953 Romano
1349 874 1638 971 imperio
1674 874 1882 946 unica
1916 873 2061 946 sola
2116 872 2360 946 civitas
2420 876 2872 970 contradicat,
2925 878 3181 972 quibus
3229 900 3368 952 non
3422 882 3692 956 suffecit
3736 894 3810 957 ut

1005 1003 1135 1097 ipsi
1179 1002 1385 1073 vicini
1421 999 1977 1086 succumberent,
2021 997 2145 1070 sed
2176 1006 2457 1069 cunctas
2493 998 2828 1073 domuere
2859 1003 3287 1096 provincias,
3329 1015 3621 1078 remotas
3648 1029 3805 1102 pos·

1004 1124 1315 1197 siderunt
1337 1122 1702 1217 Hispanias
1728 1129 1797 1192 et
1827 1122 2185 1193 formosam
2217 1118 2312 1216 (b)
2353 1120 2827 1215 Carthaginem
2865 1123 3291 1197 deleverunt.
3323 1125 3808 1203 Admirationis

999 1269 1277 1342 quoque
1309 1249 1490 1338 juste
1527 1245 1875 1318 materiam
1917 1244 2275 1331 omnibuS,
2324 1244 2447 1316 sed
2493 1244 2693 1317 nobis
2722 1246 3048 1341 precipue
3098 1255 3325 1319 tamen
3373 1250 3573 1321 affert
3619 1250 3806 1346 quod

1009 1392 1163 1442 cum
1198 1368 1399 1443 vobis
1425 1367 1519 1440 ad
1549 1367 1839 1462 grandia
1866 1388 2004 1438 non
2033 1365 2214 1438 desit
2239 1366 2606 1458 industria,
2643 1368 2866 1440 subsit
2892 1369 3237 1455 habilitas,
3266 1393 3393 1444 cur
3414 1373 3615 1445 vobis
3642 1375 3810 1469 ipsis

1011 1492 1353 1587 surripitis
1393 1491 1702 1562 animum
1738 1491 1846 1560 vel
1886 1489 1975 1561 ab
2009 1490 2160 1561 aliis
2204 1490 2541 1562 subtiliter
2584 1491 2837 1586 surripi
2875 1494 3249 1566 sustinetis.
3290 1496 3812 1590 Respondebitis

1008 1617 1289 1688 forsitan
1328 1613 1519 1709 quod
1564 1614 1695 1686 ista
1730 1613 2075 1706 magnalia
2102 1634 2301 1707 reges
2331 1623 2403 1685 et
2437 1634 2704 1687 cesares
2732 1616 3097 1689 faciebant.
3139 1618 3317 1690 Ecce
3356 1619 3547 1712 quod
3580 1640 3809 1715 regem

1007 1737 1276 1811 habetis
1312 1747 1381 1809 et
1422 1758 1721 1809 cesarem
1758 1736 1879 1830 qui
1918 1758 2044 1830 pro
2087 1737 2509 1810 exaltatione
2553 1737 2842 1810 Romani
2887 1740 3154 1835 imperii
3199 1763 3559 1835 personam
3598 1764 3814 1838 expo-

1015 1861 1190 1950 suit,
1233 1860 1587 1933 thesauros
1613 1859 1910 1954 aperuit,
1952 1859 2305 1933 laboribus
2334 1882 2471 1932 non
2513 1862 2841 1957 pepercit.
2879 1864 3133 1957 Regem
3166 1864 3434 1937 habetis
3474 1866 3597 1958 qui
3633 1886 3811 1938 som-

1017 2007 1184 2057 num
1261 1993 1566 2056 vestrum
1656 1983 1999 2055 continuis
2075 1984 2733 2078 interpellationibus
2814 1986 3182 2078 excitavit3
3258 1987 3350 2059 ad
3419 1988 3815 2083 interpella-

1009 2110 1229 2182 tiones
1262 2115 1529 2181 nostras
1558 2116 2056 2197 verumtamen,
2102 2107 2420 2199 nimium,
2468 2108 2660 2204 quod
2714 2109 2911 2181 inviti
2951 2110 3335 2202 referimuS,
3384 2110 3811 2203 obdormitis,

1004 2253 1290 2305 causam
1339 2242 1636 2306 vestram
1683 2230 2062 2326 dampnose
2122 2231 2506 2326 negligitis,
2553 2233 2828 2326 negotia
2881 2241 3114 2305 vestra
3174 2233 3344 2306 dum
3398 2234 3568 2329 ipsis
3615 2255 3813 2329 opor-

1012 2359 1263 2430 tunitas
1304 2354 1643 2451 suppetit,
1685 2375 1822 2427 non
1868 2355 2146 2427 curatis.
2201 2355 2439 2451 Nuper
2482 2355 2668 2429 enim
2715 2354 2883 2427 dum
2933 2357 3007 2426 in
3056 2357 3265 2451 pratis
3307 2357 3618 2451 Auguste
3655 2358 3816 2429 vic-

1010 2482 1182 2554 torie
1229 2489 1456 2553 nostre
1511 2479 1771 2552 vexilla
1817 2475 2141 2571 signifera
2204 2501 2615 2574 poneremus
2639 2532 2660 2567 ,
2721 2480 3232 2575 quamprimum
3287 2479 3545 2554 ibidem
3600 2494 3820 2554 castra

1012 2613 1247 2678 nostra
1298 2601 1705 2694 defiximus,
1748 2623 1872 2696 pro
1924 2602 2404 2675 reformatione
2454 2611 2673 2675 status
2727 2603 2994 2697 imperii
3039 2604 3390 2698 Liguriam
3437 2604 3669 2677 denuo
3700 2626 3820 2677 re-

1007 2727 1256 2818 visuri,
1297 2727 1576 2800 nuntios
1620 2734 1884 2798 vestros
1933 2724 2264 2797 instanter
2298 2726 2665 2818 exegimus
2697 2727 2759 2818 (t
2775 2724 2830 2821 ),
2877 2747 3055 2821 quos
3088 2748 3249 2798 cum
3287 2728 3588 2821 recipere
3623 2728 3822 2799 nobis

1013 2851 1086 2921 in
1132 2848 1427 2946 Alpibus
1474 2847 1719 2921 obvios
1768 2844 2232 2936 crederemus,
2276 2847 2682 2941 priusquam
2732 2869 2858 2942 pes
2897 2857 3123 2921 noster
3175 2849 3433 2920 Italiam
3484 2849 3823 2942 legatione

1013 2984 1238 3045 vestra
1277 2993 1415 3045 non
1450 2971 1601 3043 visa
1655 2970 1970 3060 calcaret,
2014 2970 2200 3066 ipsos
2235 2969 2548 3043 nondum
2593 2994 2637 3044 a
2671 2970 2875 3044 vobis
2920 2971 3169 3045 electos
3213 2971 3615 3045 audivimus
3649 2994 3824 3069 quos

1014 3097 1290 3168 venisse
1351 3093 1766 3188 jamdudum
1834 3103 2035 3167 antea
2098 3092 2385 3167 firmiter
2438 3096 2876 3188 putabamus.
2932 3093 3071 3168 Sed
3133 3117 3291 3168 cum
3317 3149 3337 3184 ,
3400 3106 3603 3190 prout
3659 3118 3824 3170 vera

1016 3220 1384 3290 multorum
1432 3217 1858 3312 experientia
1913 3216 2182 3307 docuit,
2234 3216 2442 3288 nimis
2490 3216 2562 3287 in
2618 3218 2889 3307 magnis
2937 3218 3025 3289 sit
3082 3218 3463 3312 periculosa
3517 3217 3819 3307 desidia,

1014 3339 1110 3413 ad
1155 3341 1711 3413 accelerationem
1750 3341 2051 3432 ipsorum
2088 3358 2268 3431 quos
2316 3339 2408 3411 ad
2446 3339 2823 3434 imperialis
2870 3341 3254 3413 consistorii
3303 3339 3515 3413 decus
3551 3351 3621 3412 et
3660 3363 3823 3415 con-

1018 3463 1154 3535 silii
1220 3463 1430 3537 nostri
1505 3463 1715 3536 robur
1781 3459 2151 3534 mittendos
2214 3469 2497 3533 senatus
2556 3464 2738 3556 jam,
2812 3472 2889 3536 ut
2942 3463 3380 3557 audivimus,
3435 3465 3702 3537 censuit
3759 3476 3826 3538 et

1019 3586 1311 3683 populus
1346 3585 1805 3674 confirmavit,
1841 3593 2066 3657 vestre
2095 3584 2577 3660 sollicitudinis
2627 3587 2932 3660 studium
2970 3587 3383 3680 excitamus,
3424 3588 3828 3683 eisdemque

1096 3774 1185 3856 (a)
1227 3778 1297 3837 In
1324 3779 1605 3853 impresso
1628 3777 1878 3834 remotae
1902 3773 2159 3835 virtum.

1101 3880 1180 3962 (b)
1224 3883 1345 3957 Sic,
1371 3882 1617 3943 forsitan
1642 3887 1844 3942 tamen
1852 3878 2167 3960 famosam.

1713 4040 3458 4052 -u——mfflw-

1092 4145 1165 4217 (t)
1202 4144 1415 4202 Scilicet
1442 4144 1585 4201 circa
1610 4143 1769 4201 finem
1792 4143 1929 4216 iunii
1967 4143 2194 4214 mensis,
2218 4141 2416 4215 quibus
2448 4139 2639 4197 litteris
2667 4139 2856 4196 alludit
2882 4139 3171 4213 imperator
3202 4155 3369 4213 quum
3401 4138 3615 4196 aliunde
3646 4138 3822 4196 dicat:

1023 4260 1050 4295 ι
1073 4240 1156 4296 Ad
1178 4258 1338 4314 quam
1363 4240 1431 4296 ab
1463 4240 1598 4297 Urbs
1622 4242 1756 4297 citra
1778 4240 2015 4297 omnium
2039 4239 2314 4295 civitatum
2338 4237 2488 4294 Italie
2511 4236 2737 4295 nuncios
2759 4236 3066 4294 invitamus.
3089 4256 3118 4289 n
3145 4236 3281 4295 Vide
3300 4252 3489 4309 supra,
3516 4253 3573 4309 p.
3602 4239 3695 4292 85⁴
3710 4274 3724 4291 .
3752 4238 3830 4293 De

1022 4353 1130 4411 quo
1154 4339 1315 4394 etiam
1342 4337 1508 4395 fusius
1530 4338 1819 4395 Riccardus
1840 4337 1909 4395 de
1931 4338 1992 4395 S.
2015 4337 2284 4395 Germano
2310 4335 2397 4392 his
2422 4335 2605 4392 verbis
2633 4351 2647 4389 ε
2683 4354 2710 4389 ι
2740 4333 2927 4390 Mense
2948 4333 3082 4406 julio
3114 4332 3390 4407 imperiale
3417 4332 3727 4396 mandatum
3759 4331 3831 4387 ad

1031 4433 1224 4491 Urbem
1250 4440 1306 4489 et
1330 4433 1646 4506 generaliter
1670 4432 2030 4507 peu-Tusciam
2057 4437 2112 4488 et
2138 4430 2511 4488 Lombardiam
2534 4436 2590 4486 et
2616 4445 2715 4504 per
2744 4435 2916 4487 totam
2940 4428 3230 4487 Harchiam
3257 4429 3500 4497 mittitur,
3531 4432 3590 4483 ut
3616 4433 3725 4483 tam
3761 4426 3830 4482 de

1017 4529 1163 4587 Urbe
1187 4544 1352 4602 quam
1387 4528 1457 4586 de
1479 4529 1701 4602 singulis
1731 4529 1965 4602 ipsarum
1992 4526 2385 4601 provinciarum
2413 4526 2886 4583 communitatibus
2917 4525 2972 4581 in
3004 4525 3378 4583 Lombardiam
3412 4523 3569 4597 legati
3605 4522 3825 4592 vadant,

1015 4631 1304 4699 postquam
1331 4625 1455 4681 illuc
1487 4626 1857 4699 imperatorem
1886 4624 2098 4682 venisse
2119 4624 2386 4681 sciverint.
2417 4642 2444 4676 υ
2470 4623 2576 4682 Ubi
2600 4630 2780 4681 tamen
2808 4623 2942 4680 istae
2980 4622 3183 4680 lateant
3216 4622 3423 4678 litterae
3461 4620 3696 4676 nondum
3730 4619 3830 4674 de-

1012 4722 1257 4794 tegimus.
