4500 5956
677 2947 717 2991 C
721 2892 1014 2992 omssffiomm
1026 2981 1043 3007 ,

774 3004 950 3046 mutto.

1093 603 1218 666 818
2096 597 2523 660 mlvi-:mci
2572 591 2921 655 saeuum
3543 584 3703 667 [Asu.
3741 585 3920 648 1236.

1086 736 1403 829 juniores
1434 734 1525 808 de
1548 735 1748 808 Nifen
1785 733 1846 832 (l
1864 735 1927 830 ),
1966 732 2382 806 Anshelmus
2404 731 2497 804 de
2523 728 2883 819 lustingen
2913 721 3057 821 (2),
3082 721 3481 795 Ludovicus
3508 719 3599 795 (16
3627 719 3925 794 Osthen-

1096 861 1269 953 berg
1300 857 1429 956 (3),
1463 858 1860 931 Burcardus
1883 856 1974 930 de
1999 855 2468 943 Geroltzeckh‚
2496 850 2851 925 Conradus
2875 849 3208 945 pincerna
3236 847 3327 920 de
3355 846 3874 918 winter-stetten
3895 901 3920 930 ‚

1094 985 1432 1056 Henricus
1460 983 1551 1056 de
1583 981 2047 1079 Pappenheim
2075 979 2451 1076 imperialis
2477 977 2640 1050 6616
2668 973 3117 1062 marscalcus,
3172 970 3552 1063 Egenolfus
3595 968 3922 1041 marscal-

1097 1130 1222 1180 cus
1280 1116 1351 1178 et
1403 1107 1772 1202 subscripti
1848 1103 2328 1177 ministeriales
2390 1097 2908 1194 Argentinensis
2987 1095 3306 1186 ecclesie,
3382 1092 3776 1165 Guntherus
3829 1089 3924 1162 de

1093 1232 1557 1325 Landtsperg,
1610 1231 1795 1303 Cono
1847 1230 1939 1303 de
1987 1227 2384 1318 Bercheim,
2445 1223 2887 1298 Eberhardus
2932 1219 3025 1294 de
3075 1218 3540 1315 Landtsperg‚
3601 1213 3925 1288 Albertus

1094 1355 1348 1448 136361,
1381 1363 1450 1427 et
1483 1353 1599 1425 alii
1635 1354 1867 1448 plures
1890 1352 2014 1446 qni
2048 1351 2526 1422 interfuerunt.

1194 1477 1368 1549 Acta
1395 1486 1557 1549 sunt
1588 1478 1719 1549 hec
1749 1498 1931 1549 anno
1969 1475 2316 1548 dominice
2348 1471 2834 1545 incarnationis
2877 1467 3242 1540 millesimo
3289 1463 3764 1539 ducentesimo
3802 1461 3923 1533 tri-

1097 1601 1363 1695 gesimo
1396 1607 1628 1691 sexto,
1670 1621 1909 1672 mense
1941 1598 2202 1689 martii,
2245 1617 2430 1670 nona
2457 1594 2861 1683 indictione,
2901 1592 3284 1687 imperante
3304 1587 3618 1685 predicto
3643 1584 3924 1657 dmino

1100 1733 1334 1796 nostro
1389 1722 1736 1796 Friderico
1797 1725 1857 1794 11
1904 1723 2025 1794 Dei
2075 1721 2296 1816 gratia
2354 1718 2930 1792 excellentissimo
2983 1716 3449 1787 Romanorum
3513 1710 3925 1804 imperatore

1104 1867 1375 1941 semper
1413 1855 1707 1939 augusto
1730 1897 1753 1938 ,
1801 1846 2225 1919 Jhernsulem
2279 1853 2349 1917 et
2387 1840 2620 1915 Sicilie
2656 1861 2858 1936 rege,
2899 1838 3186 1912 Romani
3233 1834 3506 1930 imperii
3550 1837 3701 1927 eJue
3739 1851 3925 1903 anno

1104 1969 1327 2060 XVII,
1366 1969 1792 2043 Jherusalem
1823 1969 1958 2061 XI,
2014 1968 2208 2061 regni
2241 1988 2409 2040 vero
2464 1961 2748 2063 [Sicilie]
2798 1963 2949 2054 ejus
2985 1981 3169 2033 anno
3202 1958 3554 2050 XXXVII,
3610 1955 3920 2029 feliciter.

1092 2093 1342 2164 Amen.

1202 2218 1457 2288 Datum
1479 2215 1669 2311 apud
1693 2214 2139 2310 Argentinam
2157 2265 2183 2306 ,
2211 2233 2395 2287 anno
2414 2262 2437 2303 ,
2471 2230 2706 2284 mense
2730 2217 2801 2282 et
2832 2206 3209 2281 indictione
3230 2204 3651 2303 prescriptis.

1210 2868 1666 2978 FridericuS‚
1706 2867 2230 2955 Romanorum
2270 2870 2711 2982 imperator,
2743 2869 3032 2955 civibus
3069 2869 3752 2984 Argentinensibus
3787 2898 3928 2982 pro

1100 3006 1390 3088 devotis
1425 3032 1690 3089 eorum
1728 3002 2049 3088 servitiis
2085 3031 2214 3088 eos
2249 3004 2331 3086 in
2360 3032 2500 3088 sua
2531 3006 2834 3114 speciali
2870 3001 3305 3088 defensione
3332 3002 3624 3115 recipit,
3657 3032 3924 3088 eorum

1102 3138 1595 3246 proprietates
1640 3138 1739 3220 ab
1784 3136 1998 3220 omni
2053 3135 2394 3245 precaria
2433 3134 2729 3242 eximit,
2763 3138 2896 3247 jus
2947 3164 3103 3248 quo
3154 3147 3369 3222 extra
3412 3137 3792 3221 civitatem
3846 3137 3924 3221 in

1097 3266 1407 3377 judiciis
1451 3267 1649 3351 trahi
1716 3294 1871 3351 non
1919 3263 2245 3351 debeant
2307 3264 2708 3352 confirmat
2731 3331 2756 3375 ‚
2812 3269 3072 3379 eisque
3126 3271 3278 3352 alia
3322 3269 3721 3381 privilegia
3770 3272 3929 3352 im-

1101 3402 1447 3509 pertitur.

1272 3617 1464 3698 (Edit.
1494 3629 1592 3695 ap.
1626 3617 1978 3695 Wsucmm,
2019 3610 2166 3678 coll.
2211 3629 2324 3677 von
2356 3610 2760 3697 Araban-qm,
2791 3628 2852 3692 p.
2892 3622 2951 3676 ⁷.
2980 3648 3058 3661 —
3082 3612 3426 3690 Laomm,
3456 3612 3611 3677 Birt.
3643 3612 3925 3694 άἈιςαεε,

1347 3740 1622 3801 preuves,
1651 3738 1707 3801 p.
1743 3729 1846 3787 40.
1875 3752 1954 3769 --
1975 3721 2203 3798 Lumo,
2230 3719 2645 3793 neaman-lav,
2676 3728 2724 3782 t.
2755 3717 2920 3795 xvl,
2948 3736 3010 3800 p.
3044 3728 3193 3798 ⁷²⁶3
3222 3718 3329 3784 6111
3368 3724 3647 3784 inseritur
3679 3721 3744 3783 in
3767 3720 3929 3784 bulla

1349 3833 1681 3892 Innocuam
1719 3830 1829 3905 IV,
1857 3830 1981 3892 dat.
2010 3828 2326 3909 Lugduni,
2355 3826 2444 3891 xl
2481 3827 2605 3890 kal.
2635 3829 2910 3906 augusti,
2933 3840 3091 3890 anno
3115 3830 3198 3903 V,
3223 3841 3380 3907 qne
3419 3832 3600 3891 enan
3625 3834 3793 3890 extat
3825 3840 3924 3907 ap.

1187 4119 1261 4192 (t)
1297 4118 1473 4190 Quum
1502 4131 1689 4176 omnes
1709 4113 1943 4176 Nisarios
1965 4130 2107 4175 nunc
2138 4113 2190 4173 in
2221 4116 2367 4174 curia
2392 4122 2705 4191 praesentes
2739 4114 3100 4191 reperiamus,
3124 4112 3429 4174 Heinricum
3457 4113 3720 4175 seniorem
3746 4117 3931 4192 impe-

1116 4218 1282 4276 ratori
1307 4212 1703 4273 reconciliatum
1727 4212 1891 4272 fuisse
1913 4215 2247 4288 conjicimus.
2275 4210 2357 4271 Cf.
2388 4226 2551 4287 supra
2572 4230 2628 4288 p.
2655 4212 2781 4287 733,
2810 4220 2919 4272 not.
2947 4213 3003 4273 2.

1192 4315 1267 4386 (ἓ)
1301 4313 1486 4370 Fuerit
1504 4326 1572 4369 no
1592 4312 1683 4368 ille
1709 4312 1995 4369 Anselmus
2013 4313 2189 4369 senior
2206 4328 2278 4368 an
2297 4312 2500 4385 junior,
2517 4313 2807 4370 nescimus.
2833 4310 3054 4370 Hin'me
3075 4316 3258 4371 16111611
3281 4306 3636 4372 dubitandum
3661 4312 3796 4386 quin
3814 4312 3924 4370 An·

1115 4412 1321 4470 seimus
1348 4416 1500 4484 pater
1525 4424 1711 4465 mense
1743 4409 2016 4465 novembri
2051 4408 2289 4482 ejmdem
2325 4409 2450 4465 anni
2483 4409 2552 4466 6(1
2578 4410 2772 4468 ducem
2801 4410 3050 4468 histriae
3080 4410 3416 4484 imperator&
3449 4410 3726 4468 inimicum
3753 4426 3931 4469 uccoe-

1111 4509 1262 4568 serit.
1294 4506 1372 4563 cf.
1399 4522 1581 4578 supra,
1611 4500 1838 4574 Ibidem,
1865 4508 1976 4561 not.
2009 4507 2063 4559 4.

1192 4605 1265 4678 (3)
1302 4604 1504 4660 Forsan
1534 4600 1918 4674 Lichtonbem,
1960 4600 2181 4657 illustris
2213 4600 2448 4659 Alsatiae
2478 4609 2786 4676 magnatum
2812 4604 3040 4679 familia,
3068 4594 3222 4680 cujus
3254 4612 3416 4680 caput
3448 4606 3768 4664 Ludovicum
3807 4612 3936 4663 tunc

1124 4705 1292 4763 fuisse
1308 4718 1373 4760 ex
1391 4699 1508 4758 aliis
1529 4697 1862 4755 documentis
1881 4698 2146 4758 novimus.
2168 4701 2229 4758 In
2246 4700 2488 4775 sequenti
2523 4700 2801 4779 privilegio
2816 4704 2968 4763 testis
2986 4704 3137 4763 adest
3150 4703 3474 4765 Ludewicus
3489 4705 3554 4765 do
3574 4703 3930 4765 Liohtenberc.
