4500 5956
648 679 843 739 lnnrcr.
882 670 967 757 6.]
1547 669 1941 730 HISTORIA
1991 671 2582 738 DlPLOMATICA.
3359 674 3480 735 587

650 832 792 883 sam
823 815 1126 881 nostram
1157 825 1233 878 se
1256 803 1561 899 graviter
1591 803 1958 877 incurrisse
1986 806 2158 878 sciat
2184 809 2603 901 presentium
2639 807 3027 880 testimonio
3057 807 3463 879 litterarum.

741 934 993 1005 Datum
1030 927 1222 1025 apud
1261 930 1568 1024 Spiram,
1607 949 1791 1001 anno
1825 928 2165 1003 dominice
2209 932 2696 1005 incarnationis
2730 933 3094 1004 millesimo
3131 931 3469 1004 ducente-

649 1057 819 1129 simo
850 1054 1206 1146 trigesimo
1236 1049 1567 1143 secundo,
1609 1051 1834 1146 pridie
1860 1052 2185 1126 calendas
2222 1055 2546 1149 octobris,
2588 1054 2960 1128 indictione
2995 1064 3219 1129 sexta.

1092 1338 1139 1351 -
1148 1339 1200 1346 -.
1214 1339 1373 1346 ω’...
1383 1337 2437 1347 ΜςἭᾝ--ᾳῃ

748 1613 1116 1699 Henricus
1137 1676 1161 1722 ,
1236 1615 1761 1699 Romanorum
1832 1643 1965 1699 rex
1989 1676 2013 1722 ,
2091 1625 2337 1698 ratam
2410 1614 2641 1697 habet
2711 1617 3171 1725 emptionem
3246 1617 3472 1699 villae
3551 1692 3624 1735 w1
3626 1640 3852 1747 gggim

626 1745 1231 1831 ‘Winmotsheim
1270 1746 1755 1858 (Wimbsen)
1794 1774 2031 1858 quam
2077 1748 2480 1831 Gozwinus
2497 1843 2506 1852 ⁶
2524 1746 2764 1830 abbas
2810 1757 2883 1830 et
2927 1758 3339 1832 conventus
3376 1751 3472 1832 de
3570 1747 3600 1789 ²
3620 1749 3822 1791 “mm

635 1878 1094 1963 Maulbronn
1131 1906 1178 1962 a
1216 1880 1604 1965 Gotefrido
1648 1882 1923 1965 comite
1957 1883 2055 1964 de
2091 1880 2512 1990 Vaihingen
2563 1890 3232 1989 comparaverunt,
3272 1909 3470 1992 pro-

630 2011 1019 2121 mittitque
1062 2013 1272 2122 quod
1328 2015 1800 2098 advocatiam
1854 2015 2081 2098 villae
2143 2013 2486 2123 ejusdem
2542 2039 2943 2123 nunquam
2999 2015 3098 2098 ab
3151 2016 3469 2124 imperio

626 2143 1025 2227 alienabit.

800 2357 990 2436 (Edit.
1024 2376 1123 2436 ap.
1154 2360 1418 2432 anom,
1446 2361 1679 2420 Ducum
1710 2357 1897 2421 rediv.
1929 2366 2241 2422 mamm.
2286 2358 2685 2441 wirtember-9.
2698 2403 2719 2435 ‚
2746 2366 2789 2421 t.
2826 2359 2881 2439 1,
2909 2376 2971 2438 p.
3006 2358 3176 2439 496.)

732 2545 1094 2619 Heinricus
1152 2546 1485 2641 septimus
1508 2598 1529 2636 ,
1606 2545 1851 2620 divina
1911 2548 2191 2619 favente
2266 2548 2626 2620 clementia
2682 2547 3145 2621 Romanorum
3213 2569 3341 2619 rex
3402 2559 3471 2621 et

610 2687 905 2763 semper
949 2677 1326 2763 augustus,
1366 2669 1712 2742 universis
1760 2670 2032 2765 imperii
2086 2668 2408 2745 fidelibus
2451 2670 2524 2741 in
2559 2681 2997 2764 perpetuum.
3039 2670 3128 2743 Ut
3162 2669 3253 2742 ad
3309 2691 3467 2741 nos-

614 2799 774 2864 tros
805 2813 1244 2866 successores
1286 2792 1694 2889 perveniant
1736 2791 1934 2864 firma
1973 2814 2058 2866 ea
2092 2813 2230 2887 que
2269 2813 2497 2864 coram
2537 2793 2739 2864 nobis
2778 2793 3157 2864 litterarum
3192 2790 3468 2864 indiciis

621 2913 973 2989 duximus
1018 2916 1466 3013 perhennari,
1525 2916 1617 2992 ad
1669 2917 1988 2990 notitiam
2048 2917 2261 3012 igitur
2307 2926 2446 2989 tam
2500 2914 2984 2989 modernorum
3020 2938 3233 3012 quam
3281 2918 3468 2990 futu·

624 3059 863 3112 rorum
904 3041 1229 3114 volumus
1270 3043 1630 3137 pervenire
1660 3041 1854 3138 quod
1882 3041 2257 3117 Gozwinus
2300 3040 2520 3113 abbas
2569 3049 2637 3114 et
2675 3050 3058 3113 conventus
3087 3040 3177 3114 de
3204 3041 3466 3115 Mulen-

628 3158 809 3236 brun
844 3165 1032 3257 juste
1076 3175 1147 3239 et
1193 3166 1690 3241 rationabiliter
1736 3167 2286 3263 comparaverint
2326 3166 2560 3238 villam
2604 3164 3132 3239 Winmotsheim
3175 3186 3302 3261 pro
3348 3187 3465 3241 oo-

643 3288 796 3361 mite
830 3287 1148 3362 Gotl'rido
1174 3288 1266 3363 de
1300 3289 1661 3384 Vehingen
1686 3300 1755 3365 et
1775 3291 2149 3365 heredibus
2178 3290 2350 3382 suis,
2383 3312 2542 3362 cum
2563 3289 2880 3383 ecclesia,
2913 3311 3072 3363 cum
3104 3288 3466 3363 advocatia

650 3420 707 3482 et
729 3413 939 3506 agris,
970 3412 1275 3509 pascuis,
1307 3414 1508 3508 aquis
1539 3424 1608 3488 et
1639 3436 1979 3510 aquarum
2007 3415 2418 3488 decursibus
2454 3422 2526 3488 et
2557 3413 2740 3507 agris
2779 3423 2920 3486 tam
2951 3413 3222 3487 incultis
3251 3436 3463 3509 quam

647 3536 868 3627 cultis,
924 3558 1086 3609 cum
1134 3537 1463 3611 omnibus
1514 3538 1972 3636 appenditiis;
2029 3548 2097 3612 et
2143 3539 2278 3634 ipsi
2331 3537 2709 3612 venditioni
2762 3547 2832 3612 et
2883 3537 3212 3634 emptioni
3264 3537 3463 3611 adhi-

633 3653 906 3732 buimus
947 3681 1197 3733 manus
1239 3671 1506 3735 nostras
1553 3671 1622 3735 et
1671 3671 1907 3736 tenore
1951 3663 2374 3758 presentium
2423 3663 2557 3757 ipsi
2601 3661 2887 3736 ecclesie
2931 3662 3000 3733 in
3048 3671 3455 3757 perpetuum

632 3780 1141 3857 confirmamus.
1178 3783 1267 3856 Et
1296 3785 1460 3878 quia
1510 3786 1737 3857 totalis
1777 3785 2163 3859 advocatus
2214 3807 2457 3858 sumus
2503 3784 2794 3858 ecclesie
2839 3792 3240 3875 memorate,
3293 3806 3456 3879 pro-

626 3903 964 3977 mittimus
1021 3914 1099 3977 ut
1159 3906 1596 3982 advocatiam
1665 3909 1830 3982 ville
1890 3918 2243 4004 pretaxate
2303 3925 2345 3981 a
2398 3908 2598 3981 nobis
2642 3917 2713 3981 et
2760 3907 3048 4001 imperio
3098 3921 3455 4001 nunquam

624 4025 1007 4101 alienemus
1045 4049 1171 4124 per
1201 4030 1689 4125 obligationem
1744 4035 1856 4105 vel
1890 4033 2360 4107 venditionem
2411 4033 2523 4106 vel
2579 4030 3138 4123 infeodationem,
3185 4039 3255 4104 et
3288 4032 3346 4104 si
3379 4032 3452 4103 in

630 4151 1044 4225 eontrarium
1088 4154 1454 4229 fecerimus
1486 4158 1955 4251 immemores,
1994 4157 2429 4233 decernimus
2466 4155 2676 4229 nichil
2712 4176 2890 4229 esse.

731 4274 954 4347 Testes
999 4285 1162 4348 sunt
1207 4277 1306 4349 hii
1347 4305 1363 4350 ε
1411 4278 1835 4356 Ludewicus
1888 4303 2118 4354 comes
2166 4280 2255 4354 de
2305 4279 2682 4372 Rienecke,
2734 4278 3103 4352 Anselmus
3147 4278 3238 4353 de
3284 4281 3449 4352 Jus-

636 4389 898 4487 tingen,
948 4398 1030 4469 E.
1074 4397 1346 4495 dapifer
1392 4402 1481 4474 de
1521 4404 1901 4500 Waldpurc
1959 4414 2028 4477 et
2068 4405 2141 4476 C.
2199 4405 2525 4499 pincerna
2573 4402 2665 4477 de
2718 4403 3234 4495 Wintersteten,
3281 4404 3450 4476 Wil-

642 4507 959 4592 lehelmus
996 4519 1086 4594 de
1122 4522 1502 4618 Wimpina,
1545 4536 1614 4599 et
1654 4528 1772 4600 alii
1810 4530 2276 4624 quamplures.

736 4638 970 4714 Actum
1009 4645 1200 4741 apud
1235 4648 1694 4744 Wimpinam,
1736 4672 1919 4724 anno
1967 4651 2056 4722 ab
2093 4652 2562 4725 incarnatione
2592 4650 2867 4723 Domini
2910 4650 3269 4724 millesimo
3318 4651 3449 4725 du·

665 4765 995 4840 centesimo
1030 4768 1374 4844 tricesimo
1408 4772 1743 4862 secundo,
1783 4775 1873 4846 VI
1910 4795 2125 4847 nonas
2160 4775 2482 4869 octobriS,
2518 4775 2894 4849 indictione
2926 4783 3150 4847 sexta.
