4500 5956
840 3265 978 3318 Apud·

749 3319 1053 3414 vassu

1133 606 1255 670 814
2126 600 2554 664 rnlnssmcl
2604 600 2949 663 saeuum
3577 599 3747 678 [Am.
3782 600 3958 663 1236.

1138 742 1312 815 dens
1358 758 1482 812 nos
1527 734 1619 810 de
1664 733 1965 830 preteriti
2013 735 2269 809 silentii
2319 737 2527 833 culpa
2578 735 2933 830 redarguit
2988 743 3060 808 et
3106 733 3199 808 ad
3240 742 3430 807 tuam
3482 730 3961 808 excellentiam

1138 864 1434 937 clamare
1481 859 1862 954 compellit,
1914 866 1992 932 nt
2036 867 2269 933 nostro
2317 861 2545 933 forsan
2603 860 2909 932 excitata
2954 857 3254 931 clamore
3304 857 3640 954 lacrymas
3690 858 3962 932 miseri·

1139 985 1369 1060 cordie
1412 1005 1625 1056 mann
1656 1003 1700 1056 a
1736 981 2039 1055 maxillis
2072 982 2494 1077 abstergere,
2531 982 2888 1056 doloribus
2939 981 3177 1078 populi
3230 981 3426 1075 regni
3476 981 3765 1075 predicti
3814 1003 3966 1056 me·

1136 1111 1369 1185 delam
1407 1125 1754 1202 apponere
1793 1127 1877 1179 ac
1913 1107 2155 1201 plagas
2189 1107 2409 1201 ipsius
2443 1105 2721 1180 studeat
2756 1106 2939 1179 sicut
2974 1104 3298 1178 convenit
3329 1103 3642 1197 alligare3
3683 1105 3961 1177 celsitu·

1136 1232 1368 1308 dinem
1401 1239 1592 1303 tuam
1616 1228 1996 1324 rogandam
2029 1229 2366 1303 duximus
2392 1238 2648 1304 attente
2682 1238 2753 1302 et
2779 1226 3197 1302 monendam
3227 1236 3570 1323 quatenns
3593 1227 3961 1322 diligenter

1134 1353 1498 1429 attendens
1545 1362 1883 1447 quantum
1929 1354 2110 1426 fame
2155 1353 2500 1448 imperiali
2534 1351 2864 1449 expediat
2909 1362 2983 1425 et
3011 1352 3107 1427 ad
3145 1352 3250 1424 tui
3296 1351 3594 1426 nominis
3627 1351 3956 1425 honorem

1140 1477 1466 1569 accedat,
1500 1476 1644 1569 sic,
1686 1478 1891 1569 juxta
1935 1477 2126 1572 qnod
2173 1477 2374 1550 nohis
2408 1499 2532 1572 per
2562 1487 2719 1550 tuas
2754 1477 3015 1549 litteras
3049 1477 3313 1572 pluries
3352 1475 3763 1571 promisisti,
3799 1497 3964 1571 pre-

1138 1602 1350 1676 missa
1372 1599 1623 1692 corrigi
1654 1608 1724 1673 et
1753 1620 1844 1673 ne
1874 1600 1945 1672 in
1978 1609 2326 1694 posterum
2353 1600 2606 1675 similia
2639 1609 3124 1697 proeumantur
3155 1599 3367 1673 facias
3393 1598 3734 1692 interdici,
3761 1599 3960 1694 qnod

1138 1723 1429 1798 ecclesie
1459 1745 1542 1798 ac
1573 1723 1889 1797 homines
1907 1724 2102 1819 regni
2128 1723 2447 1820 predicti,
2480 1724 2750 1800 medela
2778 1735 2932 1820 post
2960 1725 3219 1797 vulnus
3244 1723 3505 1816 habita,
3530 1730 3688 1820 post
3719 1723 3957 1798 fletum

1138 1847 1607 1921 consolatione
1642 1858 1998 1944 suscepta,
2042 1869 2120 1922 se
2158 1848 2254 1920 ab
2286 1847 2688 1943 hujusmodi
2734 1848 3028 1922 miseriis
3073 1846 3424 1943 gaudeant
3472 1848 3833 1942 respirare.
3881 1848 3959 1921 Si

1140 1971 1324 2043 enim
1364 1970 1669 2044 volneris
1710 1971 1996 2044 rationis
2037 1970 2402 2065 diligenter
2443 1973 2843 2045 examinare
2875 1970 3222 2063 judicium
3255 1969 3449 2065 apud
3497 1969 3802 2043 tribunal
3838 1982 3962 2043 tue

1143 2095 1422 2186 mentis,
1464 2105 1699 2188 aperte
1730 2095 2042 2168 invenies
2071 2095 2443 2168 diffinitum
2473 2095 2659 2189 quod
2703 2117 2831 2168 nos
2873 2095 2996 2190 qni
3037 2094 3165 2166 tibi
3207 2094 3541 2167 hactenus
3572 2095 3733 2189 plus
3768 2096 3962 2188 justo

1139 2218 1419 2290 forsitan
1474 2217 1858 2292 deferentes
1903 2219 2208 2292 ecclesiis
2245 2229 2317 2292 et
2367 2220 2677 2314 personis
2722 2218 3201 2293 ecclesiasticis
3238 2218 3575 2309 iustitiam
3625 2217 3964 2291 exhibere

1136 2341 1564 2431 distulimus,
1612 2341 1687 2412 id
1719 2341 1870 2414 sine
1904 2343 2140 2416 divine
2175 2342 2549 2434 majestatis
2582 2343 2878 2430 offensa,
2917 2342 3179 2415 lesione
3215 2342 3398 2415 fame
3430 2351 3500 2414 et
3542 2341 3963 2414 conscientie

1139 2473 1374 2538 nostre
1405 2463 1841 2539 dissimulare
1886 2465 2171 2538 ulterius
2207 2486 2349 2538 non
2387 2464 2730 2538 valemus.

1231 2590 1481 2661 Datum
1514 2589 1828 2680 viterbii,
1859 2589 1921 2662 11
1956 2589 2289 2663 kalendas
2320 2590 2575 2679 martii,
2616 2586 3052 2686 pontificatus
3091 2588 3303 2662 nostri
3337 2606 3525 2660 anno
3555 2586 3675 2659 IX.

1248 3236 1673 3319 Fridericns
1689 3296 1712 3342 ,
1768 3234 2289 3317 Romanorum
2348 3234 2796 3344 imperator,
2857 3234 3450 3317 controversiam
3502 3235 3702 3318 inter
3752 3259 3834 3318 se
3885 3246 3964 3319 et

1140 3367 1638 3453 Bertholdum
1675 3367 2307 3475 Argentinensem
2351 3367 2790 3476 episcopum
2824 3367 2959 3450 diu
2995 3366 3360 3478 agitatam
3394 3393 3531 3478 per
3561 3369 3964 3479 composi-

1144 3502 1428 3586 tionem
1482 3499 1885 3604 terminat,
1942 3524 2099 3609 qua
2151 3499 2314 3608 ipse
2365 3499 2465 3582 ab
2527 3500 2877 3612 episcopo
2939 3499 3020 3581 in
3073 3498 3390 3584 feudum
3444 3499 3709 3611 recipit
3759 3500 3962 3584 civi-

1145 3644 1377 3719 tatem
1426 3632 1878 3720 Mulhausen
1931 3657 2109 3714 cum
2164 3631 2334 3714 aliis
2394 3631 3003 3742 possessionibus
3023 3694 3047 3742 ‚
3104 3632 3371 3716 castris
3433 3642 3509 3715 et
3552 3633 3965 3716 advocatiis

1142 3768 1425 3854 ibidem
1479 3765 1891 3876 expressi5‚
1939 3775 2014 3849 et
2064 3765 2394 3848 vicissim
2450 3765 2696 3849 eidem
2737 3765 3091 3877 episcopo
3135 3764 3522 3849 renuntiat
3560 3764 3638 3845 in
3694 3764 3968 3849 castris

1142 3912 1216 3985 et
1250 3898 1897 4012 possessionibuS,
1937 3897 2219 3983 scilicet
2264 3897 2714 4003 Altentann,
2753 3897 3252 4008 Egensheim,
3293 3897 3685 3982 Bernstein
3704 3957 3729 4005 ,
3781 3897 3968 3984 Gir-

1144 4033 1434 4139 baden‚
1478 4031 1823 4141 aliisque.

1303 4256 1514 4337 (Edld.
1542 4257 1945 4329 Senosrrun,
1972 4254 2163 4347 alsat.
2196 4253 2514 4335 deplorant..
2535 4264 2583 4318 t.
2603 4257 2657 4331 1,
2686 4274 2743 4334 p.
2769 4265 2911 4335 314,
2930 4273 3006 4318 ex
3032 4256 3371 4335 apographo
3392 4255 3667 4319 tabularu
3697 4258 3957 4335 episcop.

1379 4360 1710 4439 Tabernas.)

1238 4561 1313 4632 In
1352 4558 1629 4633 nomine
1658 4568 1894 4632 sancte
1941 4570 2009 4631 et
2061 4557 2424 4633 individue
2471 4557 2841 4631 Trinitatis.
2873 4556 3260 4631 Fridericus
3287 4555 3666 4651 secundus,
3715 4555 3964 4631 divina

1139 4686 1414 4756 favente
1449 4682 1812 4754 clementia
1840 4682 2304 4754 Romanorum
2341 4684 2707 4776 imperator
2734 4689 2800 4753 et
2833 4702 3101 4776 semper
3131 4691 3495 4772 angustae,
3534 4680 3963 4757 Jherusalem
