4500 5956
1175 603 1296 664 756
2178 598 2604 663 rRmERlcl
2655 597 3005 659 Ssscunm
3629 598 3788 680 [Aua.
3828 599 3995 661 1235.

1181 737 1375 809 curia
1401 735 1692 831 imperio
1720 736 2219 826 concessimus,
2260 734 2744 830 proprietatem
2775 731 2975 804 nobis
3009 729 3314 803 debitam
3341 732 3414 803 in
3452 732 3837 806 dominium
3864 736 4003 806 im-

1182 859 1356 955 perii
1416 860 1924 933 transferentes.
1991 860 2302 931 Preterea
2357 859 2604 930 Ottone
2658 858 2729 927 in
2788 856 2939 949 ipsa
2978 855 3281 944 generali
3318 858 3510 928 curia
3554 858 3626 928 in
3683 858 4003 929 manibus

1180 983 1428 1055 nostris
1451 984 1782 1056 connexis
1816 983 2064 1077 palmis
2091 1004 2302 1077 super
2332 990 2567 1053 sancta
2598 1001 2803 1052 cruce
2844 977 3112 1074 imperii
3167 1000 3308 1072 que
3348 980 3611 1053 ibidem
3646 982 4002 1053 tenebatur

1176 1116 1520 1200 prestante
1558 1106 1719 1179 fidei
1750 1107 2259 1198 juramentum,
2313 1128 2439 1178 nos
2485 1103 2915 1177 attendentes
2950 1123 3161 1195 quam
3200 1125 3377 1198 pura
3415 1103 3592 1196 fide,
3634 1106 3902 1177 sincera
3932 1115 4001 1177 et

1173 1252 1389 1324 prona
1419 1230 1788 1304 devotione
1819 1252 1896 1303 se
1928 1240 2144 1303 totum
2176 1230 2503 1303 mandato
2527 1239 2759 1302 nostro
2795 1237 2864 1301 et
2892 1227 3229 1299 voluntati
3250 1229 3587 1300 commisit
3622 1238 3691 1303 et
3717 1230 3789 1300 in
3826 1250 4000 1325 pro—

1171 1352 1529 1446 prietatem
1566 1364 1868 1425 nostram
1902 1353 2237 1425 concessit
2270 1353 2542 1447 proprie
2576 1351 2932 1447 proprium
2979 1361 3276 1422 castrum
3314 1375 3520 1423 suum
3568 1352 3656 1424 de
3690 1374 3830 1446 quo
3866 1374 3998 1426 ne-

1169 1475 1338 1545 mini
1375 1474 1759 1566 tenebatur,
1800 1484 1870 1546 et
1900 1475 2367 1548 humiliaverit
2400 1496 2476 1547 se
2507 1473 2739 1548 modis
2773 1472 3096 1547 omnibus
3135 1495 3363 1547 coram
3395 1475 3633 1565 nohis3
3677 1476 3991 1549 conside·

1169 1608 1396 1671 rantes
1432 1598 1717 1695 insuper
1746 1598 1936 1692 quod
1971 1619 2333 1692 nunquam
2368 1619 2493 1693 per
2523 1619 2684 1669 eum
2720 1598 2926 1670 suerit
2967 1596 3307 1670 offensum
3357 1598 3719 1693 imperium
3760 1608 3830 1671 et
3869 1619 3995 1672 nec

1167 1732 1406 1795 contra
1436 1722 1765 1796 honorem
1808 1731 2116 1796 nostrum
2155 1723 2246 1795 ad
2283 1723 2799 1817 suggestionem
2836 1723 3132 1815 alicujus
3163 1724 3459 1795 voluerit
3507 1723 3806 1796 inveniri
3838 1723 3945 1819 (l)
3969 1782 3985 1811 ,

1168 1848 1459 1941 dignum
1492 1857 1561 1919 et
1596 1850 1762 1921 utile
1790 1848 2100 1922 vidimus
2130 1849 2313 1922 circa
2351 1859 2603 1923 statum
2641 1858 2712 1921 et
2750 1858 3199 1943 augmentum
3220 1849 3446 1943 ipsius
3478 1850 3807 1944 imperiali
3843 1872 3993 1921 mu-

1168 1970 1512 2043 nificentia
1536 1972 1928 2066 providere.
1967 1971 2395 2068 Quapropter
2414 1997 2573 2047 cum
2598 1973 2917 2064 consilio,
2952 1994 3239 2045 assensu
3267 1983 3338 2045 et
3370 1974 3766 2046 assistencia
3798 1973 3989 2068 prin-

1167 2095 1400 2188 cipum
1438 2096 1784 2168 civitatem
1819 2096 2231 2170 Brunsvvich
2269 2106 2337 2168 et
2372 2109 2670 2170 castrum
2700 2096 3115 2169 Luneburch
3148 2119 3308 2168 cum
3340 2097 3665 2169 omnibus
3700 2098 3979 2186 cestrie,

1167 2216 1563 2289 hominibus
1599 2226 1669 2289 et
1714 2218 2140 2313 pertinentiis
2177 2219 2325 2290 suis
2363 2220 2742 2307 univimuS,
2782 2230 2854 2294 et
2888 2219 3276 2293 creavimus
3322 2221 3484 2293 inde
3546 2219 3874 2292 ducatum
3920 2229 3988 2291 et

1164 2341 1502 2435 imperiali
1546 2343 1952 2414 auctoritate
1989 2341 2253 2415 dictum
2291 2343 2877 2435 consanguineum
2925 2353 3234 2417 nostrum
3285 2344 3600 2415 Ottonem
3639 2342 3889 2415 ducem
3920 2352 3990 2414 et

1160 2465 1541 2559 principem
1576 2467 1904 2538 facientes
1931 2462 2073 2561 (2),
2118 2466 2449 2538 ducatum
2477 2466 2706 2560 ipsum
2734 2466 2807 2536 in
2834 2466 3115 2539 feodum
3132 2466 3401 2561 imperii
3425 2467 3491 2537 ei
3524 2466 3988 2538 concessimus

1161 2588 1256 2660 ad
1284 2587 1577 2662 heredes
1594 2611 1758 2661 suos
1782 2589 1960 2661 filios
1977 2599 2047 2661 et
2075 2588 2252 2662 filias
2271 2589 2686 2663 hereditarie
2706 2589 3246 2682 devolvendum,
3274 2600 3345 2662 et
3359 2612 3521 2662 eum
3547 2590 3984 2684 solempniter

1147 2712 1351 2803 juxta
1384 2713 1956 2786 consuetudinem
1992 2713 2480 2785 investivimus
2504 2735 2627 2808 per
2662 2714 2964 2803 vexilla3
2997 2714 3086 2788 de
3120 2715 3546 2787 affluentiore
3574 2714 3796 2806 gratia
3820 2734 3984 2784 con-

1157 2833 1479 2909 cedentes
1513 2836 1739 2912 eidem
1789 2837 2093 2911 decimas
2144 2837 2447 2910 Goslarie
2494 2837 2785 2932 imperio
2824 2838 3262 2933 pertinentes.
3318 2839 3628 2910 Ceterum
3679 2836 3984 2909 ministe-

1154 2962 1359 3034 riales
1416 2984 1580 3034 suos
1646 2962 1721 3033 in
1790 2962 2272 3035 ministeriales
2343 2963 2613 3059 imperii
2680 2972 3145 3051 assumentes,
3220 2961 3449 3034 eidem
3520 2960 3981 3033 concessimus

1157 3084 1437 3156 eosdem
1465 3085 1946 3158 ministeriales
1968 3087 2247 3178 juribus
2283 3088 2418 3158 illis
2445 3087 2546 3159 uti
2583 3086 2841 3182 quibus
2866 3087 3131 3182 imperii
3160 3085 3631 3158 ministeriales
3660 3094 3970 3176 utuntur.

1153 3206 1267 3279 Ad
1311 3206 1523 3300 huJ‘us
1571 3209 1803 3303 itaque
1853 3210 2314 3282 concessionis
2363 3211 2761 3283 memoriam
2817 3220 2890 3283 et
2940 3211 3151 3283 robur
3180 3219 3519 3305 perpetuo
3559 3209 3970 3295 valiturum,

1155 3352 1437 3424 presens
1470 3332 1914 3426 privilegium
1942 3331 2090 3406 fieri
2112 3343 2180 3405 et
2209 3334 2401 3407 bulla
2427 3357 2637 3408 aurea
2669 3335 2941 3431 typario
2971 3343 3199 3406 nostre
3233 3333 3608 3425 mnjoetatis
3647 3331 3975 3427 impressa

1148 3454 1483 3546 jussimus
1507 3457 1941 3528 communiri.
2289 3543 2294 3546 .

1247 3578 1472 3669 Hujus
1507 3588 1738 3651 autem
1772 3580 1872 3652 rei
1908 3589 2114 3653 testes
2140 3590 2306 3652 sunt
2345 3607 2364 3652 ε
2403 3583 2475 3653 S.
2518 3581 2996 3675 Maguntinus,
3036 3580 3122 3651 H.
3163 3579 3619 3667 Coloniensis,
3683 3578 3764 3649 E.
3800 3576 3973 3648 Salz·

1150 3702 1553 3796 purgensis,
1593 3705 1671 3774 T.
1714 3705 2153 3777 Treverensis
2185 3713 2256 3776 et
2312 3758 2330 3774 .
2392 3759 2410 3776 .
2471 3757 2489 3775 .
2543 3704 2945 3776 Bisuntinus
2988 3701 3478 3798 archiepiscopi
3507 3729 3528 3792 ;
3557 3702 3674 3771 W.
3730 3696 3972 3771 Made-

1148 3824 1516 3921 hurgensis
1549 3828 1842 3918 electus,
1899 3831 1980 3902 E.
2031 3828 2682 3922 Pabemhergensis,
2736 3829 2810 3899 S.
2865 3828 3375 3922 Ratisponeusis
3406 3824 3783 3921 imperialis
3817 3821 3971 3894 aule

3143 4021 3202 4030 .-
3385 4015 3669 4028 -——--·—--—-

1220 4127 1292 4199 (l)
1332 4129 1531 4186 Alludit
1553 4131 1842 4204 imperator
1859 4131 2079 4189 consilio
2104 4132 2249 4205 quod
2275 4130 2400 4189 Otto
2425 4129 2607 4188 Sancti
2633 4129 2834 4187 Nicolai
2860 4128 3169 4199 cardinalis,
3200 4134 3331 4184 tunc
3358 4126 3514 4185 Sedis
3543 4123 3874 4199 Apostolicae
3903 4120 3972 4178 le·

1147 4227 1322 4295 gatus,
1350 4240 1491 4281 anuo
1511 4230 1649 4284 ⁴229
1676 4228 1858 4285 Ottoui
1885 4228 1953 4286 de
1973 4229 2261 4302 Luneburg
2279 4229 2528 4302 dederat,
2550 4228 2783 4285 suadens
2801 4232 2861 4284 ut
2883 4227 2938 4282 in
2962 4226 3289 4283 Fridericum
3308 4231 3440 4282 tunc
3458 4220 3970 4279 excommunicatum

1145 4319 1459 4392 insurgeret.
1487 4321 1567 4378 cf.
1595 4327 1726 4379 tom.
1747 4323 1849 4393 111,
1877 4340 1935 4396 p.
1958 4327 2083 4381 ⁴⁴6.

1220 4415 1291 4488 (Ξ)
1332 4435 1359 4468 α
1380 4415 1507 4473 Otto
1532 4418 1598 4474 de
1617 4418 1981 4491 Luninburch,
2009 4436 2178 4495 nepos
2202 4422 2385 4495 magni
2411 4421 2562 4479 ducis
2581 4420 2840 4493 Heinrici,
2864 4436 3038 4479 novus
3055 4420 3167 4477 dux
3191 4417 3513 4492 etprinoeps
3535 4415 3781 4473 efficitur·
3801 4412 3970 4483 Quem

1145 4513 1290 4570 diem
1314 4515 1521 4586 rogavit
1549 4514 1836 4588 imperator
1862 4517 2113 4576 omnibus
2141 4519 2425 4576 annalibus
2449 4518 2714 4589 adscribi,
2738 4533 2805 4575 eo
2838 4517 2983 4591 quod
3024 4523 3153 4574 tunc
3186 4517 3487 4574 Romanum
3530 4513 3767 4570 auxisset
3793 4509 3965 4583 impe-

1142 4610 1283 4667 rium
1311 4625 1508 4667 novum
1535 4612 1832 4685 principem
1858 4616 2107 4685 creando,
2137 4632 2404 4674 consensu
2440 4617 2678 4674 omnium
2712 4615 3014 4691 principum
3042 4612 3346 4671 accedente.
3370 4611 3493 4668 Fuit
3521 4617 3700 4668 autem
3727 4609 3843 4666 dies
3880 4606 3968 4663 illa

1140 4705 1321 4780 vigilia
1343 4705 1605 4764 Timothei
1627 4708 1714 4780 (2⁴
1747 4710 2007 4783 augusti).
2036 4731 2064 4764 ι
2089 4712 2341 4770 Gonsra.
2367 4713 2578 4771 Coton.
2607 4728 2695 4787 ap.
2722 4713 3030 4785 Βοεωωι,
3053 4711 3268 4782 Fumat,
3298 4714 3340 4766 t.
3366 4707 3444 4780 11,
3472 4724 3529 4782 p-
3556 4708 3680 4764 367-
