4500 5956
793 585 991 652 lmcr.
1016 586 1131 664 9.]-·
1696 581 2088 647 HISTORIA
2138 580 2725 649 DtPnouATch.
3500 587 3623 651 789

788 742 1022 794 comes
1057 720 1399 812 Saxonie,
1449 717 1840 793 Bernardus
1886 718 2040 792 dux
2085 718 2471 810 Carinthie,
2516 719 2673 792 Otto
2723 718 2876 791 dux
2923 719 3214 794 Bavarie
3264 722 3613 817 palatinus

795 864 1026 918 comes
1073 841 1338 934 Rheni,
1382 841 1709 915 Albertus
1760 840 1914 915 dux
1964 842 2270 915 Saxonie
2289 896 2309 934 ,
2364 843 2798 916 Hermannus
2849 843 3153 916 marchio
3200 844 3288 918 de
3333 846 3568 921 Baden
3589 899 3612 937 ,

798 966 1175 1042 Gottfridus
1214 976 1283 1040 et
1317 965 1673 1039 Conradus
1710 963 1803 1039 de
1845 965 2246 1039 Hohenloch
2287 966 2571 1040 comites
2600 967 3031 1059 Romaniole,
3079 966 3487 1042 Gebhardus
3530 967 3621 1044 de

799 1089 1163 1164 Arnestein
1198 1090 1332 1185 (a),
1366 1099 1439 1163 et
1472 1090 1589 1161 alii
1624 1089 2097 1185 quamplures,

893 1214 1185 1308 Signum
1218 1211 1480 1286 domini
1519 1212 1848 1288 Friderici
1881 1214 1982 1303 11,
2018 1213 2145 1286 Dei
2179 1214 2400 1307 gratia
2441 1213 2871 1286 invictissimi
2905 1213 3367 1287 Romanorum
3406 1216 3623 1311 impe-

801 1338 1041 1411 ratoris
1068 1357 1344 1432 semper
1376 1337 1653 1431 augusti
1670 1388 1691 1426 ,
1722 1338 2100 1411 Jerusalem
2126 1345 2195 1409 et
2221 1336 2453 1408 Sicilie
2483 1336 2687 1430 regis.

891 1460 1040 1555 Ego
1088 1459 1387 1533 Sifridus
1441 1459 1958 1556 Ratisponensis
2014 1459 2385 1555 episcopus
2403 1512 2425 1551 ,
2482 1459 2853 1555 imperialis
2913 1459 3073 1533 aule
3128 1460 3572 1534 cancellarius
3591 1515 3614 1551 ,

804 1583 953 1656 vice
1004 1582 1268 1656 domini
1311 1583 1861 1678 moguntinensis
1892 1583 2397 1679 archiepiscopi
2445 1583 2805 1656 Germanic
2862 1583 3480 1676 archicancellarii,
3511 1605 3622 1657 re·

804 1708 1120 1801 cognovi.

893 1829 1066 1903 Acta
1104 1838 1270 1903 sunt
1312 1829 1442 1903 hec
1486 1850 1671 1903 anno
1713 1827 2059 1903 dominice
2112 1829 2602 1903 incarnationis
2633 1831 2728 1903 Μ.
2764 1830 2889 1903 CC.
2916 1832 3195 1923 XXXV,
3229 1853 3469 1904 mense
3508 1851 3623 1904 oc·

806 1952 1044 2045 tobris,
1093 1975 1276 2026 none
1325 1952 1721 2027 indictionis
1744 2007 1766 2042 ,
1803 1953 2183 2047 imperante
2228 1951 2512 2026 domino
2555 1962 2783 2026 nostro
2826 1953 3208 2045 Friderico,
3241 1955 3364 2027 Dei
3403 1954 3621 2049 gratia

807 2075 1249 2150 invictissimo
1309 2077 1774 2150 Romanorum
1826 2077 2234 2171 imperatore
2285 2097 2556 2172 semper
2600 2085 2930 2170 augusto,
2967 2077 3340 2150 Jerusalem
3390 2088 3457 2151 et
3506 2078 3625 2150 Si-

807 2200 953 2273 cilie
976 2221 1169 2293 rege,
1208 2222 1391 2273 anno
1429 2200 1699 2296 imperii
1747 2203 1901 2293 ejus
1934 2200 2115 2291 XVI,
2154 2200 2350 2293 regni
2394 2201 2769 2273 Jerusalem
2808 2200 2911 2292 X,
2958 2200 3156 2291 regni
3192 2222 3357 2274 vero
3392 2200 3624 2272 Sicilie

807 2323 1081 2394 XXXVI
1106 2322 1229 2419 (b),
1266 2322 1578 2395 feliciter.
1602 2322 1857 2397 Amen.

892 2446 1140 2519 Datum
1173 2446 1364 2542 apud
1392 2445 1810 2542 Augustam,
1851 2469 2059 2541 ann0,
2100 2469 2339 2521 mense
2369 2455 2438 2520 et
2468 2448 2842 2521 indictione
2871 2448 3306 2543 pretitulatis.

898 3013 1357 3122 FridericuS,
1398 3014 1922 3100 Romanorum
1975 3017 2418 3126 imperator,
2457 3015 3078 3101 ministerialibus
3109 3016 3310 3099 infra
3362 3021 3619 3103 comi-
3715 3109 3748 3152 Δ
3787 3055 3916 3111 apua

804 3155 1041 3229 tatum
1075 3145 1524 3229 Stadensem
1568 3147 1997 3230 constitutis
2034 3158 2105 3230 et
2160 3149 2262 3230 ad
2296 3147 2725 3231 dominium
2777 3148 2873 3230 de
2927 3147 3373 3235 Brunswick
3425 3151 3617 3234 atti-
3711 3115 3992 3206 ³ffi'·

800 3278 1150 3362 uentibus
1194 3279 1512 3361 mandat
1567 3288 1653 3363 ut
1705 3280 1884 3363 duci
1944 3280 2205 3366 Ottoni
2260 3281 2357 3363 de
2409 3280 2823 3391 Luneburg
2876 3290 3246 3392 tanquam
3307 3284 3621 3369 domino

798 3437 932 3496 suo
966 3409 1356 3519 obediant,
1395 3411 1541 3521 ipsi
1576 3412 1961 3499 fidelitatis
2000 3414 2523 3525 juramentum
2559 3414 3027 3499 exhibentes.

955 3627 1145 3706 (Edit.
1174 3645 1268 3707 ap.
1296 3629 1677 3691 annn
1695 3672 1714 3705 ,
1742 3625 2123 3688 Braunschw.
2166 3625 2425 3700 chronilc,
2452 3645 2514 3706 p.
2545 3635 2687 3688 476.
2713 3660 2795 3671 -
2814 3626 3076 3700 Senum,
3126 3628 3351 3713 Oriqin.
3402 3631 3618 3713 θυεμ,

1029 3741 1074 3798 t.
1107 3735 1217 3811 IV,
1247 3753 1311 3814 p.
1344 3744 1585 3797 167.-
1611 3734 1871 3809 Pru-rm,
1905 3732 2055 3796 Uber
2078 3735 2328 3796 Bremen
2351 3731 2481 3794 und
2513 3731 2754 3809 Ver-den,
2785 3739 2833 3794 t.
2862 3734 2972 3809 VT,
3002 3751 3060 3812 p.
3104 3736 3267 3814 116.)

884 3918 1300 4008 Fridericus,
1343 3920 1469 3994 Dei
1508 3921 1742 4015 gracia
1791 3922 2257 3994 Romanorum
2304 3919 2674 4014 imperator
2710 3939 2981 4014 semper
3011 3930 3378 4013 augustuS,
3418 3923 3615 3996 Jeru-

795 4043 1000 4116 salem
1027 4053 1098 4117 et
1132 4045 1361 4118 Sicilie
1391 4066 1546 4137 rex,
1583 4044 1930 4118 universis
1968 4042 2533 4117 ministerialibus
2567 4042 2742 4113 infra
2778 4042 3176 4114 comitatum
3213 4044 3617 4122 Stadensem

795 4162 1180 4236 constitutis
1214 4173 1285 4236 et
1314 4162 1408 4237 ad
1445 4162 1837 4238 dominium
1874 4163 1967 4238 de
2017 4162 2394 4235 Brunesvic
2427 4160 2877 4234 attinentibus
2909 4159 3235 4235 fidelibus
3268 4165 3417 4237 suis
3458 4189 3617 4262 gra·

795 4285 952 4359 tiam
992 4308 1195 4359 suam
1231 4295 1301 4361 et
1334 4308 1541 4362 omne
1582 4288 1876 4361 bonum.
1917 4286 2278 4361 Credimus
2310 4284 2403 4359 ad
2435 4294 2740 4359 vestram
2766 4284 3193 4359 audientiam
3225 4291 3622 4384 pervenisse

794 4410 1083 4503 qualiter
1122 4409 1215 4486 de
1259 4411 1546 4486 consilio
1592 4412 1986 4510 principum
2041 4410 2445 4484 dilectorum
2464 4462 2487 4504 ,
2536 4409 2619 4482 Ο.
2682 4407 2773 4483 de
2827 4410 3240 4487 Luneburcb
3292 4412 3616 4489 dilectum

868 4587 948 4665 (a)
984 4588 1057 4648 In
1083 4587 1234 4650 libro
1261 4590 1385 4651 ord.
1419 4589 1718 4652 Tbeuton.
1752 4589 1963 4668 coplali
1983 4586 2053 4648 de
2076 4587 2494 4662 Hennenstein,
2519 4588 2718 4648 minus
2740 4592 2918 4649 recte.

871 4691 956 4772 (b)
997 4694 1071 4754 In
1096 4695 1247 4757 libro
1271 4696 1485 4774 copiali
1510 4696 1795 4757 tricarimo
1816 4695 2055 4775 septimo
2061 4714 2096 4773 ,·
2120 4701 2277 4756 reete
2303 4701 2503 4755 tamen
2520 4693 2858 4757 XXXVIII.
