4500 5956
1109 665 1228 724 752
2103 665 2536 727 vammum
2585 665 2932 726 snctmm
3570 669 3708 730 An.
3749 671 3918 732 1235.

1207 801 1491 895 Signum
1547 803 1806 875 domini
1873 803 2175 876 Heinrici
2225 803 2405 876 sexti
2474 803 2929 875 Romanorum
2983 801 3409 897 imperatoris
3455 802 3915 877 invictissimi.

1109 924 1684 1023 (Monoqramma.)

1204 1049 1352 1143 Ego
1384 1050 1707 1123 Ditherus
1732 1049 2111 1145 imperialis
2145 1049 2304 1123 aule
2335 1048 2783 1121 cancellarius
2804 1100 2825 1139 ,
2860 1048 3018 1120 vice
3042 1047 3340 1145 Philippi
3374 1048 3796 1122 coloniensis
3822 1072 3927 1123 ar·

1107 1170 1520 1268 chiepiscopi
1559 1184 1630 1247 et
1654 1173 1845 1247 Italic
1872 1172 2500 1262 archicancellarii,
2540 1168 2936 1265 recognovi.

1204 1294 1373 1367 Acta
1401 1305 1565 1368 sunt
1591 1295 1721 1369 hec
1754 1317 1937 1369 anno
1985 1295 2332 1369 dominice
2379 1294 2868 1367 incarnationis
2914 1292 3216 1386 MCXCI,
3275 1294 3654 1368 indictione
3704 1296 3921 1381 vnn,

1108 1429 1438 1510 regnante
1459 1419 1738 1492 domino
1750 1419 2072 1493 Heinrico
2087 1428 2289 1492 sexto
2304 1419 2764 1491 Romanorum
2785 1417 3195 1512 imperatore
3208 1417 3726 1511 gloriosissimo,
3751 1441 3929 1491 anno

1107 1542 1305 1635 regni
1343 1544 1493 1632 ejus
1520 1543 1709 1614 XXII
1732 1596 1752 1630 ‚
1807 1543 2078 1637 imperii
2113 1561 2282 1614 vero
2318 1541 2564 1636 primo.

1206 1667 1455 1735 Datum
1493 1664 1683 1758 apud
1709 1665 2069 1759 Neapolim
2102 1685 2225 1759 per
2261 1685 2547 1737 manum
2588 1663 2886 1736 Heinrici
2923 1663 3403 1758 protonotarii,
3453 1663 3577 1736 XV
3603 1664 3932 1738 kalendas

1105 1789 1298 1879 julii,
1336 1787 1643 1860 feliciter.
1686 1788 1934 1859 Amen.

1209 1911 1349 1982 Nos
1384 1911 1595 2004 igitur
1626 1913 1773 1983 suis
1808 1911 2427 2006 supplicationibus
2464 1910 2835 2005 benignius
2857 1908 3203 2000 inclinati,
3256 1908 3687 1983 attendentes
3727 1910 3928 1985 fidem

1114 2046 1184 2108 et
1227 2034 1664 2107 devotionem
1712 2034 2048 2107 sinceram
2095 2034 2317 2130 ipsius
2369 2034 2642 2107 abbatis
2701 2054 2913 2128 quam
2953 2030 3045 2105 ad
3089 2029 3570 2105 celsitudinem
3633 2043 3930 2106 nostram

1113 2158 1358 2250 habet,
1395 2157 1713 2230 abbatem
1745 2159 2096 2248 eumdem,
2133 2179 2565 2231 successores
2584 2157 2764 2250 ejus,
2796 2155 3251 2229 monachoset
3267 2156 3499 2228 omnia
3516 2156 3700 2229 bona
3723 2156 3937 2251 ipsius

1116 2280 1514 2354 monasterii
1548 2303 1687 2375 que
1723 2281 1909 2372 juste
1951 2281 2259 2376 possidet
2307 2282 2379 2353 in
2427 2282 2727 2377 presenti
2770 2291 2840 2353 et
2889 2282 2960 2350 in
2997 2290 3202 2353 antea
3241 2280 3430 2371 justo
3462 2280 3656 2353 titulo
3695 2281 3940 2375 poterit

1116 2405 1444 2500 adipisci,
1508 2405 1639 2476 sub
1682 2404 1966 2500 speciali
2008 2417 2245 2476 nostra
2290 2414 2360 2476 et
2410 2405 2683 2499 imperii
2739 2403 3160 2499 protectione
3206 2405 3635 2497 recepimus;
3696 2426 3939 2497 supra·

1116 2528 1448 2624 scriptum
1481 2549 1758 2622 quoque
1788 2527 2229 2623 privilegium
2265 2528 2481 2621 patris
2509 2527 2721 2598 nostri
2748 2526 3046 2621 presenti
3083 2526 3446 2621 privilegio
3474 2524 3563 2599 de
3604 2527 3819 2599 verbo
3847 2526 3939 2600 ad

1115 2651 1409 2725 verbum
1453 2651 1661 2723 inseri
1678 2650 2043 2743 jussimuS,
2083 2651 2314 2722 omnia
2353 2670 2494 2741 que
2533 2649 2966 2722 continentur
3012 2651 3084 2720 in
3116 2671 3200 2722 eo
3249 2650 3673 2722 auctoritatis
3713 2659 3940 2723 nostre

1114 2775 1494 2847 munimine
1546 2774 2057 2848 confirmantes.
2109 2774 2490 2845 Statuimus
2541 2773 2754 2866 igitur
2799 2783 2871 2845 et
2917 2772 3254 2867 imperiali
3318 2773 3670 2845 sancimus
3714 2773 3942 2846 edicto

1115 2899 1443 2994 quatinus
1470 2900 1656 2971 nulla
1690 2919 1983 2995 persona
2013 2900 2149 2969 alta
2176 2898 2288 2969 vel
2314 2896 2622 2987 humilis,
2650 2895 3111 2968 ecclesiastice
3136 2895 3250 2968 vel
3272 2897 3640 2987 secularis,
3672 2896 3938 2992 predic·

1119 3035 1264 3096 tum
1288 3024 1806 3114 monasterium,
1846 3023 2192 3111 abbatem,
2227 3041 2660 3093 successores
2687 3021 2867 3112 ejus,
2898 3020 3272 3092 monachos
3292 3030 3361 3092 et
3381 3020 3699 3093 homines
3725 3021 3941 3115 ipsius

1122 3147 1514 3218 monasterii
1549 3156 1784 3218 contra
1819 3145 2156 3240 presentis
2191 3143 2636 3240 protectionis
2668 3152 2739 3216 et
2772 3142 3308 3215 confirmationis
3353 3155 3585 3215 nostre
3635 3153 3937 3216 tenorem

1120 3289 1329 3364 super
1346 3268 1698 3362 aliquibus
1715 3288 1894 3339 ausu
1921 3268 2281 3341 temerario
2305 3268 2666 3339 molestare
2681 3275 3055 3362 presumat.
3078 3264 3283 3350 Quod
3305 3267 3426 3359 qui
3453 3268 3943 3362 presumpserit

1120 3401 1347 3486 preter
1381 3413 1632 3487 penam
1672 3389 2031 3485 privilegio
2072 3389 2475 3485 supradicto
2524 3390 2946 3484 appositam,
3000 3400 3276 3463 centum
3334 3389 3550 3463 libras
3595 3390 3749 3462 auri
3786 3390 3944 3485 puri

1125 3525 1513 3608 componat,
1569 3510 1941 3585 medietate
1989 3511 2157 3585 fisco
2188 3521 2459 3602 nostro,
2508 3513 2776 3606 reliqua
2801 3511 2986 3585 dicto
3017 3513 3426 3585 monasterio
3458 3511 3935 3606 persolvenda.

1121 3638 1231 3712 Ad
1259 3639 1466 3731 hujus
1483 3638 1716 3731 itaque
1743 3634 2281 3708 confirmationis
2313 3645 2543 3707 nostre
2579 3635 2979 3709 memoriam
2997 3646 3066 3708 et
3100 3637 3310 3708 robur
3337 3646 3667 3730 perpetuo
3692 3636 3944 3708 valitu-

1120 3785 1301 3851 rum,
1331 3783 1612 3857 presens
1634 3759 2077 3855 privilegium
2101 3757 2250 3832 fieri
2277 3767 2348 3831 et
2370 3759 2560 3831 bulla
2594 3778 2805 3832 aurea
2829 3758 3099 3855 typario
3136 3767 3364 3832 nostre
3397 3760 3773 3851 majestatis
3798 3758 3943 3830 im-

1124 3908 1357 3982 pressa
1377 3885 1710 3977 jussimus
1740 3882 2173 3955 communiri.

1218 4011 1439 4100 Hujus
1487 4009 1584 4081 rei
1635 4016 1839 4081 testes
1887 4015 2051 4080 sunt
2108 4033 2126 4076 ε
2190 4058 2209 4076 .
2274 4059 2293 4076 .
2353 4060 2369 4077 .
2429 4005 2926 4096 Magantinus,
2984 4058 3003 4075 .
3069 4058 3085 4075 .
3151 4057 3168 4075 .
3225 4004 3696 4095 coloniensis,
3759 4057 3776 4073 .
3839 4056 3858 4074 .
3921 4055 3939 4073 .

1122 4134 1560 4205 Treverensis
1593 4143 1660 4203 et
1715 4186 1733 4203 .
1796 4184 1815 4202 .
1878 4185 1897 4202 .
1952 4128 2457 4203 Bisuntinensis
2487 4128 3020 4223 archiepiscopi,
3083 4180 3100 4199 .
3164 4180 3182 4198 .
3244 4180 3263 4197 .
3319 4127 3901 4219 Babinbergensis
3922 4180 3943 4215 ,

1128 4311 1143 4326 .
1211 4308 1229 4324 .
1293 4308 1311 4325 .
1367 4254 1904 4327 Constantiensis
1930 4305 1952 4344 ,
2025 4307 2044 4325 .
2104 4306 2123 4324 .
2189 4305 2206 4322 .
2264 4251 2816 4345 Hyldesemensis
2846 4304 2868 4341 ,
2950 4304 2970 4323 .
3033 4302 3052 4320 .
3116 4303 3135 4321 .
3190 4250 3588 4322 Leodiensis
3635 4259 3705 4322 et
3758 4303 3776 4320 .
3839 4303 3858 4320 .
3922 4304 3940 4320 .

1127 4378 1630 4449 Cameracensis
1658 4376 1999 4473 episcopi,
2042 4377 2250 4447 frater
2273 4376 2361 4446 H.
2403 4375 2728 4467 magister
2749 4373 3107 4470 hospitalis
3140 4374 3389 4445 Sancte
3420 4374 3636 4445 Marie
3658 4374 3951 4445 Tbeuto-

1126 4499 1435 4571 nieorum
1474 4499 1546 4571 in
1578 4500 2002 4587 Jerusalem,
2063 4551 2080 4569 .
2144 4549 2164 4567 .
2226 4548 2246 4569 .
2305 4496 2456 4570 dux
2497 4497 2820 4571 Bawarie
2849 4496 3192 4593 palatinus
3220 4517 3450 4568 comes
3488 4497 3698 4588 Reni,
3759 4550 3778 4567 .
3841 4550 3860 4567 .
3925 4552 3943 4567 .

1130 4621 1280 4695 dux
1335 4621 1724 4712 Kariathie,
1803 4674 1825 4692 .
1884 4674 1903 4692 .
1965 4673 1986 4692 .
2053 4618 2204 4692 dux
2264 4620 2667 4710 Brabantie,
2747 4673 2766 4690 .
2827 4674 2846 4692 .
2907 4673 2929 4691 .
2986 4618 3139 4693 dux
3203 4620 3678 4713 Lothoringie‚
3760 4673 3778 4691 .
3843 4675 3862 4692 .
3926 4674 3940 4690 .

1128 4743 1556 4836 lantgravius
1582 4742 1958 4837 Thuringie
1983 4743 2329 4840 palatinus
2356 4764 2586 4817 comes
2623 4743 2962 4834 Saxonie,
3009 4796 3027 4812 .
3091 4796 3109 4816 .
3165 4797 3185 4816 .
3224 4742 3527 4815 marchio
3556 4743 3646 4816 de
3665 4742 3945 4833 Baden,
