4500 5956
1012 663 1134 726 932
1406 662 1834 725 ratumne!
1885 663 2235 726 SECUNDI
2286 661 2684 724 HISTORIA
2736 660 3323 727 mPLOttAthA.
3439 666 3603 747 [Anu.
3640 670 3814 733 1236.

1006 798 1166 869 bata
1204 795 1528 869 fiduciam
1562 799 1864 887 gerimus
1895 799 2295 895 pleniorem.
2336 800 2586 871 Deesse
2623 806 2848 870 tamen
2885 797 3307 898 propter[ea]
3351 823 3479 875 vos
3512 805 3711 877 nobis
3746 807 3817 878 in

1010 920 1142 993 hac
1177 930 1370 1015 parte
1400 920 1690 991 libenter
1727 921 2084 1013 eligimus,
2123 920 2596 993 indubitanter
2628 919 3023 992 estimantes
3069 920 3260 1014 quod
3308 922 3484 1017 quid
3518 927 3817 1016 gratiose

1004 1044 1364 1116 vobiscum
1415 1044 1664 1114 vestris
1711 1045 2058 1137 parcendo
2113 1043 2511 1139 corporibus
2554 1043 2830 1137 agimus
2847 1095 2867 1132 ,
2911 1042 2982 1114 in
3025 1043 3289 1116 liberali
3325 1049 3815 1122 sustentatione

1001 1188 1233 1239 rerum
1283 1176 1662 1237 vestrarum
1724 1167 1943 1258 gratie
1997 1175 2227 1240 nostre
2273 1166 2611 1259 premium
2677 1164 2980 1238 hilariter
3041 1168 3442 1260 repensetis.
3498 1171 3811 1264 Denique

999 1313 1159 1362 cum
1205 1288 1335 1361 hac
1377 1289 1530 1361 vice
1571 1290 2001 1383 congregatis
2046 1289 2360 1382 undique
2402 1288 2707 1376 viribuS,
2760 1310 2920 1360 cum
2968 1298 3154 1362 tanto
3195 1291 3504 1365 exercitu
3546 1295 3807 1367 Italiam

993 1411 1263 1506 ingredi
1303 1411 1753 1506 disponamus
1787 1411 1843 1504 (l
1861 1412 1914 1505 ),
1955 1423 2033 1484 ut
2066 1411 2425 1484 humiliata
2468 1411 2676 1482 simul
2711 1419 2781 1482 et
2806 1412 3020 1483 semel
3051 1414 3394 1505 protervia
3424 1426 3806 1489 nostrorum

991 1535 1353 1609 rebellium
1373 1586 1393 1625 ,
1433 1535 1735 1628 quietem
1766 1535 1964 1606 nobis
1994 1543 2063 1607 et
2097 1534 2296 1607 vobis
2329 1556 2412 1606 ac
2434 1533 2721 1628 posteris
2751 1532 2960 1605 etiam
2993 1556 3474 1629 preparemus,
3507 1560 3805 1633 cumque

993 1670 1130 1731 tam
1161 1679 1489 1750 magnum
1529 1658 1890 1749 negocium
1925 1658 2075 1729 sine
2113 1657 2386 1750 magnis
2413 1656 2740 1750 expensis
2777 1669 3076 1749 nequeat
3108 1658 3466 1753 expediri,
3504 1663 3802 1735 univer-

987 1783 1255 1855 sitatem
1283 1790 1582 1853 vestram
1613 1790 1844 1855 tenore
1890 1782 2313 1878 presentium
2350 1780 2822 1871 exhortamur,
2859 1778 3145 1855 firmiter
3169 1783 3604 1876 injungentes
3637 1809 3802 1881 qua·

989 1916 1190 1978 tenus
1221 1903 1316 1976 ad
1352 1903 1897 1977 mansuetudinis
1926 1916 2157 1978 nostre
2181 1902 2511 1998 gratiam,
2543 1924 2755 1997 quam
2795 1904 2867 1974 in
2901 1905 3536 1979 subministratione
3568 1929 3796 1981 rerum

985 2050 1110 2124 pro
1138 2048 1589 2123 personarum
1625 2027 2006 2121 dispendiis
2043 2027 2533 2124 permittimus,
2571 2047 2698 2099 neo
2722 2048 2864 2099 non
2900 2025 2993 2100 ad
3028 2029 3576 2122 magnitudinem
3613 2041 3798 2106 tante

985 2153 1120 2243 rei,
1159 2152 1231 2222 in
1259 2172 1398 2245 qua
1429 2151 1568 2222 fere
1601 2161 1782 2223 totus
1815 2151 2068 2223 amoris
2096 2151 2309 2223 nostri
2338 2151 2657 2222 cumulus
2687 2160 3132 2244 aggregatur,
3177 2151 3501 2226 habendo
3525 2176 3796 2250 respec-

990 2285 1174 2365 tum,
1216 2273 1306 2347 ad
1361 2273 1877 2367 requisitionem
1933 2285 2003 2345 et
2048 2273 2551 2346 ordinationem
2605 2273 3007 2346 dilectorum
3054 2274 3359 2348 fidelium
3411 2287 3795 2351 nostrorum

986 2453 1005 2472 .
1054 2452 1073 2471 .
1120 2452 1139 2471 .
1177 2409 1247 2471 et
1286 2451 1304 2469 .
1355 2450 1373 2469 .
1420 2452 1436 2468 .
1475 2396 1544 2466 in
1578 2397 2038 2470 subventione
2071 2399 2363 2491 pecunie
2389 2398 2490 2469 sic
2521 2396 2894 2469 honorifice
2920 2407 3128 2491 atque
3160 2399 3525 2493 magnifice
3552 2404 3796 2498 provi-

976 2522 1144 2596 dere
1181 2522 1468 2609 curetis,
1499 2529 1579 2591 ut
1593 2529 1978 2593 vestrorum
2017 2520 2577 2615 predecessorum
2616 2520 2928 2613 vestigiis
2959 2521 3374 2614 inherentes,
3406 2525 3526 2618 qui
3567 2546 3691 2597 nos
3721 2537 3794 2598 et

971 2646 1493 2743 predecessores
1526 2654 1792 2716 nostros
1820 2644 2186 2717 tenerrime
2214 2643 2637 2729 dilexerunt,
2675 2641 3042 2715 laudabilis
3066 2647 3294 2739 operis
3320 2648 3791 2741 experimento

972 2767 1388 2865 probemini,
1430 2788 1696 2860 nosque
1724 2767 2203 2862 perspicaciter
2236 2767 2601 2841 videamus
2639 2787 2765 2839 vos
2795 2767 3133 2841 bonorum
3161 2778 3550 2842 nostrorum
3588 2771 3791 2844 solli-

971 2894 1139 2964 citos
1169 2900 1239 2963 et
1276 2899 1571 2963 attentos
1602 2911 1755 2961 esse
1799 2902 2176 2982 amatores;
2219 2901 2290 2963 et
2325 2901 2404 2963 ut
2453 2890 2653 2962 nobis
2698 2887 3106 2962 absentibus
3141 2891 3524 2965 affectionis
3563 2902 3787 2968 vestre

969 3016 1113 3086 zelo
1180 3015 1536 3087 valeamus
1611 3013 1951 3086 ascribere
2019 3014 2355 3108 quicquid
2416 3014 2620 3088 nobis
2703 3015 3137 3110 presentibus
3201 3025 3432 3089 nostre
3497 3038 3786 3112 persone

970 3136 1352 3209 reverentie
1399 3136 1841 3209 conferretur.

1039 3432 1111 3506 (t)
1146 3431 1228 3487 Ex
1251 3429 1354 3488 hoc
1386 3431 1503 3489 10oe
1530 3430 1597 3489 de
1621 3432 1856 3489 secunda
1884 3432 1940 3488 in
1980 3431 2348 3489 Lombardiam
2381 3413 2720 3505 expeditione
2760 3449 2903 3491 nuuc
2934 3435 3018 3508 agi
3058 3435 3402 3505 arbitramur,
3440 3441 3496 3493 et
3525 3437 3780 3510 scriptam

969 3529 1136 3588 fuisse
1157 3528 1437 3602 epistolam
1459 3544 1627 3602 quum
1663 3529 1950 3602 imperator
1981 3528 2218 3585 fueritin
2252 3528 2565 3587 Alamannia
2596 3546 2864 3589 reversus.
2901 3532 3032 3588 Rem
3065 3547 3192 3589 vero
3228 3532 3298 3589 ad
3336 3532 3583 3590 effectum
3622 3532 3780 3607 paulo

966 3630 1091 3699 post
1118 3625 1330 3682 ductam
1353 3625 1730 3699 comperimus,
1762 3631 1900 3684 teste
1928 3625 2183 3683 Riccardo
2205 3626 2275 3684 de
2309 3625 2364 3683 S.
2388 3626 2684 3696 Germano,
2727 3645 2893 3702 quum
2924 3629 3103 3686 dicat:
3134 3649 3162 3683 κ
3188 3625 3390 3687 Eodem
3422 3645 3608 3689 mense
3633 3629 3772 3703 (scil.

966 3722 1159 3780 martio
1183 3723 1360 3796 ⁴237),
1392 3723 1709 3797 imperatore
1735 3723 2043 3795 mandante,
2073 3724 2337 3798 generalis
2363 3724 2581 3782 collecta
2608 3741 2706 3799 per
2730 3732 2902 3784 totum
2929 3741 3154 3800 regnum
3178 3727 3423 3801 exigitur.
3448 3746 3477 3780 ι

1902 4201 2096 4251 runs
2154 4199 2421 4250 Putris
2480 4197 2828 4258 QUINTAB.
