4500 5956
622 604 814 663 Ικυιατ.
846 600 942 679 8.]
1527 599 1928 662 HISTORIA
1977 594 2564 657 mmor-farma,
3337 598 3456 659 725

731 1193 1147 1300 HenricuS,
1216 1192 1737 1275 Romanorum
1810 1217 1942 1273 rex
1966 1251 1991 1296 ,
2067 1190 2358 1272 civibus
2431 1191 2509 1271 in
2580 1190 3084 1275 Frankenfort
3143 1206 3450 1303 propter
3510 1249 3596 1292 ᾗ,
3618 1196 3740 1249 *¹²⁰⁶

631 1324 1182 1433 reparationem
1211 1324 1466 1433 pontis
1490 1348 1757 1405 eorum
1785 1323 1918 1432 qui
1944 1348 2038 1405 ex
2064 1322 2560 1404 inundatione
2583 1348 2961 1432 aquarum
2998 1325 3075 1405 in
3114 1326 3449 1409 maxima

631 1466 838 1562 parte
894 1466 1319 1564 corruerat,
1363 1457 1840 1538 medietatem
1893 1465 2399 1563 proventuum
2443 1467 2789 1537 monetae
2832 1481 3015 1538 suae
3062 1457 3144 1538 in
3187 1458 3446 1541 Fran—

634 1587 926 1671 kenfort
962 1596 1039 1669 et
1074 1590 1169 1670 de
1207 1586 1438 1698 sylvis
1476 1588 1634 1669 suis
1669 1586 1884 1696 ligna
1919 1587 2341 1669 necessaria
2384 1587 2752 1667 concedit.

797 1829 990 1908 (Edit.
1021 1847 1120 1908 ap.
1149 1831 1375 1902 Lumo,
1395 1827 1814 1906 Reichsarcltiv,
1842 1836 1886 1891 t.
1917 1830 2084 1902 XIII,
2114 1846 2175 1907 p.
2212 1837 2354 1890 558.
2377 1860 2446 1873 -
2475 1825 2746 1910 Privileq.
2778 1836 2836 1890 et
2855 1830 3040 1892 Pacta
3064 1849 3176 1892 von
3199 1830 3446 1893 Frank-

848 1934 1013 2015 furt,
1046 1953 1107 2014 p.
1142 1945 1201 1997 9.
1228 1969 1311 2011 ·-.·
1336 1937 1656 2009 Boanum,
1691 1933 1885 1997 Codex
1903 1933 2380 2013 Moenqfiuncofi,
2410 1941 2459 1996 t.
2491 1936 2542 2011 1,
2572 1954 2633 2011 p.
2665 1934 2794 2014 61.)

722 2150 798 2219 In
833 2149 1112 2222 nomine
1140 2149 1438 2221 Domini.
1482 2148 1728 2221 Amen.
1772 2148 2107 2221 Henricus
2143 2148 2478 2241 septimus
2500 2200 2521 2238 ‚
2567 2148 2690 2220 Dei
2730 2150 2949 2241 gratia
2982 2151 3440 2225 Romanorum

631 2294 751 2343 rex
800 2293 1070 2366 semper
1121 2282 1498 2366 augustae,
1553 2272 1878 2344 fidelibus
1929 2271 2075 2343 suis
2119 2271 2461 2343 universis
2512 2271 2784 2343 civibus
2841 2274 2912 2342 in
2959 2274 3449 2348 Franckenl'urt

633 2417 752 2488 pro
786 2406 1097 2490 tempore
1129 2397 1516 2468 constitutis
1553 2397 1842 2488 gratiam
1878 2417 2073 2467 suam
2107 2406 2177 2467 et
2216 2417 2421 2467 omne
2466 2395 2752 2467 bonum.
2807 2396 2997 2467 Sicut
3051 2420 3173 2492 pre
3203 2400 3443 2471 ceteris

630 2519 1024 2590 civitatibus
1055 2529 1122 2590 et
1158 2518 1558 2591 hominibus
1592 2519 1839 2591 nostris
1870 2519 2117 2591 civitas
2137 2529 2366 2590 vestra
2393 2519 2591 2590 nobis
2614 2518 2944 2591 hactenus
2972 2521 3444 2613 obsequiosior

631 2663 710 2713 ac
736 2640 1052 2714 devotior
1075 2642 1384 2715 extitisse
1415 2642 1958 2725 demonstratur,
2002 2642 2105 2714 sic
2134 2651 2203 2713 et
2233 2642 2453 2732 gratia
2488 2650 2719 2714 nostra
2756 2642 2963 2714 debet
2996 2665 3120 2715 vos
3146 2644 3446 2738 amplio-

630 2765 821 2837 ribus
850 2764 1208 2837 heneficiis
1239 2766 1580 2839 honorare
1607 2776 1686 2836 ut
1720 2787 1842 2860 per
1873 2765 2006 2837 hoc
2047 2764 2305 2840 favoris
2334 2766 2546 2836 nostri
2584 2765 3079 2858 plenitudinem
3114 2767 3443 2861 experia-

630 2888 795 2959 mini
833 2909 958 2984 per
990 2889 1339 2961 effectum.
1377 2890 1545 2961 Cum
1585 2889 1796 2983 igitur
1844 2911 1938 2961 ex
1997 2888 2352 2984 repentina
2399 2888 2846 2960 inundatione
2887 2911 3222 2982 aquarum
3269 2912 3443 2986 pons

627 3024 851 3086 vester
880 3014 1297 3107 aliquotiens
1325 3015 1716 3087 destruatur
1750 3015 1821 3085 in
1851 3024 2046 3110 parte
2078 3023 2146 3086 et
2177 3015 2454 3087 tandem
2489 3016 2662 3086 forte
2694 3023 3065 3104 corruerat,
3097 3014 3277 3086 sicut
3298 3017 3445 3107 J'am

629 3138 1076 3233 perpenditur
1126 3139 1486 3212 manifeste
1530 3161 1624 3212 ex
1677 3159 1761 3212 eo
1807 3138 1997 3232 quod
2041 3138 2340 3231 quedam
2379 3137 2538 3232 pyle
2582 3137 2809 3209 medie
2847 3146 3009 3209 sunt
3058 3137 3441 3226 destructe3

630 3259 805 3332 hanc
842 3260 1041 3333 vobis
1076 3261 1368 3353 gratiam
1404 3261 1659 3333 intuitu
1697 3260 1971 3356 pietatis
2006 3280 2088 3331 ac
2111 3269 2339 3331 vestre
2368 3259 2753 3331 devotionis
2777 3268 3089 3352 respectu
3117 3260 3450 3332 duximus

630 3383 1017 3457 faciendam
1046 3395 1114 3456 et
1145 3406 1227 3457 ea
1265 3385 1336 3455 in
1387 3393 1798 3480 perpetuum
1852 3384 2178 3456 volumus
2213 3405 2341 3455 vos
2381 3383 2723 3477 gaudere,
2761 3383 3020 3456 scilicet
3065 3394 3142 3456 ut
3173 3385 3451 3458 medie-

629 3517 834 3580 tatem
866 3518 1332 3602 proventuum
1363 3518 1637 3582 monete
1669 3517 1901 3580 nostre
1930 3507 2002 3578 in
2035 3505 2532 3579 Franckenl'urt
2570 3506 2660 3578 ad
2699 3507 3195 3602 reparationem
3235 3509 3452 3601 ipsius

628 3629 854 3723 pontis
899 3631 1100 3701 annis
1139 3630 1433 3723 singulis
1467 3629 1780 3703 habeatis
1816 3639 2148 3724 perpetuo
2198 3639 2270 3701 et
2318 3628 2410 3701 de
2449 3630 2668 3724 sylvis
2699 3628 2949 3701 nostris
2977 3629 3452 3722 adjacentibus

629 3751 848 3845 ligna,
891 3752 1123 3845 siqua
1158 3754 1270 3825 vel
1302 3762 1560 3847 quanta
1591 3752 1684 3826 ad
1733 3753 1807 3825 id
1852 3751 2234 3824 necessaria
2280 3762 2486 3824 erunt
2520 3751 2746 3823 vobis.
2789 3751 3093 3845 Ideoque
3126 3754 3450 3825 volumus

628 3883 694 3945 et
751 3874 1169 3947 mandamus
1218 3875 1422 3947 vobis
1473 3874 1779 3946 districte
1819 3885 1895 3946 ut
1938 3875 2027 3949 de
2088 3874 2196 3945 his
2247 3875 2700 3969 proventibus
2755 3873 3082 3967 reparetis
3128 3875 3452 3946 continue

632 4007 909 4090 pontem
946 3999 1204 4094 ipsum.
1248 3998 1336 4071 Ut
1383 4006 1615 4072 autem
1668 4020 1878 4093 super
1924 3999 2053 4071 hac
2095 3998 2316 4090 gratia
2362 3997 2562 4067 vobis
2600 3998 2776 4068 facta
2807 4005 3209 4090 perpetuam
3246 3997 3452 4069 certi-

634 4321 685 4377 p.
732 4307 835 4363 ⁴08
877 4323 894 4360 ε
932 4325 960 4362 ι
1003 4305 1161 4364 Anno
1193 4305 1543 4366 mcxxxv
1580 4304 1881 4379 intelligens
1916 4321 2013 4362 rex
2052 4311 2261 4379 patrem
2295 4304 2649 4362 adventurum
2667 4347 2681 4373 ,
2714 4303 2908 4361 timens
2944 4317 3101 4372 eum,
3140 4305 3316 4379 coepit
3349 4305 3456 4363 sibi

634 4402 897 4460 asciscere
922 4402 1189 4461 amicitias
1211 4403 1515 4477 principum
1542 4409 1602 4461 et
1624 4403 1890 4462 baronum
1917 4408 1975 4460 et
2001 4402 2278 4460 civitatum
2305 4418 2545 4459 suarum.
2583 4401 2739 4461 Unde
2773 4401 3033 4475 incipiens
3065 4416 3097 4458 a
3119 4402 3353 4472 Basilea,
3384 4404 3455 4459 ab

634 4498 879 4556 omnibus
910 4499 1223 4558 civitatibus
1247 4499 1364 4557 suis
1391 4500 1446 4556 in
1474 4500 1680 4558 Alsatia
1704 4500 1915 4574 accepit
1934 4499 2152 4557 obsides
2177 4515 2247 4556 ne
2273 4500 2346 4557 ab
2386 4515 2452 4557 eo
2493 4500 2778 4557 resilirent.
2814 4499 3090 4573 Disposuit
3127 4501 3290 4556 etiam
3332 4516 3457 4557 cum

632 4595 731 4654 illis
757 4598 828 4656 de
862 4599 1025 4656 Nifen
1056 4605 1113 4657 et
1148 4614 1274 4658 cum
1321 4599 1443 4658 aliis
1482 4599 1805 4673 quibusdam
1841 4599 1985 4673 quod
2020 4598 2161 4655 bello
2206 4597 2550 4672 impetierunt
2588 4599 2954 4658 marchionem
2982 4599 3069 4671 [de
3108 4597 3329 4656 Badenl.
3355 4598 3458 4668 Qui

636 4701 811 4753 certus
829 4696 899 4753 de
918 4695 1154 4755 adventu
1176 4697 1541 4773 imperatoris,
1567 4697 1788 4756 viriliter
1809 4712 1870 4754 se
1892 4695 2148 4754 defendit.
2172 4714 2200 4749 ι

3599 1249 3815 1292 nkenvord
3823 1281 3833 1300 ,

3575 1304 3628 1345 10
3651 1306 3773 1348 nait.
