4500 5956
712 672 909 731 Innuet.
945 670 1038 744 8.]
1616 663 2005 724 HISTORIA
2054 658 2637 722 mPLOMA‘rtcA.
3411 650 3532 710 749

715 819 779 879 et
812 806 1122 899 legaliter
1157 825 1232 875 se
1263 801 1544 875 habebit
1572 800 1646 871 in
1681 799 1941 890 officio,
1985 800 2155 870 nibil
2184 800 2564 893 scripturus
2594 804 2663 868 et
2698 795 3002 866 facturus
3046 798 3281 862 contra
3308 789 3430 880 jus
3462 795 3533 859 et

715 930 1025 1004 debitum
1055 925 1438 1000 secundum
1474 923 1959 997 conscientiam
1986 923 2169 996 bone
2195 920 2390 1005 fidei,
2410 918 2600 993 omni
2634 918 2794 991 dolo
2826 925 2895 988 et
2929 911 3174 986 fraude
3191 919 3522 984 cessante.

804 1051 917 1125 Ad
960 1049 1355 1145 generalem
1385 1055 1639 1119 statum
1687 1054 1758 1118 et
1811 1044 2372 1140 tranquillitatem
2418 1041 2692 1137 imperii
2749 1037 2933 1112 edite
2981 1046 3052 1109 et
3103 1032 3530 1131 promulgate

714 1182 871 1247 sunt
903 1175 1038 1247 hee
1081 1170 1603 1246 constitutiones
1643 1167 1736 1243 de
1767 1169 2053 1243 consilio
2092 1178 2163 1241 et
2194 1187 2480 1240 assensu
2508 1163 2897 1260 principum
2931 1169 3069 1232 tam
3110 1156 3534 1232 ecclesiasti-

713 1320 945 1371 corum
978 1319 1191 1391 quam
1215 1294 1628 1368 secularium
1658 1314 1926 1367 necnon
1964 1292 2417 1388 plurimorum
2448 1287 2783 1362 nobilium
2798 1294 2868 1358 et
2896 1284 3184 1355 aliorum
3223 1280 3530 1354 fidelium

714 1421 1013 1516 imperii,
1072 1419 1145 1489 in
1188 1416 1552 1511 sollempni
1582 1416 1775 1487 curia
1807 1415 2152 1488 celebrata
2174 1413 2575 1506 maguncie,
2627 1429 2811 1482 anno
2854 1405 3341 1479 incarnationis
3373 1404 3530 1476 Do-

714 1542 881 1615 mini
904 1539 1371 1630 MCCXXXV,
1409 1558 1647 1611 mense
1680 1537 1992 1631 angusti,
2035 1533 2414 1609 indictione
2440 1534 2625 1620 VIII,
2661 1532 3040 1627 imperante
3074 1528 3352 1602 domino
3382 1527 3530 1599 Fri-

717 1665 945 1739 derico
987 1663 1323 1755 secundo,
1375 1662 1502 1735 Dei
1543 1662 1765 1756 gratia
1811 1660 2262 1733 invictissimo
2305 1660 2769 1731 Romanorum
2819 1655 3224 1751 imperatore
3262 1674 3532 1749 semper

716 1797 1033 1879 angusto,
1064 1786 1441 1859 Jerusalem
1475 1796 1544 1857 et
1568 1784 1797 1857 Sicilie
1824 1803 2013 1875 rege,
2051 1803 2234 1855 anno
2270 1781 2541 1876 imperii
2566 1781 2718 1872 ejus
2738 1779 2899 1868 XV,
2940 1778 3132 1871 regni
3164 1776 3530 1851 Ierusalem

716 1916 808 2004 X,
850 1911 1048 2005 regni
1071 1930 1241 1983 vero
1266 1909 1497 1982 Sicilie
1518 1907 1865 1994 XXXVII,
1908 1905 2216 1979 feliciter.
2256 1907 2498 1977 Amen.

812 2536 1238 2619 Fridericus
1262 2596 1287 2641 ,
1324 2534 1851 2618 Romanorum
1901 2535 2346 2643 imperator,
2385 2535 2484 2617 ad
2544 2561 2805 2643 preces
2858 2536 3176 2619 Walteri
3229 2537 3528 2619 abbatis

716 2666 966 2750 Sancti
1012 2667 1335 2774 Gisleni,
1372 2666 1638 2749 inserit
1677 2678 1752 2750 et
1794 2667 2232 2750 renovando
2277 2666 2680 2749 confirmat
2720 2666 3203 2776 privilegium
3240 2694 3285 2748 a
3311 2679 3526 2776 patre

716 2825 849 2883 suo
892 2799 1216 2883 Henrico
1260 2800 1714 2909 imperatore
1760 2825 1963 2882 anno
2021 2801 2221 2882 1191
2242 2859 2267 2904 ‚
2333 2803 2428 2879 17
2479 2797 2723 2907 junii,
2781 2799 3027 2881 eidem
3062 2804 3524 2886 monasterio

713 2957 1176 3018 concessum.

871 3147 1083 3228 (Edld.
1114 3149 1398 3222 munais,
1436 3144 1660 3209 Annal.
1708 3145 1780 3207 de
1805 3143 1976 3211 tabb.
2010 3145 2081 3207 de
2105 3150 2172 3208 S.
2215 3144 2511 3223 Glu‘slain,
2532 3165 2630 3225 ap.
2675 3148 3133 3223 Rmmsssc,
3162 3151 3529 3214 Monuments

940 3270 1096 3334 pour
1114 3271 1262 3316 serv.
1291 3251 1334 3314 ἁ
1357 3251 1539 3316 l'ltist.
1569 3252 1667 3316 des
1687 3272 1854 3335 prom
1882 3252 1953 3314 de
1972 3254 2261 3330 Haivusut,
2285 3259 2428 3327 etc„
2458 3260 2507 3316 t.
2537 3255 2703 3327 VIII,
2731 3273 2789 3333 p.
2824 3264 2973 3329 4293
3003 3257 3137 3320 coll.
3166 3274 3304 3319 cum
3333 3262 3526 3338 origi-

947 3364 1072 3424 nali
1113 3365 1180 3423 tn
1226 3363 1465 3425 arcvao
1507 3362 1898 3425 Bruxellensi.
1947 3362 2121 3424 Bulla
2144 3363 2351 3424 avulsa
2367 3405 2387 3436 ,
2434 3362 2691 3439 pendent
2724 3367 2959 3424 tantum
2995 3361 3096 3423 fila
3141 3367 3323 3426 serica
3364 3365 3528 3428 rubrl

945 3467 1204 3548 coloris.)

806 3657 884 3727 ln
918 3655 1195 3727 nomine
1210 3664 1450 3727 sancte
1469 3663 1540 3728 et
1561 3651 1930 3726 individue
1950 3653 2325 3726 Trinitatis.
2360 3653 2789 3743 Fredericus,
2822 3654 3063 3728 divina
3089 3658 3363 3730 favente
3389 3658 3528 3731 cle·

712 3779 965 3851 mentia
996 3779 1461 3850 Romanorum
1494 3778 1863 3872 imperator
1897 3798 2170 3873 semper
2196 3789 2560 3872 augustus,
2602 3780 2975 3851 Jerusalem
3001 3786 3071 3851 et
3103 3779 3332 3852 Sicilie
3365 3801 3520 3855 rex.

710 3900 1087 3997 Imperialis
1118 3901 1492 3973 eminentia
1526 3909 1694 3972 tunc
1718 3900 2047 3996 precipue
2068 3901 2180 3974 sui
2213 3897 2512 3973 nominis
2538 3901 2774 3972 titulos
2795 3901 3077 3994 ampliat
3099 3923 3261 3973 cum
3289 3902 3529 3977 divine

710 4025 981 4119 pietatis
1002 4025 1260 4096 intuitu
1298 4046 1420 4119 per
1452 4044 1661 4118 quam
1690 4033 1915 4118 preest
1944 4024 2371 4119 principibus
2400 4025 2588 4096 orbis
2619 4033 2796 4096 terre
2814 4081 2832 4109 ‚
2876 4024 3027 4097 loca
3057 4026 3374 4119 religiosa
3408 4029 3525 4122 pia

711 4149 957 4222 mentis
992 4147 1358 4222 affectione
1380 4158 1614 4222 tuetur
1635 4168 1720 4220 ac
1743 4149 2041 4244 protegit
2069 4158 2138 4221 et
2165 4147 2630 4221 favorabiliter
2655 4168 2894 4219 eorum
2908 4150 3133 4240 justas
3168 4151 3531 4245 petitiones

710 4272 1032 4347 admittit.
1080 4275 1457 4370 Eapropter
1491 4272 1842 4346 universis
1869 4273 2140 4367 imperii
2180 4272 2503 4346 fidelibus
2532 4281 2670 4344 tam
2698 4270 3129 4368 presentibus
3166 4296 3376 4368 quam
3412 4277 3528 4348 fu-

710 4399 882 4471 turis
912 4400 1242 4473 volumus
1276 4418 1432 4471 esse
1472 4404 1713 4469 notum
1745 4394 1939 4492 quod
1970 4397 2380 4470 constitutus
2417 4396 2490 4467 in
2531 4396 2875 4492 presentia
2920 4407 3152 4470 nostra
3185 4397 3530 4472 Walterus

713 4523 1355 4597 venerabilisabbas
1382 4520 1779 4594 monasterii
1807 4520 2041 4593 Sancti
2066 4520 2354 4612 Gisleni,
2388 4519 2614 4593 fidelis
2641 4531 2894 4614 noster,
2925 4521 3282 4617 quoddam
3308 4522 3528 4615 privi-

718 4646 999 4740 legium,
1028 4646 1197 4718 olim
1226 4645 1573 4719 indultum
1604 4643 2018 4717 monasterio
2052 4664 2182 4716 suo
2210 4644 2300 4715 ab
2325 4645 2622 4717 Henrico
2653 4656 2848 4741 patre
2882 4655 3113 4718 nostro
3147 4645 3378 4719 inclite
3407 4668 3531 4718 re·-

718 4769 1128 4844 cordationis
1150 4779 1474 4867 angusto,
1510 4778 1740 4844 nostre
1763 4767 2152 4842 celsitudini
2182 4768 2633 4864 presentavit,
2673 4770 3022 4842 humiliter
3033 4769 3431 4865 supplicans
3455 4780 3533 4843 ut
