4500 5956
1665 681 2277 743 Annl'rAMENTA.
3252 681 3373 743 947

565 823 801 896 datum
864 829 1175 893 nostrum
1225 820 1415 891 nulla
1468 820 1865 914 interposita
1920 817 2322 891 condicione
2388 817 2626 887 venire
2671 813 2799 911 (a).
2858 815 3168 886 Ceterum
3236 838 3373 888 una

566 942 780 1042 [cum]
820 943 1142 1016 omnibus
1172 943 1600 1037 principibus
1640 942 1888 1015 nostris
1928 942 2376 1035 sollempnem
2429 949 2499 1010 et
2551 940 2935 1030 generalem
2989 940 3248 1010 curiam
3299 941 3372 1011 in

567 1070 738 1141 festo
773 1066 1280 1161 Assumptionis
1305 1067 1504 1139 beate
1547 1065 1849 1157 Virginis
1874 1064 2083 1137 Marie
2119 1063 2308 1158 apud
2340 1061 2772 1154 Magunciam
2809 1061 3195 1133 indiximus
3225 1062 3373 1134 cel-

565 1189 1002 1279 lebrandam,
1045 1190 1118 1259 in
1156 1211 1297 1283 qua
1352 1186 1752 1283 disponetur
1800 1186 1890 1259 de
1944 1186 2309 1280 tranquillo
2352 1194 2531 1256 statu
2578 1185 2799 1256 tocius
2848 1184 3119 1277 imperii
3163 1186 3372 1256 nostri

563 1323 623 1386 et
656 1315 966 1386 omnium
994 1323 1380 1385 nostrorum
1414 1311 1749 1402 fidelium,
1782 1321 1851 1382 et
1873 1332 2080 1404 super
2109 1309 2379 1400 injuriis
2408 1317 2477 1379 et
2507 1306 2998 1380 offensionibus
3026 1330 3161 1403 que
3193 1308 3372 1379 hao-

565 1446 762 1508 tenus
806 1436 1096 1530 imperio
1129 1445 1291 1507 sunt
1327 1435 1547 1525 illate,
1590 1455 1768 1528 quas
1806 1432 2211 1505 excellentia
2242 1441 2473 1503 nostra
2503 1441 2568 1503 et
2599 1451 2838 1502 omnes
2872 1431 3140 1526 imperii
3180 1434 3370 1526 prin-

564 1560 749 1655 cipes
798 1560 1234 1631 dissimulare
1288 1558 1579 1630 ulterius
1619 1578 1754 1630 non
1796 1555 2163 1647 debemus,
2213 1556 2385 1649 quin
2425 1554 2517 1626 ad
2573 1554 3126 1648 persequendum
3182 1566 3249 1627 et
3280 1554 3373 1628 ad

472 1742 477 1745 .
566 1681 1046 1755 refrenandum
1081 1684 1199 1774 jus
1244 1681 1515 1775 imperii
1568 1678 1658 1752 de
1701 1689 1932 1751 cetero
1981 1687 2296 1773 potenter
2339 1689 2406 1750 et
2449 1678 2863 1749 unanimiter
2905 1678 3363 1750 intendamus.

569 1806 654 1877 Ut
687 1826 851 1898 ergo
888 1805 1073 1876 zelus
1120 1803 1286 1877 fidei
1317 1811 1543 1875 vestre
1580 1825 1788 1898 super
1814 1802 1951 1876 hoc
2000 1812 2068 1875 et
2105 1802 2489 1896 principum
2545 1801 2955 1875 intentiones
2986 1801 3080 1897 (b)
3123 1824 3375 1874 conve·

569 1928 800 2020 niant,
855 1929 1244 2023 sollenpnes
1292 1928 1582 1998 nuncios
1630 1937 1890 2000 vestros
1933 1925 2026 2021 (c)
2072 1937 2141 1997 et
2198 1935 2577 1998 ceterorum
2628 1935 3017 1998 nostrorum
3068 1925 3376 1999 fidelium

570 2051 640 2122 in
688 2050 932 2124 eadem
981 2051 1174 2124 curia
1209 2049 1468 2146 prefixo
1522 2050 1810 2122 termino
1865 2060 1935 2122 et
1985 2050 2135 2122 loco
2185 2051 2509 2121 volumus
2563 2051 2916 2122 interesse.
2973 2051 3380 2123 Mandantes

569 2176 997 2248 universitati
1038 2184 1265 2248 vestre
1305 2184 1648 2270 quatenus
1692 2174 2016 2247 honestos
2051 2183 2119 2246 et
2162 2173 2491 2268 providos
2543 2174 2820 2245 nuntios
2867 2173 3222 2247 destinetis
3256 2176 3378 2269 qui

568 2300 884 2385 veniant,
931 2299 1238 2370 omnium
1289 2310 1673 2370 vestrorum
1719 2306 1788 2369 et
1849 2297 2139 2369 aliorum
2184 2306 2571 2369 nostrorum
2626 2296 2937 2369 fidelium
3007 2300 3372 2389 comitum,
3443 2372 3454 2391 ,

570 2422 1042 2494 marchionum
1081 2430 1151 2493 et
1199 2422 1648 2494 vassallorum
1689 2420 1823 2494 sub
1872 2419 2182 2493 districtu
2236 2431 2305 2493 et
2353 2421 2671 2493 societate
2719 2431 2946 2493 vestra
2995 2422 3378 2495 viventium

568 2545 688 2636 qui
722 2545 959 2616 venire
1001 2567 1139 2617 non
1180 2545 1514 2640 poterint,
1569 2546 1921 2618 voluntate
1964 2553 2032 2617 et
2068 2543 2437 2618 devotione
2484 2545 2756 2638 plenius
2791 2545 3160 2617 informati.
3199 2548 3382 2631 Quo·

573 2691 721 2738 rum
788 2669 1041 2740 litteras
1090 2677 1402 2762 patentes
1449 2669 1749 2741 habeant
1812 2678 1882 2741 et
1938 2667 2178 2761 sigillis
2239 2667 2699 2762 pendentibus
2749 2667 3146 2740 eorumdem
3198 2670 3387 2762 quod

571 2813 807 2864 omnes
842 2813 973 2864 vos
1010 2800 1282 2886 paratos
1309 2800 1376 2864 et
1404 2802 1760 2887 promptos
1793 2793 1866 2863 in
1893 2793 2201 2888 personis
2235 2803 2304 2863 et
2342 2792 2545 2864 rebus
2580 2792 2673 2865 ad
2706 2791 3033 2865 honorem
3081 2802 3388 2865 nostrum

573 2923 640 2988 et
690 2915 960 3011 imperii
1014 2912 1561 3010 promovendum
1615 2926 1682 2988 et
1734 2914 2069 2989 reddente
2118 2916 2406 3010 grandia
2455 2914 2607 3012 (sic)
2638 2917 2798 3008 jura
2843 2925 3071 2990 nostra
3111 2918 3183 2989 in
3238 2939 3393 3013 par·

570 3038 753 3110 tibus
802 3037 1211 3110 Lombardie
1259 3046 1326 3110 et
1384 3038 1475 3111 ad
1540 3039 2111 3115 confundendum
2163 3042 2319 3112 totis
2363 3040 2630 3112 viribus
2673 3063 2911 3114 omnes
2961 3053 3027 3114 et
3080 3044 3392 3136 singulos

569 3162 874 3256 ipsarum
920 3162 1221 3257 partium
1266 3164 1389 3257 qui
1430 3162 1635 3235 nobis
1692 3172 1760 3234 et
1808 3163 2098 3258 imperio
2149 3163 2636 3254 adversantur3
2688 3165 2779 3237 ita
2826 3167 3015 3259 quod
3063 3169 3134 3238 in
3182 3189 3391 3262 gene-

570 3286 695 3357 rali
734 3286 926 3357 curia
965 3296 1348 3380 proponant
1391 3294 1458 3357 et
1496 3286 1802 3358 animent
1843 3287 2189 3382 principes
2226 3296 2294 3359 et
2323 3296 2535 3359 totam
2580 3290 2845 3361 curiam
2890 3301 2957 3361 et
2997 3300 3229 3365 contra
3267 3292 3388 3363 in-

574 3407 810 3481 fideles
847 3410 1113 3503 imperii
1161 3420 1230 3482 et
1262 3411 1350 3483 ad
1384 3410 1960 3505 promunitionem
1999 3410 2467 3483 omnimodam
2519 3422 2737 3485 status
2783 3415 2994 3486 nostri
3034 3425 3103 3487 et
3151 3417 3383 3489 vestri.

578 3533 762 3604 Licet
794 3534 997 3604 etiam
1023 3532 1117 3605 ad
1154 3532 1286 3605 hoo
1325 3534 1646 3607 voluntas
1676 3534 1987 3606 omnium
2027 3535 2115 3607 sit
2168 3534 2459 3627 firmata,
2498 3536 2677 3608 sicut
2725 3539 2985 3632 patebit
3030 3540 3103 3610 in
3145 3540 3389 3613 eadem

579 3656 768 3727 curia
806 3678 927 3751 per
958 3657 1305 3751 effectum,
1344 3659 1636 3730 multum
1670 3659 1797 3732 erit
1848 3659 2034 3731 utilis
2067 3668 2134 3731 et
2170 3669 2449 3754 accepta
2480 3670 2858 3734 vestrorum
2905 3661 3004 3758 (d)
3048 3665 3387 3757 presentia

576 3782 1007 3853 nunciorum.

670 3906 956 3991 Datum,
994 3914 1124 3978 etc.

659 4132 743 4211 (a)
786 4134 856 4193 In
884 4134 1083 4195 codice
1109 4137 1348 4195 veniret.

658 4236 737 4311 (b)
784 4240 854 4299 In
879 4240 1078 4301 codiee
1103 4242 1497 4302 intentionem.

661 4342 739 4422 (c)
791 4346 860 4406 In
885 4346 1087 4407 codice
1115 4354 1356 4409 nostros.

663 4445 746 4525 (d)
792 4451 860 4509 In
884 4450 1082 4512 codice
1106 4460 1447 4538 nostrorum.
