4500 5956
626 673 822 732 nmo.
855 668 945 746 5]
1525 660 1917 724 msroiuA
1965 659 2550 722 nirLoMA‘ricA.
3325 663 3439 724 εει

722 804 1014 897 Signum
1052 798 1312 873 domini
1341 798 1641 872 Heinrici
1673 798 2134 871 Romanorum
2162 796 2345 889 regis
2375 794 2831 868 invictissimi.
2867 793 3445 893 (Monoqramma.)

723 929 976 999 Datum
1012 921 1202 1019 apud
1236 922 1678 995 Francenfort
1726 921 1799 992 in
1838 920 2175 1015 solempni
2220 919 2413 992 curia
2451 928 2717 1013 nostra,
2764 941 2975 1011 anno,
3021 943 3281 1014 mense,
3337 921 3444 993 in·

630 1050 933 1125 dictione
966 1046 1366 1143 prenotatis.

736 1609 1105 1692 Henricus
1128 1670 1153 1716 ‚
1209 1607 1727 1691 Romanorum
1790 1632 1922 1688 rex
1946 1668 1969 1713 ,
2026 1605 2718 1691 Wormatiensibus
2777 1607 3068 1690 civibus
3132 1609 3449 1691 mandat

642 1766 717 1823 se
767 1765 1035 1824 eorum
1086 1739 1402 1822 consilia
1436 1748 1513 1822 et
1553 1737 2205 1821 confraternitates
2244 1738 2327 1818 in
2371 1749 2760 1847 posterum
2799 1739 3133 1849 auferre,
3176 1742 3276 1825 ad
3318 1768 3447 1826 eos

640 1872 941 1954 mittens
977 1870 1628 1979 archiepiscopum
1662 1869 2353 1979 Moguntinensem,
2385 1869 2480 1952 H.
2516 1869 3033 1953 marchionem
3069 1873 3164 1955 de
3188 1873 3447 1958 Baden

642 2015 709 2088 et
745 2004 1147 2089 Gerlacum
1181 2004 1278 2086 de
1311 2002 1712 2111 Budingen
1757 2010 1846 2083 ut
1886 2026 2064 2084 cum
2116 2001 2469 2111 episcopo
2505 2002 3054 2087 -Wormatiensi
3097 2006 3194 2088 de
3248 2017 3448 2090 statu

642 2135 954 2218 civitatis
988 2134 1342 2218 ordinent
1375 2142 1452 2216 et
1484 2132 1919 2241 disponant.

793 2348 1070 2428 (EdIder.
1110 2349 1477 2421 scamna-r,
1516 2346 1666 2407 Eiet.
1697 2347 1868 2425 φὺς.
1911 2346 2153 2422 worm,
2181 2363 2245 2425 p.
2282 2355 2428 2417 870,
2456 2348 2563 2408 sed
2603 2351 2799 2410 minus
2824 2350 3052 2427 integre
3076 2356 3137 2411 et
3172 2358 3452 2431 correcte,

872 2472 1012 2515 cum
1036 2455 1100 2515 id
1125 2456 1457 2532 imperatori
1498 2452 1790 2515 Friderico
1817 2453 2122 2514 attribuat.
2147 2483 2224 2497 —
2250 2453 2570 2527 Bouana,
2605 2455 2774 2514 Font.
2804 2471 2916 2515 rer.
2953 2455 3247 2532 German,
3280 2465 3323 2519 t.
3354 2459 3415 2519 11
3428 2501 3448 2536 ,

872 2576 935 2638 p.
965 2568 1106 2634 219,
1126 2569 1197 2621 n·
1218 2569 1281 2635 5,
1308 2576 1387 2620 ex
1421 2558 1573 2619 libro
1604 2559 1814 2636 copiali
1843 2559 2018 2636 episc.
2049 2557 2351 2619 Wormat.
2380 2574 2534 2619 saec.
2576 2559 2688 2622 XV
2714 2561 2873 2638 apud
2899 2561 3290 2638 Darmstadt.)

733 2746 1129 2837 noim-icus,
1182 2746 1308 2818 Dei
1339 2745 1561 2840 gratia
1612 2745 2070 2817 Romanorum
2111 2765 2241 2817 rex
2281 2754 2352 2816 et
2393 2766 2664 2841 semper
2710 2757 3080 2840 augustus,
3134 2747 3456 2822 fidelibus

627 2871 783 2944 suis
835 2871 1178 2943 universis
1223 2869 1496 2942 civibus
1524 2867 2155 2940 Wormaciensibus
2193 2869 2488 2960 gratiam
2530 2891 2726 2941 suam
2786 2878 2855 2943 et
2908 2892 3113 2946 omne
3160 2873 3443 2945 bonum.

621 2995 952 3068 Instructi
981 2994 1072 3068 de
1104 2994 1537 3089 plenitudine
1562 2993 1828 3066 consilii
1856 2993 2110 3084 nostri,
2163 2994 2447 3066 consilia
2472 3004 2543 3066 et
2581 2996 3170 3069 confraternitates
3201 3020 3339 3092 que
3379 2999 3451 3070 in

617 3119 916 3194 civitate
948 3127 1176 3192 vestra
1200 3117 1564 3211 hucusque
1591 3116 1960 3207 habuistis,
2014 3116 2216 3189 vobis
2243 3126 2576 3210 potestate
2614 3118 2804 3209 regia
2838 3121 3248 3211 auferimus,
3290 3144 3452 3195 vos·

610 3264 775 3339 que
805 3242 1134 3337 deinceps
1167 3263 1212 3314 a
1236 3242 1356 3315 tali
1405 3240 1904 3316 consuetudine
1935 3261 2202 3313 cessare
2236 3243 2513 3335 penitus
2547 3243 2876 3334 jubemus
2918 3243 3060 3340 (⁴);
3110 3247 3453 3321 mittentes

608 3367 726 3441 ad
760 3388 887 3439 vos
910 3364 1241 3439 dilectum
1270 3365 1651 3460 principem
1674 3372 1982 3436 nostrum
2021 3365 2489 3437 venerabilem
2521 3366 3110 3463 archiepiscopum
3151 3370 3455 3463 Mognn-

608 3491 972 3563 tinensem
1007 3497 1078 3562 et
1102 3487 1389 3562 dilectos
1419 3487 1789 3561 familiares
1822 3494 2090 3560 nostros
2130 3488 2216 3559 H.
2260 3488 2725 3561 marchionem
2779 3488 2868 3562 de
2910 3490 3145 3564 Baden
3177 3501 3247 3564 et
3288 3493 3454 3565 Ger-

612 3610 866 3687 lacum
896 3612 986 3687 de
1018 3611 1421 3706 Budingen,
1466 3617 1547 3682 ut
1580 3631 1740 3683 cum
1773 3609 2096 3704 episcopo
2125 3609 2607 3684 Wormatiensi
2650 3611 3066 3687 consedeant
3100 3625 3167 3688 et
3194 3614 3286 3688 ad
3312 3616 3454 3688 ho-

712 3891 785 3964 (⁴)
821 3891 946 3948 Non
968 3889 1259 3947 concordat
1279 3888 1694 3946 instrumentum
1720 3902 1844 3945 cum
1872 3887 2147 3962 privilegio
2178 3888 2352 3962 pridie
2377 3889 2523 3960 dato,
2554 3890 2699 3963 quod
2722 3891 3003 3947 consiliarii
3026 3897 3083 3949 et
3110 3891 3257 3949 cives
3283 3894 3452 3950 Wor-

634 3987 844 4045 maciae
868 3987 925 4043 in
951 3986 1144 4044 litteris
1163 3985 1266 4043 boc
1294 3985 1413 4059 ipso
1437 3990 1678 4059 tempore
1702 3990 1888 4042 contra
1913 3984 2202 4042 Heni-icum
2233 3985 2538 4059 episcopum
2566 3985 2774 4042 diffusis
2800 3986 2898 4058 (cf.
2924 3988 3216 4057 Bonmn,
3237 3989 3448 4059 Fontes,

640 4078 717 4153 11,
753 4083 893 4154 2⁴9)
940 4082 1014 4138 ita
1049 4081 1342 4139 laudabant
1370 4099 1384 4135 ι
1420 4101 1447 4134 α
1482 4080 1823 4155 Privilegium
1867 4081 2137 4153 quoddam
2172 4081 2314 4155 apud
2346 4080 2617 4137 dominum
2658 4080 3029 4154 imperatorem
3080 4082 3309 4141 obtinuit
3354 4101 3457 4160 per

651 4181 784 4250 quod
806 4179 987 4238 omnia
1011 4180 1132 4252 jura
1158 4183 1338 4236 nostre
1365 4177 1597 4235 civitatis
1616 4178 1836 4251 antiqua
1857 4184 1911 4235 et
1932 4177 2208 4252 privilegia
2235 4176 2307 4233 ab
2339 4176 2751 4250 imperatoribus
2769 4219 2783 4248 ,
2813 4179 3029 4251 regibus
3046 4221 3060 4250 ‚
3090 4181 3454 4256 archiepisco·

655 4275 756 4349 pis,
785 4276 1053 4350 episcopis
1088 4275 1296 4333 sancita
1319 4275 1507 4331 nititur
1531 4273 1821 4331 infirmare.
1863 4274 2064 4333 Verum
2105 4289 2229 4330 cum
2255 4273 2357 4330 bec
2387 4272 2859 4347 intellexissemus,
2887 4276 3102 4334 domino
3125 4283 3307 4334 nostro
3339 4278 3453 4351 regi

662 4373 1020 4448 conquerendo
1051 4371 1486 4446 significavimus,
1513 4370 1608 4444 qui
1634 4369 1827 4428 litteris
1849 4371 1964 4428 suis
1982 4370 2180 4444 apertis
2208 4370 2366 4428 nobis
2392 4369 2610 4427 indulsit
2632 4376 2694 4428 ut
2724 4371 2895 4445 ipsius
2917 4373 3230 4432 auctoritate
3254 4373 3308 4429 in
3329 4373 3453 4447 jure

665 4477 827 4529 nostro
848 4470 1070 4543 antiquo
1095 4469 1511 4527 subsisteremus
1523 4510 1539 4539 ‚
1567 4469 1655 4525 cui
1677 4467 2060 4526 consensimus.
2089 4486 2117 4520 n
2140 4468 2216 4524 De
2235 4467 2486 4525 mandato
2500 4473 2679 4525 autem
2700 4470 2966 4527 contrario
2982 4486 3090 4543 quo
3106 4470 3454 4544 quadraginta

670 4567 893 4625 cumules
926 4567 1187 4624 hactenus
1232 4566 1430 4623 civitati
1465 4563 1830 4639 praesidentes
1868 4563 2249 4622 auferebantur
2262 4606 2279 4634 ,
2308 4563 2454 4621 nulla
2492 4564 2689 4622 ibidem
2726 4567 2926 4623 mentio
2974 4565 3054 4623 fit.
3099 4566 3250 4624 Unde
3281 4566 3456 4639 conji-

676 4660 898 4720 ciendum
920 4663 1132 4720 videtur
1161 4678 1345 4736 regem
1368 4660 1656 4719 Henricum
1686 4675 1795 4717 non
1817 4676 1885 4718 ex
1910 4658 2181 4717 voluntate
2204 4675 2323 4731 sua,
2354 4660 2451 4718 sed
2470 4660 2542 4717 ob
2567 4667 2770 4718 metum
2788 4667 3043 4736 paternae
3062 4661 3452 4735 indignationis,

679 4759 884 4825 generali
912 4759 1194 4835 privilegio
1220 4775 1321 4818 suo
1341 4757 1630 4834 specialem
1650 4756 2017 4833 exceptionem
2037 4755 2191 4829 quasi
2216 4755 2444 4814 invitum
2467 4755 2755 4818 addidisse.

3517 1637 3810 1735 ιιέἒὲἳηη

3605 1754 3634 1786 ⁸
3815 1716 3832 1740 ν
