4500 5956
706 583 903 643 ianm.
935 581 1027 655 5.]
1611 572 2005 636 HISTORIA
2054 569 2636 632 numouarch.
3408 576 3531 638 573

709 714 1018 789 serviciis
1072 710 1506 786 universitati
1542 719 1770 784 vestre
1815 706 2186 803 impositis,
2242 703 2436 799 quod
2480 704 2651 776 tales
2697 725 2742 776 a
2788 712 3019 778 vestro
3058 709 3411 783 consorcio
3452 721 3525 784 et

711 838 995 932 collegio
1016 835 1408 910 excludatis
1425 889 1448 928 ,
1485 843 1567 909 ut
1598 855 1725 930 pro
1758 831 2132 906 temeritate
2164 829 2367 903 nobis
2403 830 2579 902 facta
2603 829 2675 900 in
2700 850 2811 902 res
2835 838 2906 902 et
2935 849 3297 925 personam
3327 834 3523 930 ipso-

710 985 863 1035 rum
895 960 1275 1036 vindictam
1309 958 1727 1050 condignam
1770 954 2271 1029 reffundamus.
2311 952 2646 1025 Nolumus
2688 958 2840 1024 esse
2886 964 3246 1051 exemptos
3289 978 3334 1029 a
3378 979 3525 1033 ser-

708 1085 908 1159 viciis
943 1083 1147 1157 nobis
1179 1082 1535 1178 promissis
1566 1080 1688 1175 qui
1723 1078 1990 1153 censeri
2020 1084 2340 1173 poterunt
2365 1075 2765 1148 nominibus
2795 1087 3272 1154 mercatorum.

800 1210 1055 1281 Datum
1084 1206 1272 1303 apud
1298 1207 1551 1301 Egram
1568 1258 1591 1297 ,
1641 1203 1957 1280 kalendis
1973 1202 2166 1296 julii,
2204 1200 2578 1275 indictione
2604 1201 2689 1274 V.

810 1753 1180 1837 Henricus
1196 1815 1220 1861 ,
1259 1754 1781 1838 Romanorum
1822 1778 1987 1861 rex,
2026 1753 2489 1836 monasterio
2524 1753 2995 1837 Waltsassen
3031 1755 3517 1839 donationem
3585 1788 3922 1899 *Pifffflff’

710 1884 1085 1969 bonorum
1126 1887 1208 1968 in
1267 1886 1533 1970 Culme
1574 1885 1656 1968 in
1692 1885 2035 1996 partibus
2082 1885 2344 1971 Olsniz
2388 1912 2524 1995 per
2557 1886 3127 1970 Reimbotonem
3164 1890 3260 1972 de
3297 1889 3519 1972 Stra-
3845 1876 3860 1900 ‘

710 2019 1034 2129 cenberg
1068 2019 1492 2129 fratresque
1545 2017 1711 2128 ejus
1748 2018 1894 2102 sub
1929 2018 2151 2101 certis
2187 2018 2746 2102 conditionibus
2790 2019 2972 2102 illuc
3008 2021 3286 2104 factam
3324 2048 3519 2106 con—

709 2150 997 2259 firmat,
1047 2176 1225 2234 cum
1268 2151 1473 2234 bona
1525 2150 1660 2232 illa
1711 2152 1793 2231 in
1856 2151 2165 2234 feodum
2221 2177 2269 2233 a
2323 2177 2499 2262 rege
2551 2151 2999 2235 obtinuisset
3045 2153 3519 2264 lantgravius

710 2283 1165 2393 Thuringiae
1188 2346 1213 2392 ,
1280 2309 1327 2365 a
1378 2282 1808 2394 lantgravio
1866 2308 2120 2366 comes
2181 2284 2279 2367 de
2331 2282 2766 2394 Rha-stein,
2842 2285 2942 2369 ab
3016 2312 3107 2372 eo
3189 2287 3517 2397 denique

711 2416 1133 2524 praedictus
1166 2415 1593 2500 Reimboto.

863 2628 1062 2710 (Edit.
1092 2647 1191 2709 ap.
1219 2631 1483 2694 Manum.
1516 2631 1702 2711 Boia,
1727 2636 1874 2692 tom.
1906 2630 2126 2704 xxxl,
2163 2648 2301 2709 pars
2327 2631 2404 2707 1·,
2432 2649 2494 2710 p.
2529 2641 2675 2706 55⁴,
2706 2650 2740 2693 e
2766 2632 2915 2695 libro
2952 2634 3159 2712 copiali
3201 2636 3510 2713 antiquiss.

940 2736 1337 2798 Memoratum
1360 2743 1562 2799 autem
1587 2754 1625 2799 a
1658 2738 1992 2812 Bnuscmo,
2019 2734 2541 2820 Memmioloqia,
2573 2756 2635 2817 p.
2669 2739 2838 2819 249.)

797 2921 877 2993 In
904 2921 1183 2995 nomine
1213 2931 1448 2996 sancte
1472 2931 1544 2997 et
1569 2921 1936 2997 individue
1969 2921 2339 2996 Trinitatis.
2370 2923 2456 2996 H.
2493 2922 2617 2995 Dei
2655 2923 2875 3018 gratia
2901 2924 3359 2998 Romanorum
3388 2947 3516 3001 rex

698 3053 770 3116 et
799 3067 1072 3142 semper
1103 3056 1467 3142 augustus,
1509 3047 1834 3121 omnibus
1860 3046 2182 3122 fidelibus
2211 3057 2598 3143 presentem
2632 3047 2955 3143 paginam
2981 3047 3521 3141 intelligentibus

695 3169 989 3263 gratiam
1020 3192 1220 3243 suam
1249 3179 1318 3245 et
1340 3191 1546 3244 omne
1576 3171 1868 3244 bonum.
1906 3170 2247 3256 Quoniam
2279 3193 2372 3244 ex
2399 3171 2761 3243 commisso
2795 3172 2995 3244 nobis
3031 3174 3229 3266 regni
3263 3175 3517 3269 guber-

693 3294 947 3367 naculo
999 3293 1382 3388 quamlibet
1414 3293 1776 3367 ecclesiam
1818 3293 1952 3366 sub
1980 3295 2137 3386 jure
2174 3302 2405 3366 nostre
2439 3293 2720 3366 ditionis
2754 3295 3046 3389 positam
3096 3305 3167 3371 et
3212 3299 3517 3372 maxime

690 3416 1012 3490 ordinem
1044 3418 1562 3492 cisterciensem
1600 3426 1743 3492 toto
1778 3417 2141 3492 conamine
2167 3427 2613 3511 augmentare
2636 3441 3183 3515 promovereque
3204 3431 3542 3495 tenemur.

688 3549 769 3613 et
801 3540 1232 3631 affectamus,
1272 3542 1638 3615 cenobium
1664 3542 1739 3612 in
1759 3541 2181 3615 Waltsassen
2216 3564 2310 3615 ex
2344 3563 2684 3615 consensu
2719 3543 3176 3637 quorumdam
3198 3544 3513 3619 fidelium

691 3675 1086 3739 nostrorum
1136 3666 1556 3761 quibusdam
1592 3666 1795 3739 bonis
1849 3666 2067 3740 ditare
2109 3665 2402 3759 dignum
2456 3665 2812 3740 duximus.
2871 3668 3104 3740 Sciant
3156 3690 3322 3764 ergo
3369 3681 3511 3743 tam

695 3798 1049 3883 presentes
1087 3811 1297 3883 quam
1326 3789 1540 3862 futuri
1581 3788 1773 3883 quod
1803 3810 1964 3861 cum
1998 3789 2279 3861 illustris
2313 3790 2737 3884 lantgravius
2758 3791 2842 3861 H.
2881 3789 2970 3863 de
2997 3792 3321 3885 Turingia
3349 3814 3511 3864 cum

695 3913 908 3987 fratre
943 3935 1071 3987 suo
1111 3912 1430 3987 Conrado
1468 3913 1541 3984 in
1577 3913 1891 4008 partibus
1924 3913 2154 3986 Olsniz
2191 3913 2479 3988 feudum
2513 3912 2865 4007 quoddam
2902 3913 3181 3986 nomine
3208 3915 3444 3988 Culme
3469 3939 3514 3993 a

702 4038 934 4130 nobis,
983 4057 1352 4132 comesque
1386 4035 1749 4110 Cunradus
1784 4036 1874 4111 de
1907 4037 2311 4111 Eberstaine
2341 4058 2386 4109 a
2412 4035 2722 4133 predicto
2755 4036 3137 4130 lantgravio
3175 4048 3244 4112 et
3279 4041 3512 4114 Reim-

705 4158 859 4234 boto
900 4162 993 4235 de
1040 4159 1534 4234 Stracenberch
1584 4161 1676 4233 ab
1717 4161 1965 4234 eodem
2019 4160 2267 4234 comite
2319 4159 2647 4247 tenuerit,
2701 4158 2892 4231 idem
2935 4161 3291 4236 Reimboto
3350 4186 3510 4238 cum

712 4285 1020 4358 omnibus
1053 4285 1376 4359 fratribus
1408 4285 1554 4358 suis
1573 4293 1644 4357 et
1675 4306 1913 4358 eorum
1940 4285 2450 4358 successoribus
2478 4284 2810 4378 jamdicta
2836 4285 3018 4358 bona
3046 4295 3116 4359 et
3147 4290 3376 4363 omnia
3414 4291 3513 4363 il-

715 4406 921 4481 lorum
959 4409 1370 4505 pertinentia
1408 4430 1546 4480 una
1583 4430 1743 4480 cum
1775 4407 2240 4503 predictorum
2275 4409 2614 4482 baronum
2651 4411 3053 4483 auctoritate
3084 4413 3287 4485 nobis
3309 4413 3514 4487 abso-

719 4529 847 4604 lute
869 4533 1249 4627 resignavit
1280 4560 1299 4605 :
1341 4533 1475 4606 sub
1512 4533 1631 4606 tali
1668 4535 1882 4606 forma
1905 4541 1983 4605 ut
2018 4513 2307 4607 ecclesia
2344 4543 2572 4608 nostra
2600 4535 2672 4606 in
2688 4535 3104 4609 Waltsassen
3131 4559 3257 4632 pro
3283 4538 3512 4613 anime

720 4672 831 4729 sue
853 4666 924 4731 et
946 4658 1255 4731 omnium
1280 4656 1591 4733 affinium
1619 4680 1903 4732 suorum
1932 4658 2240 4732 remedio
2268 4668 2423 4754 post
2445 4659 2708 4733 obitum
2735 4683 2938 4733 suum
2955 4714 2975 4752 ,
3030 4671 3293 4736 remota
3323 4664 3512 4736 omni
