4500 5956
581 686 782 748 Ῑιωιστ.
814 687 906 764 7.]
1496 683 1893 746 HISTORIA
1942 684 2534 747 DIPLOMATICA.
3219 756 3223 766 Δ
3291 685 3410 748 637

580 829 758 893 serat
788 828 860 891 et
894 840 1021 914 pro
1048 840 1192 913 quo
1220 816 1431 891 fidem
1450 818 1762 911 dederat,
1805 829 1877 893 et
1901 820 2169 912 judicet
2191 822 2309 912 jus
2337 843 2568 894 suum.
2608 821 2779 891 Item
2814 819 2873 892 si
2896 821 3055 915 quis
3087 819 3178 892 de
3205 821 3407 915 prin-

580 943 849 1038 cipibus
879 951 1002 1014 aut
1027 942 1392 1016 comitibus
1414 943 1530 1015 vel
1554 943 1902 1016 nobilibus
1929 966 2054 1039 pro
2080 943 2332 1017 delicto
2359 943 2611 1037 judicii
2643 965 2890 1038 penam
2921 952 3025 1015 ter
3055 944 3410 1038 pertulerit

579 1065 1051 1155 constitutam,
1110 1065 1555 1159 postmodum
1602 1064 1869 1158 judicio
1926 1066 2120 1160 quod
2177 1066 2423 1141 habuit
2487 1076 2591 1140 est
2648 1066 3051 1160 privandus.
3090 1068 3404 1142 Preterea

578 1189 942 1261 statuimus
976 1198 1054 1260 ut
1087 1189 1425 1262 sententia
1454 1189 1971 1285 proscriptionis
1991 1199 2258 1263 tantum
2284 1192 2355 1262 in
2375 1191 2544 1263 locis
2565 1190 2860 1285 publicis
2896 1192 3397 1285 promulgetur,

577 1335 703 1385 nec
737 1313 1100 1408 proscripti
1133 1313 1572 1408 aliquatenus
1606 1315 2052 1389 absolvantur
2077 1316 2208 1387 nisi
2244 1316 2610 1388 sufficienti
2627 1315 2945 1386 cautione
2973 1311 3400 1406 fidejussoria

575 1436 1010 1531 precedente.
1043 1436 1253 1522 Quod
1278 1438 1622 1533 siquidem
1669 1440 1729 1510 si
1750 1438 1977 1529 judex
2008 1460 2149 1511 non
2179 1440 2448 1527 fecerit,
2502 1440 2729 1511 ablata
2766 1438 2837 1508 in
2871 1438 3212 1531 integrum
3249 1461 3395 1510 res·

576 1559 775 1631 tituat
809 1559 1192 1654 dampnum
1228 1582 1472 1656 passo;
1515 1561 1705 1655 quod
1748 1562 1954 1635 etiam
1993 1563 2455 1655 promittimus
2497 1583 2624 1634 nos
2673 1564 2994 1635 facturos.
3037 1563 3203 1634 Item
3238 1582 3396 1634 mo-

576 1691 766 1755 netas
795 1685 1001 1756 falsas
1028 1693 1098 1757 et
1133 1684 1421 1777 injustas
1455 1705 1539 1756 ac
1570 1684 1824 1777 injusta
1859 1686 2157 1758 thelonia
2185 1706 2325 1779 qne
2353 1707 2396 1758 a
2430 1694 2739 1780 tempore
2763 1684 3026 1757 domini
3055 1685 3396 1758 Frederici

575 1807 1001 1902 imperatoris
1034 1810 1272 1902 proavi
1308 1808 1520 1880 nostri
1557 1809 1822 1902 absque
1865 1831 2206 1883 consensu
2230 1820 2301 1882 et
2333 1810 2772 1882 conniventia
2812 1810 3202 1904 principum
3232 1820 3394 1883 sunt

576 1940 862 2023 statuta,
903 1954 1026 2026 per
1057 1932 1465 2005 sententiam
1499 1953 1849 2005 cassamus
1896 1942 1966 2005 et
1992 1922 2414 2029 precipimus
2441 1924 2774 2021 amoveri,
2816 1943 2886 2004 et
2927 1956 3053 2006 nos
3089 1933 3388 2008 thelonia

572 2064 797 2128 nostra
844 2056 1116 2127 noviter
1156 2055 1468 2127 instituta
1503 2056 1817 2150 primitus
1844 2078 2281 2144 amovemuS,
2331 2066 2865 2150 transgressores
2891 2078 3101 2129 manu
3134 2060 3393 2152 potenti

572 2189 634 2251 et
661 2187 944 2251 extento
976 2179 1260 2251 brachio
1303 2178 1756 2253 cohercendo.
1799 2179 2288 2275 Principesque
2325 2181 2514 2273 curie
2550 2190 2905 2275 presentes
2944 2180 3388 2254 ecclesiastici

571 2309 635 2373 et
670 2299 1009 2373 mundani
1060 2299 1201 2374 fide
1236 2301 1398 2374 data
1434 2302 1800 2377 efficaciter
1843 2303 1917 2373 in
1970 2311 2236 2375 nostras
2283 2326 2530 2376 manus
2565 2304 3024 2399 promiserunt
3067 2304 3253 2399 quod
3294 2306 3388 2379 ad

570 2423 1065 2519 reprimendam
1109 2433 1693 2517 transgressorum
1730 2428 2143 2520 proterviam
2179 2437 2247 2498 et
2281 2427 2372 2500 ad
2394 2428 2582 2518 justa
2603 2427 2868 2519 judicia
2904 2429 3382 2522 prosequenda

568 2546 747 2620 fideli
791 2546 994 2619 nobis
1045 2548 1312 2621 auxilio
1357 2548 1699 2622 assistant.
1764 2551 1933 2621 Item
1966 2552 2332 2622 statuimus
2358 2560 2435 2621 ut
2471 2550 2701 2622 nullus
2737 2551 2808 2620 in
2844 2573 3134 2645 persona
3167 2552 3274 2623 vel
3310 2552 3381 2622 in

566 2671 768 2743 rebus
822 2671 1031 2743 alicui
1094 2671 1474 2767 dampnum
1534 2672 1815 2764 inferat,
1877 2671 2009 2744 nisi
2067 2674 2260 2767 prius
2319 2695 2483 2746 eum
2543 2675 2656 2746 cui
2707 2672 3089 2769 dampnum
3126 2675 3373 2748 inferre

561 2795 847 2867 voluerit
861 2794 951 2868 ad
967 2795 1198 2866 minus
1219 2796 1425 2867 trium
1446 2794 1715 2868 dierum
1748 2806 1817 2868 et
1842 2796 2149 2868 noctium
2171 2798 2394 2891 spatio
2424 2796 2867 2888 diffidaverit,
2892 2806 2961 2869 et
2998 2806 3161 2869 tunc
3187 2808 3373 2870 uter·

563 2939 692 3012 que
721 2940 967 3015 pacem
994 2919 1084 2992 ab
1113 2920 1327 2993 altero
1362 2941 1488 3016 per
1521 2919 1910 3015 predictum
1941 2921 2308 2993 terminum
2347 2919 2665 3011 habebit3
2708 2920 3013 3015 alioquin
3055 2943 3176 3016 per
3204 2944 3376 2995 sen-

562 3043 834 3115 tentiam
858 3043 1351 3138 proscribatur.
1390 3044 1685 3139 Reysam
1720 3065 1861 3138 que
1882 3044 2358 3140 Keymszuche
2392 3044 2493 3141 (a)
2526 3044 2781 3117 dicitur
2811 3046 3045 3140 siquis
3074 3048 3375 3120 commi-

562 3168 746 3257 serit,
771 3167 1266 3261 proscribatur.
1290 3168 1460 3240 Item
1490 3167 1908 3263 precipimus
1935 3168 2130 3262 quod
2156 3170 2389 3240 nullus
2421 3169 2840 3241 conductum
2868 3169 3077 3241 alicui
3094 3171 3377 3265 prebeat

559 3290 683 3362 nisi
727 3291 905 3363 forte
956 3290 1381 3365 conductum
1432 3313 1475 3363 a
1523 3291 1724 3363 nobis
1775 3301 1845 3364 et
1880 3291 1970 3363 ab
2003 3292 2292 3386 imperio
2318 3295 2477 3385 jure
2508 3293 2856 3387 possideat
2884 3294 3163 3368 feodali.
3201 3297 3371 3368 Item

558 3413 626 3484 in
653 3414 976 3486 omnibus
1015 3414 1444 3506 civitatibus,
1499 3414 1818 3509 oppidis,
1875 3416 2412 3507 munitionibus,
2455 3418 2642 3490 villis
2677 3426 2746 3489 et
2777 3419 2932 3490 aliis
2970 3420 3136 3491 locis
3173 3421 3369 3513 regni

554 3538 756 3609 nostri
780 3538 1304 3630 jurisdictiones
1331 3537 2034 3634 archiepiscoporum,
2079 3541 2556 3635 episcoporum
2574 3595 2594 3632 ,
2636 3540 3271 3615 archidiaconorum
3298 3552 3367 3617 et

557 3663 921 3735 sententias
952 3684 1191 3735 eorum
1229 3663 1651 3759 precipimus
1687 3661 1968 3736 firmiter
2000 3664 2378 3737 observari.
2426 3665 2592 3738 Item
2640 3666 2873 3737 omnia
2923 3666 3290 3759 privilegia
3324 3689 3367 3739 a

560 3783 835 3857 domino
863 3786 1271 3880 imperatore
1304 3795 1500 3881 patre
1528 3796 1761 3859 nostro
1788 3797 1859 3860 et
1877 3808 1921 3860 a
1945 3787 2146 3860 nobis
2170 3798 2311 3861 tam
2332 3789 2759 3884 principibus
2786 3809 2998 3882 quam
3017 3787 3363 3860 nobilibus

553 3907 844 4002 indulta,
880 3931 1005 4005 per
1036 3909 1270 3983 omnia
1304 3910 1631 3983 volumus
1652 3932 1803 3983 esse
1828 3911 2044 3984 salva.

649 4469 1015 4555 Henricus
1038 4534 1063 4580 ,
1141 4472 1661 4556 Romanorum
1732 4498 1867 4557 rex
1891 4534 1914 4580 ,
1984 4484 2393 4585 postquam
2458 4476 2851 4560 Conradus
2922 4477 3362 4564 Hildeshei-

542 4605 820 4687 mensis
881 4605 1283 4714 episcopus
1350 4604 1497 4689 sibi
1560 4615 2021 4719 conquestus
2080 4607 2310 4690 fuerit
2380 4609 2591 4718 quod
2654 4609 2850 4692 cives
2916 4610 3359 4694 Hildeshei-

628 4787 712 4866 (α)
749 4789 911 4854 Alias
943 4789 1003 4854 K
1002 4789 1341 4856 einiszutloe.

3515 4473 3642 4526 Apud

3423 4526 3734 4584 Frankenvort,

3475 4582 3522 4621 in
3552 4583 3675 4623 curia

3469 4634 3678 4685 solemni,

3422 4686 3474 4728 1³
3499 4687 3720 4730 februa-u.
