<?xml version="1.0" encoding="UTF-8"?>
<!DOCTYPE html PUBLIC "-//W3C//DTD XHTML 1.0 Transitional//EN"
    "http://www.w3.org/TR/xhtml1/DTD/xhtml1-transitional.dtd">
<html xmlns="http://www.w3.org/1999/xhtml" xml:lang="en" lang="en">
 <head>
  <title>
</title>
<meta http-equiv="Content-Type" content="text/html;charset=utf-8" />
  <meta name='ocr-system' content='tesseract 3.04.00' />
  <meta name='ocr-capabilities' content='ocr_page ocr_carea ocr_par ocr_line ocrx_word'/>
</head>
<body>
  <div class='ocr_page' id='page_1' title='image "./historiadiploma00empegoog_0234.png"; bbox 0 0 4500 5956; ppageno 0'>
   <div class='ocr_carea' id='block_1_1' title="bbox 739 2579 1093 2687">
    <p class='ocr_par' dir='ltr' id='par_1_1' title="bbox 739 2579 1093 2687">
     <span class='ocr_line' id='line_1_1' title="bbox 827 2579 1005 2626; baseline -0.011 -5"><span class='ocrx_word' id='word_1_1' title='bbox 827 2579 981 2621; x_wconf 64' lang='lat' dir='ltr'><strong>Amisit</strong></span> <span class='ocrx_word' id='word_1_2' title='bbox 994 2612 1005 2626; x_wconf 85' lang='lat'><strong>,</strong></span> 
     </span>
     <span class='ocr_line' id='line_1_2' title="bbox 739 2630 1093 2687; baseline -0.011 -10"><span class='ocrx_word' id='word_1_3' title='bbox 739 2634 794 2677; x_wconf 77' lang='lat'><strong>22</strong></span> <span class='ocrx_word' id='word_1_4' title='bbox 817 2630 1093 2687; x_wconf 67' lang='lat' dir='ltr'>septembris.</span> 
     </span>
    </p>
   </div>
   <div class='ocr_carea' id='block_1_2' title="bbox 1131 605 3947 682">
    <p class='ocr_par' dir='ltr' id='par_1_2' title="bbox 1131 605 3947 682">
     <span class='ocr_line' id='line_1_3' title="bbox 1131 605 3947 682; baseline 0.001 -16"><span class='ocrx_word' id='word_1_5' title='bbox 1131 607 1248 667; x_wconf 79' lang='lat'><strong>776</strong></span> <span class='ocrx_word' id='word_1_6' title='bbox 2124 606 2554 671; x_wconf 70' lang='lat' dir='ltr'><strong>rmnltltlcl</strong></span> <span class='ocrx_word' id='word_1_7' title='bbox 2603 606 2949 667; x_wconf 66' lang='lat' dir='ltr'><strong>saeuum</strong></span> <span class='ocrx_word' id='word_1_8' title='bbox 3576 605 3736 682; x_wconf 70' lang='lat' dir='ltr'><strong>[Asu.</strong></span> <span class='ocrx_word' id='word_1_9' title='bbox 3776 605 3947 668; x_wconf 77' lang='lat'><strong>1235.</strong></span> 
     </span>
    </p>
   </div>
   <div class='ocr_carea' id='block_1_3' title="bbox 1127 736 3953 2068">
    <p class='ocr_par' dir='ltr' id='par_1_3' title="bbox 1127 736 3953 2068">
     <span class='ocr_line' id='line_1_4' title="bbox 1131 736 3952 835; baseline -0.001 -25"><span class='ocrx_word' id='word_1_10' title='bbox 1131 741 1446 812; x_wconf 83' lang='lat' dir='ltr'>kalendis</span> <span class='ocrx_word' id='word_1_11' title='bbox 1487 741 1709 810; x_wconf 85' lang='lat' dir='ltr'><strong>martii</strong></span> <span class='ocrx_word' id='word_1_12' title='bbox 1743 741 2061 835; x_wconf 80' lang='lat' dir='ltr'><strong>proximo</strong></span> <span class='ocrx_word' id='word_1_13' title='bbox 2100 742 2310 812; x_wconf 79' lang='lat' dir='ltr'><strong>futuri</strong></span> <span class='ocrx_word' id='word_1_14' title='bbox 2352 762 2567 833; x_wconf 89' lang='lat' dir='ltr'><strong>regno</strong></span> <span class='ocrx_word' id='word_1_15' title='bbox 2604 738 2998 835; x_wconf 84' lang='lat' dir='ltr'><strong>preficiatur</strong></span> <span class='ocrx_word' id='word_1_16' title='bbox 3023 737 3278 826; x_wconf 91' lang='lat' dir='ltr'><strong>eidem,</strong></span> <span class='ocrx_word' id='word_1_17' title='bbox 3312 757 3518 831; x_wconf 88' lang='lat' dir='ltr'><strong>quem</strong></span> <span class='ocrx_word' id='word_1_18' title='bbox 3554 736 3952 832; x_wconf 84' lang='lat' dir='ltr'><strong>preficiendi</strong></span> 
     </span>
     <span class='ocr_line' id='line_1_5' title="bbox 1129 859 3953 959; baseline -0 -26"><span class='ocrx_word' id='word_1_19' title='bbox 1129 863 1332 935; x_wconf 88' lang='lat' dir='ltr'><strong>nobis</strong></span> <span class='ocrx_word' id='word_1_20' title='bbox 1363 883 1483 957; x_wconf 90' lang='lat' dir='ltr'><strong>per</strong></span> <span class='ocrx_word' id='word_1_21' title='bbox 1520 872 1673 933; x_wconf 88' lang='lat' dir='ltr'><strong>tuas</strong></span> <span class='ocrx_word' id='word_1_22' title='bbox 1709 863 2093 936; x_wconf 82' lang='lat' dir='ltr'><strong>committas</strong></span> <span class='ocrx_word' id='word_1_23' title='bbox 2130 866 2386 938; x_wconf 80' lang='lat' dir='ltr'><strong>litteras</strong></span> <span class='ocrx_word' id='word_1_24' title='bbox 2429 873 2859 959; x_wconf 87' lang='lat' dir='ltr'><strong>potestatem.</strong></span> <span class='ocrx_word' id='word_1_25' title='bbox 2894 863 2978 935; x_wconf 90' lang='lat' dir='ltr'><strong>Et</strong></span> <span class='ocrx_word' id='word_1_26' title='bbox 3019 862 3188 956; x_wconf 90' lang='lat' dir='ltr'><strong>quia</strong></span> <span class='ocrx_word' id='word_1_27' title='bbox 3220 861 3396 933; x_wconf 90' lang='lat' dir='ltr'><strong>inter</strong></span> <span class='ocrx_word' id='word_1_28' title='bbox 3433 859 3661 954; x_wconf 89' lang='lat' dir='ltr'><strong>ipsum</strong></span> <span class='ocrx_word' id='word_1_29' title='bbox 3698 881 3953 932; x_wconf 85' lang='lat' dir='ltr'><strong>mares·</strong></span> 
     </span>
     <span class='ocr_line' id='line_1_6' title="bbox 1130 983 3950 1081; baseline -0.001 -22"><span class='ocrx_word' id='word_1_30' title='bbox 1130 987 1397 1059; x_wconf 88' lang='lat' dir='ltr'><strong>calcum</strong></span> <span class='ocrx_word' id='word_1_31' title='bbox 1426 995 1498 1057; x_wconf 91' lang='lat' dir='ltr'><strong>et</strong></span> <span class='ocrx_word' id='word_1_32' title='bbox 1530 995 1791 1079; x_wconf 79' lang='lat' dir='ltr'><strong>partem</strong></span> <span class='ocrx_word' id='word_1_33' title='bbox 1833 988 2113 1060; x_wconf 88' lang='lat' dir='ltr'><strong>alteram</strong></span> <span class='ocrx_word' id='word_1_34' title='bbox 2150 998 2313 1060; x_wconf 89' lang='lat' dir='ltr'><strong>sunt</strong></span> <span class='ocrx_word' id='word_1_35' title='bbox 2351 987 2707 1059; x_wconf 82' lang='lat' dir='ltr'><strong>inimicitie</strong></span> <span class='ocrx_word' id='word_1_36' title='bbox 2733 988 3080 1081; x_wconf 72' lang='lat' dir='ltr'><strong>capitaleS,</strong></span> <span class='ocrx_word' id='word_1_37' title='bbox 3116 985 3306 1076; x_wconf 86' lang='lat' dir='ltr'><strong>justa</strong></span> <span class='ocrx_word' id='word_1_38' title='bbox 3342 983 3600 1056; x_wconf 84' lang='lat' dir='ltr'><strong>habent</strong></span> <span class='ocrx_word' id='word_1_39' title='bbox 3641 1005 3802 1056; x_wconf 92' lang='lat' dir='ltr'><strong>eum</strong></span> <span class='ocrx_word' id='word_1_40' title='bbox 3842 1005 3950 1055; x_wconf 88' lang='lat' dir='ltr'><strong>ra·</strong></span> 
     </span>
     <span class='ocr_line' id='line_1_7' title="bbox 1131 1105 3951 1205; baseline -0.001 -25"><span class='ocrx_word' id='word_1_41' title='bbox 1131 1109 1313 1181; x_wconf 89' lang='lat' dir='ltr'><strong>tione</strong></span> <span class='ocrx_word' id='word_1_42' title='bbox 1345 1118 1777 1205; x_wconf 81' lang='lat' dir='ltr'><strong>suspectum3</strong></span> <span class='ocrx_word' id='word_1_43' title='bbox 1817 1133 1959 1205; x_wconf 90' lang='lat' dir='ltr'><strong>quo</strong></span> <span class='ocrx_word' id='word_1_44' title='bbox 1985 1112 2043 1182; x_wconf 90' lang='lat' dir='ltr'><strong>si</strong></span> <span class='ocrx_word' id='word_1_45' title='bbox 2080 1110 2255 1184; x_wconf 88' lang='lat' dir='ltr'><strong>illud</strong></span> <span class='ocrx_word' id='word_1_46' title='bbox 2278 1121 2633 1183; x_wconf 85' lang='lat' dir='ltr'><strong>exerceret</strong></span> <span class='ocrx_word' id='word_1_47' title='bbox 2662 1108 2989 1195; x_wconf 89' lang='lat' dir='ltr'><strong>officium,</strong></span> <span class='ocrx_word' id='word_1_48' title='bbox 3013 1109 3201 1204; x_wconf 90' lang='lat' dir='ltr'><strong>ipsos</strong></span> <span class='ocrx_word' id='word_1_49' title='bbox 3233 1106 3510 1201; x_wconf 81' lang='lat' dir='ltr'><strong>gladius</strong></span> <span class='ocrx_word' id='word_1_50' title='bbox 3536 1106 3649 1178; x_wconf 89' lang='lat' dir='ltr'><strong>vel</strong></span> <span class='ocrx_word' id='word_1_51' title='bbox 3671 1105 3951 1178; x_wconf 88' lang='lat' dir='ltr'><strong>alterius</strong></span> 
     </span>
     <span class='ocr_line' id='line_1_8' title="bbox 1130 1227 3943 1326; baseline -0.002 -21"><span class='ocrx_word' id='word_1_52' title='bbox 1130 1233 1400 1326; x_wconf 87' lang='lat' dir='ltr'><strong>generis</strong></span> <span class='ocrx_word' id='word_1_53' title='bbox 1450 1244 1884 1305; x_wconf 89' lang='lat' dir='ltr'><strong>consumeret</strong></span> <span class='ocrx_word' id='word_1_54' title='bbox 1928 1235 2314 1325; x_wconf 78' lang='lat' dir='ltr'><strong>cruciatus3</strong></span> <span class='ocrx_word' id='word_1_55' title='bbox 2362 1233 2633 1305; x_wconf 87' lang='lat' dir='ltr'><strong>interim</strong></span> <span class='ocrx_word' id='word_1_56' title='bbox 2684 1232 2797 1305; x_wconf 88' lang='lat' dir='ltr'><strong>alii</strong></span> <span class='ocrx_word' id='word_1_57' title='bbox 2843 1231 3058 1324; x_wconf 78' lang='lat' dir='ltr'><strong>baJuli</strong></span> <span class='ocrx_word' id='word_1_58' title='bbox 3095 1230 3395 1304; x_wconf 89' lang='lat' dir='ltr'><strong>officium</strong></span> <span class='ocrx_word' id='word_1_59' title='bbox 3442 1227 3943 1301; x_wconf 82' lang='lat' dir='ltr'><strong>administrent.</strong></span> 
     </span>
     <span class='ocr_line' id='line_1_9' title="bbox 1127 1352 3948 1454; baseline -0.001 -27"><span class='ocrx_word' id='word_1_60' title='bbox 1127 1356 1237 1428; x_wconf 90' lang='lat' dir='ltr'><strong>Ad</strong></span> <span class='ocrx_word' id='word_1_61' title='bbox 1264 1356 1418 1448; x_wconf 89' lang='lat' dir='ltr'><strong>hec,</strong></span> <span class='ocrx_word' id='word_1_62' title='bbox 1448 1357 1614 1451; x_wconf 90' lang='lat' dir='ltr'><strong>quia</strong></span> <span class='ocrx_word' id='word_1_63' title='bbox 1656 1379 1794 1429; x_wconf 91' lang='lat' dir='ltr'><strong>non</strong></span> <span class='ocrx_word' id='word_1_64' title='bbox 1830 1358 2010 1430; x_wconf 90' lang='lat' dir='ltr'><strong>bene</strong></span> <span class='ocrx_word' id='word_1_65' title='bbox 2040 1368 2274 1453; x_wconf 90' lang='lat' dir='ltr'><strong>posset</strong></span> <span class='ocrx_word' id='word_1_66' title='bbox 2305 1358 2546 1454; x_wconf 83' lang='lat' dir='ltr'><strong>prefati</strong></span> <span class='ocrx_word' id='word_1_67' title='bbox 2588 1357 2784 1451; x_wconf 89' lang='lat' dir='ltr'><strong>regni</strong></span> <span class='ocrx_word' id='word_1_68' title='bbox 2820 1356 3047 1429; x_wconf 89' lang='lat' dir='ltr'><strong>sedari</strong></span> <span class='ocrx_word' id='word_1_69' title='bbox 3077 1354 3377 1427; x_wconf 82' lang='lat' dir='ltr'><strong>turbatio</strong></span> <span class='ocrx_word' id='word_1_70' title='bbox 3407 1354 3466 1426; x_wconf 91' lang='lat' dir='ltr'><strong>si</strong></span> <span class='ocrx_word' id='word_1_71' title='bbox 3496 1374 3789 1447; x_wconf 89' lang='lat' dir='ltr'><strong>regnum</strong></span> <span class='ocrx_word' id='word_1_72' title='bbox 3816 1352 3948 1447; x_wconf 73' lang='lat' dir='ltr'><strong>Cy-</strong></span> 
     </span>
     <span class='ocr_line' id='line_1_10' title="bbox 1130 1465 3950 1573; baseline -0.001 -24"><span class='ocrx_word' id='word_1_73' title='bbox 1130 1480 1236 1573; x_wconf 87' lang='lat' dir='ltr'><strong>pri</strong></span> <span class='ocrx_word' id='word_1_74' title='bbox 1294 1479 1366 1549; x_wconf 91' lang='lat' dir='ltr'><strong>in</strong></span> <span class='ocrx_word' id='word_1_75' title='bbox 1437 1479 1781 1552; x_wconf 83' lang='lat' dir='ltr'><strong>discordia</strong></span> <span class='ocrx_word' id='word_1_76' title='bbox 1844 1491 2261 1568; x_wconf 82' lang='lat' dir='ltr'><strong>remaneret,</strong></span> <span class='ocrx_word' id='word_1_77' title='bbox 2324 1465 2800 1553; x_wconf 84' lang='lat' dir='ltr'><strong>excellentiam</strong></span> <span class='ocrx_word' id='word_1_78' title='bbox 2860 1490 3048 1552; x_wconf 89' lang='lat' dir='ltr'><strong>tuam</strong></span> <span class='ocrx_word' id='word_1_79' title='bbox 3108 1499 3432 1570; x_wconf 79' lang='lat' dir='ltr'><strong>rogamus</strong></span> <span class='ocrx_word' id='word_1_80' title='bbox 3476 1487 3545 1549; x_wconf 90' lang='lat' dir='ltr'><strong>et</strong></span> <span class='ocrx_word' id='word_1_81' title='bbox 3597 1497 3950 1548; x_wconf 87' lang='lat' dir='ltr'><strong>monemus</strong></span> 
     </span>
     <span class='ocr_line' id='line_1_11' title="bbox 1129 1599 3947 1698; baseline -0.001 -24"><span class='ocrx_word' id='word_1_82' title='bbox 1129 1613 1384 1675; x_wconf 87' lang='lat' dir='ltr'><strong>attente</strong></span> <span class='ocrx_word' id='word_1_83' title='bbox 1414 1615 1755 1696; x_wconf 88' lang='lat' dir='ltr'><strong>quatenus</strong></span> <span class='ocrx_word' id='word_1_84' title='bbox 1783 1603 2181 1697; x_wconf 86' lang='lat' dir='ltr'><strong>hujusmodi</strong></span> <span class='ocrx_word' id='word_1_85' title='bbox 2220 1605 2605 1698; x_wconf 82' lang='lat' dir='ltr'><strong>negotium,</strong></span> <span class='ocrx_word' id='word_1_86' title='bbox 2637 1614 2714 1675; x_wconf 93' lang='lat' dir='ltr'><strong>ut</strong></span> <span class='ocrx_word' id='word_1_87' title='bbox 2742 1605 2855 1676; x_wconf 81' lang='lat' dir='ltr'><strong>vel</strong></span> <span class='ocrx_word' id='word_1_88' title='bbox 2886 1603 3316 1675; x_wconf 87' lang='lat' dir='ltr'><strong>carissimum</strong></span> <span class='ocrx_word' id='word_1_89' title='bbox 3341 1602 3414 1672; x_wconf 91' lang='lat' dir='ltr'><strong>in</strong></span> <span class='ocrx_word' id='word_1_90' title='bbox 3437 1601 3700 1673; x_wconf 88' lang='lat' dir='ltr'><strong>Christo</strong></span> <span class='ocrx_word' id='word_1_91' title='bbox 3731 1599 3947 1671; x_wconf 89' lang='lat' dir='ltr'><strong>filium</strong></span> 
     </span>
     <span class='ocr_line' id='line_1_12' title="bbox 1132 1721 3951 1823; baseline -0.002 -26"><span class='ocrx_word' id='word_1_92' title='bbox 1132 1736 1440 1797; x_wconf 90' lang='lat' dir='ltr'><strong>nostrum</strong></span> <span class='ocrx_word' id='word_1_93' title='bbox 1483 1726 1813 1798; x_wconf 82' lang='lat' dir='ltr'><strong>illustrem</strong></span> <span class='ocrx_word' id='word_1_94' title='bbox 1853 1749 2084 1821; x_wconf 84' lang='lat' dir='ltr'><strong>regem</strong></span> <span class='ocrx_word' id='word_1_95' title='bbox 2129 1726 2335 1823; x_wconf 83' lang='lat' dir='ltr'><strong>Cypri</strong></span> <span class='ocrx_word' id='word_1_96' title='bbox 2371 1726 2463 1800; x_wconf 90' lang='lat' dir='ltr'><strong>ad</strong></span> <span class='ocrx_word' id='word_1_97' title='bbox 2498 1736 2693 1798; x_wconf 84' lang='lat' dir='ltr'><strong>tuum</strong></span> <span class='ocrx_word' id='word_1_98' title='bbox 2729 1727 3062 1797; x_wconf 77' lang='lat' dir='ltr'><strong>faciamus</strong></span> <span class='ocrx_word' id='word_1_99' title='bbox 3100 1724 3329 1797; x_wconf 86' lang='lat' dir='ltr'><strong>redire</strong></span> <span class='ocrx_word' id='word_1_100' title='bbox 3362 1721 3800 1811; x_wconf 89' lang='lat' dir='ltr'><strong>mandatum,</strong></span> <span class='ocrx_word' id='word_1_101' title='bbox 3841 1722 3951 1793; x_wconf 84' lang='lat' dir='ltr'><strong>vel</strong></span> 
     </span>
     <span class='ocr_line' id='line_1_13' title="bbox 1134 1844 3952 1943; baseline -0.002 -23"><span class='ocrx_word' id='word_1_102' title='bbox 1134 1849 1312 1920; x_wconf 87' lang='lat' dir='ltr'><strong>inter</strong></span> <span class='ocrx_word' id='word_1_103' title='bbox 1347 1857 1414 1920; x_wconf 89' lang='lat' dir='ltr'><strong>te</strong></span> <span class='ocrx_word' id='word_1_104' title='bbox 1443 1869 1525 1919; x_wconf 88' lang='lat' dir='ltr'><strong>ac</strong></span> <span class='ocrx_word' id='word_1_105' title='bbox 1561 1849 1788 1943; x_wconf 91' lang='lat' dir='ltr'><strong>ipsum</strong></span> <span class='ocrx_word' id='word_1_106' title='bbox 1820 1858 2097 1942; x_wconf 89' lang='lat' dir='ltr'><strong>treugas</strong></span> <span class='ocrx_word' id='word_1_107' title='bbox 2137 1849 2229 1921; x_wconf 93' lang='lat' dir='ltr'><strong>ad</strong></span> <span class='ocrx_word' id='word_1_108' title='bbox 2275 1858 2536 1920; x_wconf 91' lang='lat' dir='ltr'><strong>certum</strong></span> <span class='ocrx_word' id='word_1_109' title='bbox 2585 1849 2953 1921; x_wconf 89' lang='lat' dir='ltr'><strong>terminum</strong></span> <span class='ocrx_word' id='word_1_110' title='bbox 2996 1856 3378 1919; x_wconf 86' lang='lat' dir='ltr'><strong>statuamus</strong></span> <span class='ocrx_word' id='word_1_111' title='bbox 3411 1866 3500 1918; x_wconf 87' lang='lat' dir='ltr'><strong>ne</strong></span> <span class='ocrx_word' id='word_1_112' title='bbox 3533 1866 3629 1917; x_wconf 83' lang='lat' dir='ltr'><strong>ex</strong></span> <span class='ocrx_word' id='word_1_113' title='bbox 3662 1844 3793 1917; x_wconf 89' lang='lat' dir='ltr'><strong>hoc</strong></span> <span class='ocrx_word' id='word_1_114' title='bbox 3824 1844 3952 1914; x_wconf 90' lang='lat' dir='ltr'><strong>im·</strong></span> 
     </span>
     <span class='ocr_line' id='line_1_14' title="bbox 1130 1969 3611 2068; baseline -0.001 -24"><span class='ocrx_word' id='word_1_115' title='bbox 1130 1970 1453 2068; x_wconf 86' lang='lat' dir='ltr'><strong>pcdiatur</strong></span> <span class='ocrx_word' id='word_1_116' title='bbox 1487 1973 1692 2045; x_wconf 86' lang='lat' dir='ltr'><strong>Terre</strong></span> <span class='ocrx_word' id='word_1_117' title='bbox 1737 1974 1983 2045; x_wconf 85' lang='lat' dir='ltr'><strong>Sancte</strong></span> <span class='ocrx_word' id='word_1_118' title='bbox 2019 1973 2448 2063; x_wconf 90' lang='lat' dir='ltr'><strong>subsidium,</strong></span> <span class='ocrx_word' id='word_1_119' title='bbox 2490 1981 2719 2045; x_wconf 89' lang='lat' dir='ltr'><strong>nostre</strong></span> <span class='ocrx_word' id='word_1_120' title='bbox 2750 1971 3163 2044; x_wconf 88' lang='lat' dir='ltr'><strong>ordinationi</strong></span> <span class='ocrx_word' id='word_1_121' title='bbox 3202 1969 3611 2043; x_wconf 84' lang='lat' dir='ltr'><strong>committas.</strong></span> 
     </span>
    </p>
   </div>
   <div class='ocr_carea' id='block_1_4' title="bbox 2188 2282 3533 2297">
    <p class='ocr_par' dir='ltr' id='par_1_4' title="bbox 2188 2282 3533 2297">
     <span class='ocr_line' id='line_1_15' title="bbox 2188 2282 3533 2297; baseline -0.004 0"><span class='ocrx_word' id='word_1_122' title='bbox 2188 2286 2860 2297; x_wconf 56' lang='lat' dir='ltr'><strong>-t-*m—·</strong></span> <span class='ocrx_word' id='word_1_123' title='bbox 2878 2282 3533 2296; x_wconf 72' lang='lat'>-——-——-—————</span> 
     </span>
    </p>
   </div>
   <div class='ocr_carea' id='block_1_5' title="bbox 1141 2535 3965 3849">
    <p class='ocr_par' dir='ltr' id='par_1_5' title="bbox 1141 2535 3965 3849">
     <span class='ocr_line' id='line_1_16' title="bbox 1247 2535 3958 2660; baseline -0.006 -27"><span class='ocrx_word' id='word_1_124' title='bbox 1247 2549 1657 2658; x_wconf 85' lang='lat' dir='ltr'><strong>Gregorius</strong></span> <span class='ocrx_word' id='word_1_125' title='bbox 1709 2575 1910 2659; x_wconf 87' lang='lat' dir='ltr'><strong>papa</strong></span> <span class='ocrx_word' id='word_1_126' title='bbox 1963 2550 2336 2660; x_wconf 85' lang='lat' dir='ltr'><strong>magistro</strong></span> <span class='ocrx_word' id='word_1_127' title='bbox 2389 2550 2669 2633; x_wconf 90' lang='lat' dir='ltr'><strong>domus</strong></span> <span class='ocrx_word' id='word_1_128' title='bbox 2713 2547 3356 2631; x_wconf 89' lang='lat' dir='ltr'><strong>Theutonicorum</strong></span> <span class='ocrx_word' id='word_1_129' title='bbox 3408 2541 3711 2625; x_wconf 88' lang='lat' dir='ltr'><strong>nuntiat</strong></span> <span class='ocrx_word' id='word_1_130' title='bbox 3770 2535 3958 2646; x_wconf 89' lang='lat' dir='ltr'><strong>quid</strong></span> 
     </span>
     <span class='ocr_line' id='line_1_17' title="bbox 1141 2672 3956 2789; baseline -0.006 -24"><span class='ocrx_word' id='word_1_131' title='bbox 1141 2707 1319 2765; x_wconf 93' lang='lat' dir='ltr'><strong>cum</strong></span> <span class='ocrx_word' id='word_1_132' title='bbox 1383 2682 1602 2765; x_wconf 89' lang='lat' dir='ltr'><strong>Petro</strong></span> <span class='ocrx_word' id='word_1_133' title='bbox 1656 2682 1752 2764; x_wconf 94' lang='lat' dir='ltr'><strong>de</strong></span> <span class='ocrx_word' id='word_1_134' title='bbox 1804 2682 2042 2765; x_wconf 91' lang='lat' dir='ltr'><strong>Vinea</strong></span> <span class='ocrx_word' id='word_1_135' title='bbox 2103 2681 2518 2789; x_wconf 88' lang='lat' dir='ltr'><strong>imperialis</strong></span> <span class='ocrx_word' id='word_1_136' title='bbox 2571 2680 2826 2763; x_wconf 90' lang='lat' dir='ltr'><strong>curiae</strong></span> <span class='ocrx_word' id='word_1_137' title='bbox 2881 2679 3139 2789; x_wconf 85' lang='lat' dir='ltr'><strong>judice</strong></span> <span class='ocrx_word' id='word_1_138' title='bbox 3188 2673 3616 2761; x_wconf 78' lang='lat' dir='ltr'><strong>tractaverit</strong></span> <span class='ocrx_word' id='word_1_139' title='bbox 3659 2672 3757 2753; x_wconf 92' lang='lat' dir='ltr'><strong>de</strong></span> <span class='ocrx_word' id='word_1_140' title='bbox 3816 2693 3956 2749; x_wconf 90' lang='lat' dir='ltr'><strong>re-</strong></span> 
     </span>
     <span class='ocr_line' id='line_1_18' title="bbox 1142 2805 3956 2922; baseline -0.005 -25"><span class='ocrx_word' id='word_1_141' title='bbox 1142 2815 1474 2897; x_wconf 85' lang='lat' dir='ltr'><strong>laxando</strong></span> <span class='ocrx_word' id='word_1_142' title='bbox 1537 2814 1938 2898; x_wconf 83' lang='lat' dir='ltr'><strong>interdicto</strong></span> <span class='ocrx_word' id='word_1_143' title='bbox 1999 2815 2079 2896; x_wconf 91' lang='lat' dir='ltr'><strong>in</strong></span> <span class='ocrx_word' id='word_1_144' title='bbox 2137 2815 2517 2897; x_wconf 87' lang='lat' dir='ltr'><strong>Acconem</strong></span> <span class='ocrx_word' id='word_1_145' title='bbox 2596 2824 2879 2897; x_wconf 87' lang='lat' dir='ltr'><strong>temere</strong></span> <span class='ocrx_word' id='word_1_146' title='bbox 2930 2809 3466 2922; x_wconf 80' lang='lat' dir='ltr'><strong>promulgato3</strong></span> <span class='ocrx_word' id='word_1_147' title='bbox 3528 2816 3604 2890; x_wconf 88' lang='lat' dir='ltr'><strong>et</strong></span> <span class='ocrx_word' id='word_1_148' title='bbox 3655 2805 3754 2886; x_wconf 89' lang='lat' dir='ltr'><strong>de</strong></span> <span class='ocrx_word' id='word_1_149' title='bbox 3804 2827 3956 2883; x_wconf 90' lang='lat' dir='ltr'><strong>ne-</strong></span> 
     </span>
     <span class='ocr_line' id='line_1_19' title="bbox 1143 2932 3962 3058; baseline -0.006 -27"><span class='ocrx_word' id='word_1_150' title='bbox 1143 2948 1350 3058; x_wconf 88' lang='lat' dir='ltr'><strong>gotio</strong></span> <span class='ocrx_word' id='word_1_151' title='bbox 1412 2945 2057 3055; x_wconf 87' lang='lat' dir='ltr'><strong>Lombardorum,</strong></span> <span class='ocrx_word' id='word_1_152' title='bbox 2107 2946 2319 3056; x_wconf 92' lang='lat' dir='ltr'><strong>quod</strong></span> <span class='ocrx_word' id='word_1_153' title='bbox 2376 2945 2545 3030; x_wconf 80' lang='lat' dir='ltr'><strong>vult</strong></span> <span class='ocrx_word' id='word_1_154' title='bbox 2604 2945 3014 3055; x_wconf 89' lang='lat' dir='ltr'><strong>imperator</strong></span> <span class='ocrx_word' id='word_1_155' title='bbox 3082 2943 3284 3026; x_wconf 88' lang='lat' dir='ltr'><strong>infra</strong></span> <span class='ocrx_word' id='word_1_156' title='bbox 3347 2941 3624 3024; x_wconf 86' lang='lat' dir='ltr'><strong>festum</strong></span> <span class='ocrx_word' id='word_1_157' title='bbox 3667 2932 3962 3020; x_wconf 86' lang='lat' dir='ltr'><strong>Nativi-</strong></span> 
     </span>
     <span class='ocr_line' id='line_1_20' title="bbox 1141 3075 3958 3188; baseline -0.005 -29"><span class='ocrx_word' id='word_1_158' title='bbox 1141 3080 1319 3160; x_wconf 87' lang='lat' dir='ltr'><strong>tatis</strong></span> <span class='ocrx_word' id='word_1_159' title='bbox 1353 3105 1490 3187; x_wconf 90' lang='lat' dir='ltr'><strong>per</strong></span> <span class='ocrx_word' id='word_1_160' title='bbox 1525 3079 1974 3161; x_wconf 85' lang='lat' dir='ltr'><strong>sententiam</strong></span> <span class='ocrx_word' id='word_1_161' title='bbox 2012 3078 2378 3188; x_wconf 92' lang='lat' dir='ltr'><strong>compleri</strong></span> <span class='ocrx_word' id='word_1_162' title='bbox 2394 3142 2417 3187; x_wconf 88' lang='lat'><strong>,</strong></span> <span class='ocrx_word' id='word_1_163' title='bbox 2458 3080 2646 3162; x_wconf 91' lang='lat' dir='ltr'><strong>dum</strong></span> <span class='ocrx_word' id='word_1_164' title='bbox 2697 3078 3035 3188; x_wconf 90' lang='lat' dir='ltr'><strong>alioquin</strong></span> <span class='ocrx_word' id='word_1_165' title='bbox 3080 3077 3286 3159; x_wconf 93' lang='lat' dir='ltr'><strong>idem</strong></span> <span class='ocrx_word' id='word_1_166' title='bbox 3331 3075 3742 3181; x_wconf 85' lang='lat' dir='ltr'><strong>imperator</strong></span> <span class='ocrx_word' id='word_1_167' title='bbox 3784 3089 3958 3148; x_wconf 92' lang='lat' dir='ltr'><strong>cum</strong></span> 
     </span>
     <span class='ocr_line' id='line_1_21' title="bbox 1146 3189 3959 3320; baseline -0.005 -29"><span class='ocrx_word' id='word_1_168' title='bbox 1146 3210 1477 3291; x_wconf 86' lang='lat' dir='ltr'><strong>exercitu</strong></span> <span class='ocrx_word' id='word_1_169' title='bbox 1512 3220 1765 3318; x_wconf 91' lang='lat' dir='ltr'><strong>partes</strong></span> <span class='ocrx_word' id='word_1_170' title='bbox 1809 3209 2106 3319; x_wconf 85' lang='lat' dir='ltr'><strong>ingredi</strong></span> <span class='ocrx_word' id='word_1_171' title='bbox 2143 3189 2647 3294; x_wconf 90' lang='lat' dir='ltr'><strong>Lombardiae</strong></span> <span class='ocrx_word' id='word_1_172' title='bbox 2679 3220 2992 3320; x_wconf 83' lang='lat' dir='ltr'><strong>paratus</strong></span> <span class='ocrx_word' id='word_1_173' title='bbox 3028 3208 3151 3291; x_wconf 88' lang='lat' dir='ltr'><strong>sit.</strong></span> <span class='ocrx_word' id='word_1_174' title='bbox 3192 3207 3404 3289; x_wconf 92' lang='lat' dir='ltr'><strong>Unde</strong></span> <span class='ocrx_word' id='word_1_175' title='bbox 3438 3231 3574 3313; x_wconf 91' lang='lat' dir='ltr'><strong>per</strong></span> <span class='ocrx_word' id='word_1_176' title='bbox 3608 3200 3959 3284; x_wconf 89' lang='lat' dir='ltr'><strong>eumdem</strong></span> 
     </span>
     <span class='ocr_line' id='line_1_22' title="bbox 1142 3342 3961 3454; baseline -0.004 -31"><span class='ocrx_word' id='word_1_177' title='bbox 1142 3342 1601 3452; x_wconf 85' lang='lat' dir='ltr'><strong>magistrum</strong></span> <span class='ocrx_word' id='word_1_178' title='bbox 1671 3342 2205 3450; x_wconf 85' lang='lat' dir='ltr'><strong>imperatorem</strong></span> <span class='ocrx_word' id='word_1_179' title='bbox 2275 3370 2475 3453; x_wconf 88' lang='lat' dir='ltr'><strong>papa</strong></span> <span class='ocrx_word' id='word_1_180' title='bbox 2542 3353 2763 3454; x_wconf 85' lang='lat' dir='ltr'><strong>rogat</strong></span> <span class='ocrx_word' id='word_1_181' title='bbox 2833 3342 3304 3425; x_wconf 89' lang='lat' dir='ltr'><strong>monendum</strong></span> <span class='ocrx_word' id='word_1_182' title='bbox 3357 3364 3453 3420; x_wconf 92' lang='lat' dir='ltr'><strong>ne</strong></span> <span class='ocrx_word' id='word_1_183' title='bbox 3478 3399 3501 3444; x_wconf 86' lang='lat'><strong>,</strong></span> <span class='ocrx_word' id='word_1_184' title='bbox 3557 3344 3961 3443; x_wconf 87' lang='lat' dir='ltr'><strong>postquam</strong></span> 
     </span>
     <span class='ocr_line' id='line_1_23' title="bbox 1143 3467 3965 3583; baseline -0.005 -26"><span class='ocrx_word' id='word_1_185' title='bbox 1143 3500 1372 3583; x_wconf 89' lang='lat' dir='ltr'><strong>super</strong></span> <span class='ocrx_word' id='word_1_186' title='bbox 1407 3475 1555 3556; x_wconf 93' lang='lat' dir='ltr'><strong>hoc</strong></span> <span class='ocrx_word' id='word_1_187' title='bbox 1589 3474 1894 3583; x_wconf 86' lang='lat' dir='ltr'><strong>negotio</strong></span> <span class='ocrx_word' id='word_1_188' title='bbox 1933 3500 2014 3557; x_wconf 90' lang='lat' dir='ltr'><strong>se</strong></span> <span class='ocrx_word' id='word_1_189' title='bbox 2056 3475 2392 3583; x_wconf 88' lang='lat' dir='ltr'><strong>praecise</strong></span> <span class='ocrx_word' id='word_1_190' title='bbox 2428 3476 2507 3556; x_wconf 90' lang='lat' dir='ltr'><strong>in</strong></span> <span class='ocrx_word' id='word_1_191' title='bbox 2543 3475 2902 3558; x_wconf 90' lang='lat' dir='ltr'><strong>manibus</strong></span> <span class='ocrx_word' id='word_1_192' title='bbox 2936 3471 3312 3556; x_wconf 88' lang='lat' dir='ltr'><strong>Ecclesiae</strong></span> <span class='ocrx_word' id='word_1_193' title='bbox 3345 3467 3726 3579; x_wconf 89' lang='lat' dir='ltr'><strong>posuerit,</strong></span> <span class='ocrx_word' id='word_1_194' title='bbox 3769 3488 3965 3546; x_wconf 85' lang='lat' dir='ltr'><strong>nova</strong></span> 
     </span>
     <span class='ocr_line' id='line_1_24' title="bbox 1143 3595 3963 3717; baseline -0.005 -28"><span class='ocrx_word' id='word_1_195' title='bbox 1143 3605 1436 3717; x_wconf 84' lang='lat' dir='ltr'><strong>adjecta</strong></span> <span class='ocrx_word' id='word_1_196' title='bbox 1490 3605 1920 3690; x_wconf 90' lang='lat' dir='ltr'><strong>conditione</strong></span> <span class='ocrx_word' id='word_1_197' title='bbox 1972 3609 2610 3715; x_wconf 88' lang='lat' dir='ltr'><strong>compromissum</strong></span> <span class='ocrx_word' id='word_1_198' title='bbox 2661 3606 3076 3716; x_wconf 85' lang='lat' dir='ltr'><strong>impediat,</strong></span> <span class='ocrx_word' id='word_1_199' title='bbox 3131 3627 3372 3714; x_wconf 90' lang='lat' dir='ltr'><strong>quum</strong></span> <span class='ocrx_word' id='word_1_200' title='bbox 3429 3627 3511 3683; x_wconf 89' lang='lat' dir='ltr'><strong>se</strong></span> <span class='ocrx_word' id='word_1_201' title='bbox 3559 3595 3963 3683; x_wconf 93' lang='lat' dir='ltr'><strong>Lombardi</strong></span> 
     </span>
     <span class='ocr_line' id='line_1_25' title="bbox 1143 3738 2979 3849; baseline -0.001 -27"><span class='ocrx_word' id='word_1_202' title='bbox 1143 3740 1457 3823; x_wconf 87' lang='lat' dir='ltr'><strong>arbitrio</strong></span> <span class='ocrx_word' id='word_1_203' title='bbox 1494 3738 1871 3822; x_wconf 89' lang='lat' dir='ltr'><strong>Ecclesiae</strong></span> <span class='ocrx_word' id='word_1_204' title='bbox 1927 3764 2008 3822; x_wconf 88' lang='lat' dir='ltr'><strong>se</strong></span> <span class='ocrx_word' id='word_1_205' title='bbox 2063 3741 2402 3849; x_wconf 84' lang='lat' dir='ltr'><strong>praecise</strong></span> <span class='ocrx_word' id='word_1_206' title='bbox 2435 3740 2979 3823; x_wconf 90' lang='lat' dir='ltr'><strong>commiserint.</strong></span> 
     </span>
    </p>
   </div>
   <div class='ocr_carea' id='block_1_6' title="bbox 1242 3937 3273 4210">
    <p class='ocr_par' dir='ltr' id='par_1_6' title="bbox 1242 3937 3273 4210">
     <span class='ocr_line' id='line_1_26' title="bbox 1308 3937 3273 4024; baseline -0.001 -21"><span class='ocrx_word' id='word_1_207' title='bbox 1308 3942 1505 4021; x_wconf 79' lang='lat' dir='ltr'><strong>(Edit.</strong></span> <span class='ocrx_word' id='word_1_208' title='bbox 1535 3959 1633 4019; x_wconf 82' lang='lat' dir='ltr'><strong>ap.</strong></span> <span class='ocrx_word' id='word_1_209' title='bbox 1663 3941 1945 4015; x_wconf 62' lang='lat' dir='ltr'><strong>Saron,</strong></span> <span class='ocrx_word' id='word_1_210' title='bbox 1975 3938 2195 4003; x_wconf 79' lang='lat' dir='ltr'><strong>Annal.</strong></span> <span class='ocrx_word' id='word_1_211' title='bbox 2227 3937 2494 4024; x_wconf 66' lang='lat' dir='ltr'><strong>Boloqn„</strong></span> <span class='ocrx_word' id='word_1_212' title='bbox 2521 3948 2569 4003; x_wconf 90' lang='lat' dir='ltr'><strong>t.</strong></span> <span class='ocrx_word' id='word_1_213' title='bbox 2600 3942 2716 4018; x_wconf 93' lang='lat'><strong>111,</strong></span> <span class='ocrx_word' id='word_1_214' title='bbox 2741 3957 2878 4019; x_wconf 85' lang='lat' dir='ltr'><strong>pars</strong></span> <span class='ocrx_word' id='word_1_215' title='bbox 2902 3941 2986 4020; x_wconf 93' lang='lat'><strong>11,</strong></span> <span class='ocrx_word' id='word_1_216' title='bbox 3009 3956 3072 4017; x_wconf 86' lang='lat' dir='ltr'><strong>p.</strong></span> <span class='ocrx_word' id='word_1_217' title='bbox 3110 3937 3273 4017; x_wconf 78' lang='lat'><strong>156.)</strong></span> 
     </span>
     <span class='ocr_line' id='line_1_27' title="bbox 1242 4113 3120 4210; baseline -0.002 -24"><span class='ocrx_word' id='word_1_218' title='bbox 1242 4117 1490 4186; x_wconf 87' lang='lat' dir='ltr'><strong>Datum</strong></span> <span class='ocrx_word' id='word_1_219' title='bbox 1516 4113 1794 4206; x_wconf 87' lang='lat' dir='ltr'><strong>Assisii,</strong></span> <span class='ocrx_word' id='word_1_220' title='bbox 1832 4115 1900 4187; x_wconf 90' lang='lat' dir='ltr'><strong>X</strong></span> <span class='ocrx_word' id='word_1_221' title='bbox 1927 4114 2260 4189; x_wconf 85' lang='lat' dir='ltr'><strong>kalendas</strong></span> <span class='ocrx_word' id='word_1_222' title='bbox 2282 4114 2585 4188; x_wconf 88' lang='lat' dir='ltr'><strong>octobris</strong></span> <span class='ocrx_word' id='word_1_223' title='bbox 2620 4114 2680 4208; x_wconf 78' lang='lat'><strong>(⁴</strong></span> <span class='ocrx_word' id='word_1_224' title='bbox 2695 4113 2752 4210; x_wconf 93' lang='lat'><strong>),</strong></span> <span class='ocrx_word' id='word_1_225' title='bbox 2789 4135 2972 4187; x_wconf 89' lang='lat' dir='ltr'><strong>anno</strong></span> <span class='ocrx_word' id='word_1_226' title='bbox 3001 4114 3120 4185; x_wconf 89' lang='lat' dir='ltr'><strong>IX.</strong></span> 
     </span>
    </p>
   </div>
   <div class='ocr_carea' id='block_1_7' title="bbox 3754 4306 3955 4315">
    <p class='ocr_par' dir='ltr' id='par_1_7' title="bbox 3754 4306 3955 4315">
     <span class='ocr_line' id='line_1_28' title="bbox 3754 4306 3955 4315; baseline 0 0"><span class='ocrx_word' id='word_1_227' title='bbox 3754 4306 3955 4315; x_wconf 46' lang='lat' dir='ltr'><strong>‘w—</strong></span> 
     </span>
    </p>
   </div>
   <div class='ocr_carea' id='block_1_8' title="bbox 1138 4414 3973 4780">
    <p class='ocr_par' dir='ltr' id='par_1_8' title="bbox 1138 4414 3973 4780">
     <span class='ocr_line' id='line_1_29' title="bbox 1221 4414 3973 4493; baseline -0.001 -21"><span class='ocrx_word' id='word_1_228' title='bbox 1221 4416 1294 4490; x_wconf 75' lang='grc'><strong>(4)</strong></span> <span class='ocrx_word' id='word_1_229' title='bbox 1329 4417 1617 4487; x_wconf 81' lang='lat' dir='ltr'><strong>Postridie,</strong></span> <span class='ocrx_word' id='word_1_230' title='bbox 1644 4417 1845 4474; x_wconf 86' lang='lat' dir='ltr'><strong>scilicet</strong></span> <span class='ocrx_word' id='word_1_231' title='bbox 1872 4417 1951 4474; x_wconf 84' lang='lat' dir='ltr'><strong>lx</strong></span> <span class='ocrx_word' id='word_1_232' title='bbox 1975 4417 2230 4476; x_wconf 84' lang='lat' dir='ltr'><strong>kalendas</strong></span> <span class='ocrx_word' id='word_1_233' title='bbox 2262 4417 2517 4488; x_wconf 86' lang='lat' dir='ltr'><strong>octobris,</strong></span> <span class='ocrx_word' id='word_1_234' title='bbox 2549 4418 2815 4476; x_wconf 86' lang='lat' dir='ltr'><strong>Friderico</strong></span> <span class='ocrx_word' id='word_1_235' title='bbox 2851 4417 3154 4493; x_wconf 88' lang='lat' dir='ltr'><strong>imperatori</strong></span> <span class='ocrx_word' id='word_1_236' title='bbox 3197 4415 3412 4491; x_wconf 83' lang='lat' dir='ltr'><strong>scripsit</strong></span> <span class='ocrx_word' id='word_1_237' title='bbox 3446 4431 3587 4490; x_wconf 85' lang='lat' dir='ltr'><strong>papa</strong></span> <span class='ocrx_word' id='word_1_238' title='bbox 3632 4419 3695 4470; x_wconf 90' lang='lat' dir='ltr'><strong>ut</strong></span> <span class='ocrx_word' id='word_1_239' title='bbox 3737 4414 3973 4470; x_wconf 85' lang='lat' dir='ltr'><strong>mitteret</strong></span> 
     </span>
     <span class='ocr_line' id='line_1_30' title="bbox 1145 4512 3972 4590; baseline -0.002 -19"><span class='ocrx_word' id='word_1_240' title='bbox 1145 4514 1460 4586; x_wconf 85' lang='lat' dir='ltr'><strong>magistrum</strong></span> <span class='ocrx_word' id='word_1_241' title='bbox 1491 4515 1770 4589; x_wconf 84' lang='lat' dir='ltr'><strong>hospitalis</strong></span> <span class='ocrx_word' id='word_1_242' title='bbox 1795 4517 2023 4574; x_wconf 84' lang='lat' dir='ltr'><strong>Sanctae</strong></span> <span class='ocrx_word' id='word_1_243' title='bbox 2053 4516 2254 4573; x_wconf 78' lang='lat' dir='ltr'><strong>Mariae</strong></span> <span class='ocrx_word' id='word_1_244' title='bbox 2279 4515 2726 4574; x_wconf 83' lang='lat' dir='ltr'><strong>Theutonicorum</strong></span> <span class='ocrx_word' id='word_1_245' title='bbox 2753 4532 2853 4590; x_wconf 86' lang='lat' dir='ltr'><strong>pro</strong></span> <span class='ocrx_word' id='word_1_246' title='bbox 2877 4516 3209 4575; x_wconf 87' lang='lat' dir='ltr'><strong>terminanda</strong></span> <span class='ocrx_word' id='word_1_247' title='bbox 3234 4514 3502 4573; x_wconf 89' lang='lat' dir='ltr'><strong>discordia</strong></span> <span class='ocrx_word' id='word_1_248' title='bbox 3536 4514 3676 4570; x_wconf 88' lang='lat' dir='ltr'><strong>inter</strong></span> <span class='ocrx_word' id='word_1_249' title='bbox 3713 4512 3890 4585; x_wconf 87' lang='lat' dir='ltr'><strong>ipsum</strong></span> <span class='ocrx_word' id='word_1_250' title='bbox 3917 4519 3972 4567; x_wconf 88' lang='lat' dir='ltr'><strong>et</strong></span> 
     </span>
     <span class='ocr_line' id='line_1_31' title="bbox 1145 4608 3973 4687; baseline -0.001 -20"><span class='ocrx_word' id='word_1_251' title='bbox 1145 4610 1504 4682; x_wconf 87' lang='lat' dir='ltr'><strong>Lombardos,</strong></span> <span class='ocrx_word' id='word_1_252' title='bbox 1544 4617 1601 4667; x_wconf 88' lang='lat' dir='ltr'><strong>et</strong></span> <span class='ocrx_word' id='word_1_253' title='bbox 1625 4612 1730 4684; x_wconf 86' lang='lat' dir='ltr'><strong>ipsi</strong></span> <span class='ocrx_word' id='word_1_254' title='bbox 1769 4611 2023 4683; x_wconf 87' lang='lat' dir='ltr'><strong>magistro</strong></span> <span class='ocrx_word' id='word_1_255' title='bbox 2048 4612 2307 4687; x_wconf 88' lang='lat' dir='ltr'><strong>scriptum</strong></span> <span class='ocrx_word' id='word_1_256' title='bbox 2331 4620 2598 4687; x_wconf 86' lang='lat' dir='ltr'><strong>estsuper</strong></span> <span class='ocrx_word' id='word_1_257' title='bbox 2636 4614 2742 4671; x_wconf 92' lang='lat' dir='ltr'><strong>hoc</strong></span> <span class='ocrx_word' id='word_1_258' title='bbox 2780 4614 2836 4669; x_wconf 89' lang='lat' dir='ltr'><strong>in</strong></span> <span class='ocrx_word' id='word_1_259' title='bbox 2875 4612 3122 4672; x_wconf 83' lang='lat' dir='ltr'><strong>eumdem</strong></span> <span class='ocrx_word' id='word_1_260' title='bbox 3147 4612 3384 4670; x_wconf 88' lang='lat' dir='ltr'><strong>modum.</strong></span> <span class='ocrx_word' id='word_1_261' title='bbox 3415 4610 3588 4670; x_wconf 67' lang='lat' dir='ltr'><strong>Index</strong></span> <span class='ocrx_word' id='word_1_262' title='bbox 3622 4609 3785 4667; x_wconf 76' lang='lat' dir='ltr'><strong>litter.</strong></span> <span class='ocrx_word' id='word_1_263' title='bbox 3835 4608 3973 4666; x_wconf 74' lang='lat' dir='ltr'><strong>Gre-</strong></span> 
     </span>
     <span class='ocr_line' id='line_1_32' title="bbox 1138 4708 1949 4780; baseline 0.001 -15"><span class='ocrx_word' id='word_1_264' title='bbox 1138 4724 1259 4780; x_wconf 82' lang='lat' dir='ltr'><strong>9or.</strong></span> <span class='ocrx_word' id='word_1_265' title='bbox 1286 4709 1410 4778; x_wconf 83' lang='lat' dir='ltr'><strong>IX,</strong></span> <span class='ocrx_word' id='word_1_266' title='bbox 1436 4724 1566 4766; x_wconf 89' lang='lat' dir='ltr'><strong>ann.</strong></span> <span class='ocrx_word' id='word_1_267' title='bbox 1597 4708 1703 4779; x_wconf 84' lang='lat' dir='ltr'><strong>IX,</strong></span> <span class='ocrx_word' id='word_1_268' title='bbox 1734 4722 1796 4765; x_wconf 80' lang='lat' dir='ltr'><strong>n⁰</strong></span> <span class='ocrx_word' id='word_1_269' title='bbox 1822 4712 1949 4766; x_wconf 75' lang='lat' dir='ltr'><strong>zat.</strong></span> 
     </span>
    </p>
   </div>
  </div>
 </body>
</html>
