<?xml version="1.0" encoding="UTF-8"?>
<!DOCTYPE html PUBLIC "-//W3C//DTD XHTML 1.0 Transitional//EN"
    "http://www.w3.org/TR/xhtml1/DTD/xhtml1-transitional.dtd">
<html xmlns="http://www.w3.org/1999/xhtml" xml:lang="en" lang="en">
 <head>
  <title>
</title>
<meta http-equiv="Content-Type" content="text/html;charset=utf-8" />
  <meta name='ocr-system' content='tesseract 3.04.00' />
  <meta name='ocr-capabilities' content='ocr_page ocr_carea ocr_par ocr_line ocrx_word'/>
</head>
<body>
  <div class='ocr_page' id='page_1' title='image "./historiadiploma00empegoog_0033.png"; bbox 0 0 4500 5956; ppageno 0'>
   <div class='ocr_carea' id='block_1_1' title="bbox 594 597 3417 676">
    <p class='ocr_par' dir='ltr' id='par_1_1' title="bbox 594 597 3417 676">
     <span class='ocr_line' id='line_1_1' title="bbox 594 597 3417 676; baseline 0.002 -19"><span class='ocrx_word' id='word_1_1' title='bbox 594 598 788 659; x_wconf 70' lang='lat' dir='ltr'>luntcr.</span> <span class='ocrx_word' id='word_1_2' title='bbox 820 598 916 676; x_wconf 86' lang='grc'>5.]</span> <span class='ocrx_word' id='word_1_3' title='bbox 1492 597 1891 661; x_wconf 78' lang='lat' dir='ltr'>HISTORIA</span> <span class='ocrx_word' id='word_1_4' title='bbox 1938 597 2525 661; x_wconf 72' lang='lat' dir='ltr'>mPLOMA&#39;rch.</span> <span class='ocrx_word' id='word_1_5' title='bbox 3297 602 3417 664; x_wconf 79' lang='lat'>575</span> 
     </span>
    </p>
   </div>
   <div class='ocr_carea' id='block_1_2' title="bbox 594 731 3476 4768">
    <p class='ocr_par' dir='ltr' id='par_1_2' title="bbox 594 731 3476 4392">
     <span class='ocr_line' id='line_1_2' title="bbox 594 731 3419 827; baseline 0.002 -22"><span class='ocrx_word' id='word_1_6' title='bbox 594 732 1070 805; x_wconf 75' lang='lat' dir='ltr'><strong>muneratione</strong></span> <span class='ocrx_word' id='word_1_7' title='bbox 1101 731 1295 803; x_wconf 85' lang='lat' dir='ltr'>venit</span> <span class='ocrx_word' id='word_1_8' title='bbox 1325 741 1403 803; x_wconf 90' lang='lat' dir='ltr'>ut</span> <span class='ocrx_word' id='word_1_9' title='bbox 1437 753 1598 804; x_wconf 90' lang='lat' dir='ltr'>cum</span> <span class='ocrx_word' id='word_1_10' title='bbox 1635 733 1957 807; x_wconf 82' lang='lat' dir='ltr'>felicitate</span> <span class='ocrx_word' id='word_1_11' title='bbox 1992 754 2397 827; x_wconf 87' lang='lat' dir='ltr'>regnemus,</span> <span class='ocrx_word' id='word_1_12' title='bbox 2455 733 2687 826; x_wconf 88' lang='lat' dir='ltr'>aliqua</span> <span class='ocrx_word' id='word_1_13' title='bbox 2716 752 2990 827; x_wconf 91' lang='lat' dir='ltr'>semper</span> <span class='ocrx_word' id='word_1_14' title='bbox 3011 734 3255 807; x_wconf 82' lang='lat' dir='ltr'>offerre</span> <span class='ocrx_word' id='word_1_15' title='bbox 3293 758 3419 810; x_wconf 89' lang='lat' dir='ltr'>vo·</span> 
     </span>
     <span class='ocr_line' id='line_1_3' title="bbox 596 850 3417 947; baseline 0.002 -25"><span class='ocrx_word' id='word_1_16' title='bbox 596 854 809 925; x_wconf 89' lang='lat' dir='ltr'>lentes</span> <span class='ocrx_word' id='word_1_17' title='bbox 845 871 986 945; x_wconf 91' lang='lat' dir='ltr'>que</span> <span class='ocrx_word' id='word_1_18' title='bbox 1032 851 1176 923; x_wconf 90' lang='lat' dir='ltr'>Deo</span> <span class='ocrx_word' id='word_1_19' title='bbox 1223 858 1418 944; x_wconf 88' lang='lat' dir='ltr'>grata</span> <span class='ocrx_word' id='word_1_20' title='bbox 1466 850 1846 943; x_wconf 83' lang='lat' dir='ltr'>resideant,</span> <span class='ocrx_word' id='word_1_21' title='bbox 1904 852 2241 946; x_wconf 80' lang='lat' dir='ltr'>religiosis</span> <span class='ocrx_word' id='word_1_22' title='bbox 2281 852 2590 947; x_wconf 90' lang='lat' dir='ltr'>personis</span> <span class='ocrx_word' id='word_1_23' title='bbox 2633 873 2716 925; x_wconf 90' lang='lat' dir='ltr'>eo</span> <span class='ocrx_word' id='word_1_24' title='bbox 2754 851 3080 924; x_wconf 90' lang='lat' dir='ltr'>libentius</span> <span class='ocrx_word' id='word_1_25' title='bbox 3113 854 3417 929; x_wconf 85' lang='lat' dir='ltr'>favorem</span> 
     </span>
     <span class='ocr_line' id='line_1_4' title="bbox 597 971 3418 1069; baseline 0.002 -22"><span class='ocrx_word' id='word_1_26' title='bbox 597 976 917 1047; x_wconf 88' lang='lat' dir='ltr'>volumus</span> <span class='ocrx_word' id='word_1_27' title='bbox 939 973 1130 1068; x_wconf 84' lang='lat' dir='ltr'>regie</span> <span class='ocrx_word' id='word_1_28' title='bbox 1162 971 1602 1067; x_wconf 75' lang='lat' dir='ltr'>benignitatis</span> <span class='ocrx_word' id='word_1_29' title='bbox 1630 972 2030 1069; x_wconf 88' lang='lat' dir='ltr'>impendere</span> <span class='ocrx_word' id='word_1_30' title='bbox 2066 996 2208 1069; x_wconf 93' lang='lat' dir='ltr'>quo</span> <span class='ocrx_word' id='word_1_31' title='bbox 2236 975 2456 1068; x_wconf 90' lang='lat' dir='ltr'>magis</span> <span class='ocrx_word' id='word_1_32' title='bbox 2482 975 3005 1049; x_wconf 83' lang='lat' dir='ltr'>conversatione</span> <span class='ocrx_word' id='word_1_33' title='bbox 3032 977 3418 1069; x_wconf 88' lang='lat' dir='ltr'>gratissima</span> 
     </span>
     <span class='ocr_line' id='line_1_5' title="bbox 595 1097 3420 1195; baseline 0.001 -25"><span class='ocrx_word' id='word_1_34' title='bbox 595 1099 965 1170; x_wconf 91' lang='lat' dir='ltr'>Dominum</span> <span class='ocrx_word' id='word_1_35' title='bbox 1005 1097 1376 1169; x_wconf 86' lang='lat' dir='ltr'>creatorem</span> <span class='ocrx_word' id='word_1_36' title='bbox 1424 1097 1736 1170; x_wconf 91' lang='lat' dir='ltr'>omnium</span> <span class='ocrx_word' id='word_1_37' title='bbox 1773 1106 2236 1190; x_wconf 84' lang='lat' dir='ltr'>venerantur,</span> <span class='ocrx_word' id='word_1_38' title='bbox 2285 1119 2487 1192; x_wconf 89' lang='lat' dir='ltr'>reges</span> <span class='ocrx_word' id='word_1_39' title='bbox 2539 1097 2632 1170; x_wconf 92' lang='lat' dir='ltr'>ad</span> <span class='ocrx_word' id='word_1_40' title='bbox 2669 1097 3006 1172; x_wconf 89' lang='lat' dir='ltr'>beneficia</span> <span class='ocrx_word' id='word_1_41' title='bbox 3045 1110 3420 1195; x_wconf 85' lang='lat' dir='ltr'>provocant</span> 
     </span>
     <span class='ocr_line' id='line_1_6' title="bbox 600 1219 3419 1316; baseline 0.001 -21"><span class='ocrx_word' id='word_1_42' title='bbox 600 1232 665 1295; x_wconf 89' lang='lat' dir='ltr'>et</span> <span class='ocrx_word' id='word_1_43' title='bbox 692 1221 786 1295; x_wconf 89' lang='lat' dir='ltr'>ad</span> <span class='ocrx_word' id='word_1_44' title='bbox 824 1223 976 1313; x_wconf 91' lang='lat' dir='ltr'>ejus</span> <span class='ocrx_word' id='word_1_45' title='bbox 1017 1219 1430 1314; x_wconf 87' lang='lat' dir='ltr'>obsequium</span> <span class='ocrx_word' id='word_1_46' title='bbox 1482 1221 1852 1294; x_wconf 88' lang='lat' dir='ltr'>nonnullos</span> <span class='ocrx_word' id='word_1_47' title='bbox 1908 1221 2217 1294; x_wconf 91' lang='lat' dir='ltr'>alliciunt</span> <span class='ocrx_word' id='word_1_48' title='bbox 2254 1230 2322 1293; x_wconf 91' lang='lat' dir='ltr'>et</span> <span class='ocrx_word' id='word_1_49' title='bbox 2357 1220 2677 1294; x_wconf 85' lang='lat' dir='ltr'>invitant.</span> <span class='ocrx_word' id='word_1_50' title='bbox 2730 1221 3043 1316; x_wconf 86' lang='lat' dir='ltr'>Cumque</span> <span class='ocrx_word' id='word_1_51' title='bbox 3079 1223 3171 1295; x_wconf 93' lang='lat' dir='ltr'>ob</span> <span class='ocrx_word' id='word_1_52' title='bbox 3202 1246 3419 1298; x_wconf 89' lang='lat' dir='ltr'>reve-</span> 
     </span>
     <span class='ocr_line' id='line_1_7' title="bbox 600 1342 3413 1441; baseline 0.001 -24"><span class='ocrx_word' id='word_1_53' title='bbox 600 1345 882 1417; x_wconf 78' lang='lat' dir='ltr'>rentiam</span> <span class='ocrx_word' id='word_1_54' title='bbox 911 1344 1117 1438; x_wconf 87' lang='lat' dir='ltr'>Regis</span> <span class='ocrx_word' id='word_1_55' title='bbox 1151 1364 1395 1437; x_wconf 90' lang='lat' dir='ltr'>regum</span> <span class='ocrx_word' id='word_1_56' title='bbox 1422 1344 1573 1416; x_wconf 91' lang='lat' dir='ltr'>loca</span> <span class='ocrx_word' id='word_1_57' title='bbox 1592 1344 1912 1439; x_wconf 88' lang='lat' dir='ltr'>religiosa</span> <span class='ocrx_word' id='word_1_58' title='bbox 1948 1342 2499 1417; x_wconf 77' lang='lat' dir='ltr'>consideratione</span> <span class='ocrx_word' id='word_1_59' title='bbox 2528 1344 2645 1439; x_wconf 93' lang='lat' dir='ltr'>pia</span> <span class='ocrx_word' id='word_1_60' title='bbox 2668 1345 3007 1440; x_wconf 88' lang='lat' dir='ltr'>respicere</span> <span class='ocrx_word' id='word_1_61' title='bbox 3034 1354 3413 1441; x_wconf 89' lang='lat' dir='ltr'>teneamur,</span> 
     </span>
     <span class='ocr_line' id='line_1_8' title="bbox 600 1464 3418 1563; baseline 0.002 -23"><span class='ocrx_word' id='word_1_62' title='bbox 600 1467 918 1541; x_wconf 91' lang='lat' dir='ltr'>omnibus</span> <span class='ocrx_word' id='word_1_63' title='bbox 954 1466 1221 1562; x_wconf 90' lang='lat' dir='ltr'>imperii</span> <span class='ocrx_word' id='word_1_64' title='bbox 1259 1464 1581 1540; x_wconf 85' lang='lat' dir='ltr'>fidelibus</span> <span class='ocrx_word' id='word_1_65' title='bbox 1620 1475 1762 1539; x_wconf 87' lang='lat' dir='ltr'>tam</span> <span class='ocrx_word' id='word_1_66' title='bbox 1797 1467 2235 1563; x_wconf 89' lang='lat' dir='ltr'>presentibus</span> <span class='ocrx_word' id='word_1_67' title='bbox 2267 1489 2476 1561; x_wconf 91' lang='lat' dir='ltr'>quam</span> <span class='ocrx_word' id='word_1_68' title='bbox 2520 1468 2769 1538; x_wconf 85' lang='lat' dir='ltr'>futuris</span> <span class='ocrx_word' id='word_1_69' title='bbox 2809 1467 3142 1541; x_wconf 82' lang='lat' dir='ltr'>duximus</span> <span class='ocrx_word' id='word_1_70' title='bbox 3188 1470 3418 1545; x_wconf 87' lang='lat' dir='ltr'>decla-</span> 
     </span>
     <span class='ocr_line' id='line_1_9' title="bbox 600 1588 3416 1685; baseline 0.002 -23"><span class='ocrx_word' id='word_1_71' title='bbox 600 1589 892 1663; x_wconf 88' lang='lat' dir='ltr'>randum</span> <span class='ocrx_word' id='word_1_72' title='bbox 921 1589 1111 1684; x_wconf 91' lang='lat' dir='ltr'>quod</span> <span class='ocrx_word' id='word_1_73' title='bbox 1146 1610 1275 1663; x_wconf 90' lang='lat' dir='ltr'>nos</span> <span class='ocrx_word' id='word_1_74' title='bbox 1310 1588 1739 1664; x_wconf 84' lang='lat' dir='ltr'>attendentes</span> <span class='ocrx_word' id='word_1_75' title='bbox 1775 1590 2100 1685; x_wconf 88' lang='lat' dir='ltr'>precipue</span> <span class='ocrx_word' id='word_1_76' title='bbox 2132 1591 2472 1662; x_wconf 85' lang='lat' dir='ltr'>fervorem</span> <span class='ocrx_word' id='word_1_77' title='bbox 2508 1590 2859 1683; x_wconf 89' lang='lat' dir='ltr'>religionis</span> <span class='ocrx_word' id='word_1_78' title='bbox 2899 1613 3035 1685; x_wconf 92' lang='lat' dir='ltr'>que</span> <span class='ocrx_word' id='word_1_79' title='bbox 3072 1592 3146 1663; x_wconf 93' lang='lat' dir='ltr'>in</span> <span class='ocrx_word' id='word_1_80' title='bbox 3184 1603 3416 1669; x_wconf 87' lang='lat' dir='ltr'>sancto</span> 
     </span>
     <span class='ocr_line' id='line_1_10' title="bbox 603 1712 3421 1812; baseline 0.001 -27"><span class='ocrx_word' id='word_1_81' title='bbox 603 1714 1032 1798; x_wconf 88' lang='lat' dir='ltr'>monasterio,</span> <span class='ocrx_word' id='word_1_82' title='bbox 1061 1712 1253 1808; x_wconf 92' lang='lat' dir='ltr'>quod</span> <span class='ocrx_word' id='word_1_83' title='bbox 1284 1713 1487 1786; x_wconf 88' lang='lat' dir='ltr'>Porta</span> <span class='ocrx_word' id='word_1_84' title='bbox 1520 1713 1662 1787; x_wconf 91' lang='lat' dir='ltr'>Celi</span> <span class='ocrx_word' id='word_1_85' title='bbox 1700 1712 1955 1787; x_wconf 89' lang='lat' dir='ltr'>dicitur</span> <span class='ocrx_word' id='word_1_86' title='bbox 1989 1722 2057 1786; x_wconf 90' lang='lat' dir='ltr'>et</span> <span class='ocrx_word' id='word_1_87' title='bbox 2089 1723 2291 1787; x_wconf 90' lang='lat' dir='ltr'>antea</span> <span class='ocrx_word' id='word_1_88' title='bbox 2318 1712 2825 1787; x_wconf 88' lang='lat' dir='ltr'>Thennenbach</span> <span class='ocrx_word' id='word_1_89' title='bbox 2854 1716 3264 1805; x_wconf 87' lang='lat' dir='ltr'>vocabatur,</span> <span class='ocrx_word' id='word_1_90' title='bbox 3300 1740 3421 1812; x_wconf 88' lang='lat' dir='ltr'>per</span> 
     </span>
     <span class='ocr_line' id='line_1_11' title="bbox 607 1837 3423 1934; baseline 0.002 -25"><span class='ocrx_word' id='word_1_91' title='bbox 607 1838 917 1911; x_wconf 84' lang='lat' dir='ltr'>effectum</span> <span class='ocrx_word' id='word_1_92' title='bbox 948 1838 1178 1934; x_wconf 90' lang='lat' dir='ltr'>operis</span> <span class='ocrx_word' id='word_1_93' title='bbox 1209 1839 1502 1911; x_wconf 91' lang='lat' dir='ltr'>Domino</span> <span class='ocrx_word' id='word_1_94' title='bbox 1539 1837 1932 1929; x_wconf 83' lang='lat' dir='ltr'>exhibetur,</span> <span class='ocrx_word' id='word_1_95' title='bbox 1975 1846 2054 1910; x_wconf 93' lang='lat' dir='ltr'>ut</span> <span class='ocrx_word' id='word_1_96' title='bbox 2084 1847 2317 1912; x_wconf 88' lang='lat' dir='ltr'>nostre</span> <span class='ocrx_word' id='word_1_97' title='bbox 2343 1838 2787 1932; x_wconf 85' lang='lat' dir='ltr'>benignitatis</span> <span class='ocrx_word' id='word_1_98' title='bbox 2822 1840 3127 1912; x_wconf 85' lang='lat' dir='ltr'>favorem</span> <span class='ocrx_word' id='word_1_99' title='bbox 3160 1862 3423 1934; x_wconf 88' lang='lat' dir='ltr'>agnos-</span> 
     </span>
     <span class='ocr_line' id='line_1_12' title="bbox 604 1961 3420 2057; baseline 0.002 -25"><span class='ocrx_word' id='word_1_100' title='bbox 604 1972 738 2053; x_wconf 89' lang='lat' dir='ltr'>cat,</span> <span class='ocrx_word' id='word_1_101' title='bbox 788 1961 883 2036; x_wconf 91' lang='lat' dir='ltr'>ad</span> <span class='ocrx_word' id='word_1_102' title='bbox 926 1962 1373 2035; x_wconf 86' lang='lat' dir='ltr'>imitationem</span> <span class='ocrx_word' id='word_1_103' title='bbox 1417 1962 1833 2036; x_wconf 87' lang='lat' dir='ltr'>serenissimi</span> <span class='ocrx_word' id='word_1_104' title='bbox 1880 1962 2144 2036; x_wconf 91' lang='lat' dir='ltr'>domini</span> <span class='ocrx_word' id='word_1_105' title='bbox 2196 1962 2627 2057; x_wconf 89' lang='lat' dir='ltr'>imperatoris</span> <span class='ocrx_word' id='word_1_106' title='bbox 2660 1962 2872 2057; x_wconf 87' lang='lat' dir='ltr'>patris</span> <span class='ocrx_word' id='word_1_107' title='bbox 2918 1964 3165 2055; x_wconf 88' lang='lat' dir='ltr'>nostri,</span> <span class='ocrx_word' id='word_1_108' title='bbox 3234 1964 3420 2038; x_wconf 90' lang='lat' dir='ltr'>illius</span> 
     </span>
     <span class='ocr_line' id='line_1_13' title="bbox 604 2084 3419 2182; baseline 0.001 -27"><span class='ocrx_word' id='word_1_109' title='bbox 604 2085 851 2157; x_wconf 89' lang='lat' dir='ltr'>intuitu</span> <span class='ocrx_word' id='word_1_110' title='bbox 886 2084 1076 2181; x_wconf 88' lang='lat' dir='ltr'>apud</span> <span class='ocrx_word' id='word_1_111' title='bbox 1120 2108 1330 2182; x_wconf 91' lang='lat' dir='ltr'>quem</span> <span class='ocrx_word' id='word_1_112' title='bbox 1366 2107 1496 2161; x_wconf 91' lang='lat' dir='ltr'>nec</span> <span class='ocrx_word' id='word_1_113' title='bbox 1544 2087 1865 2160; x_wconf 90' lang='lat' dir='ltr'>meritum</span> <span class='ocrx_word' id='word_1_114' title='bbox 1899 2086 2166 2182; x_wconf 92' lang='lat' dir='ltr'>deperit</span> <span class='ocrx_word' id='word_1_115' title='bbox 2214 2107 2343 2158; x_wconf 88' lang='lat' dir='ltr'>nec</span> <span class='ocrx_word' id='word_1_116' title='bbox 2387 2107 2805 2180; x_wconf 88' lang='lat' dir='ltr'>quemquam</span> <span class='ocrx_word' id='word_1_117' title='bbox 2845 2085 3419 2161; x_wconf 89' lang='lat' dir='ltr'>irremuneratum</span> 
     </span>
     <span class='ocr_line' id='line_1_14' title="bbox 605 2209 3421 2304; baseline 0.001 -25"><span class='ocrx_word' id='word_1_118' title='bbox 605 2209 954 2303; x_wconf 86' lang='lat' dir='ltr'>relinquit,</span> <span class='ocrx_word' id='word_1_119' title='bbox 1015 2231 1142 2304; x_wconf 90' lang='lat' dir='ltr'>pro</span> <span class='ocrx_word' id='word_1_120' title='bbox 1193 2209 1499 2283; x_wconf 90' lang='lat' dir='ltr'>remedio</span> <span class='ocrx_word' id='word_1_121' title='bbox 1536 2230 1817 2303; x_wconf 92' lang='lat' dir='ltr'>quoque</span> <span class='ocrx_word' id='word_1_122' title='bbox 1861 2209 2245 2283; x_wconf 91' lang='lat' dir='ltr'>animarum</span> <span class='ocrx_word' id='word_1_123' title='bbox 2282 2217 2647 2304; x_wconf 87' lang='lat' dir='ltr'>parentum</span> <span class='ocrx_word' id='word_1_124' title='bbox 2695 2216 3082 2281; x_wconf 90' lang='lat' dir='ltr'>nostrorum</span> <span class='ocrx_word' id='word_1_125' title='bbox 3124 2210 3238 2304; x_wconf 94' lang='lat' dir='ltr'>pie</span> <span class='ocrx_word' id='word_1_126' title='bbox 3270 2230 3421 2282; x_wconf 91' lang='lat' dir='ltr'>me-</span> 
     </span>
     <span class='ocr_line' id='line_1_15' title="bbox 602 2332 3423 2428; baseline 0.001 -26"><span class='ocrx_word' id='word_1_127' title='bbox 602 2333 811 2405; x_wconf 89' lang='lat' dir='ltr'>morie</span> <span class='ocrx_word' id='word_1_128' title='bbox 846 2332 1173 2406; x_wconf 86' lang='lat' dir='ltr'>divorum</span> <span class='ocrx_word' id='word_1_129' title='bbox 1200 2342 1687 2427; x_wconf 86' lang='lat' dir='ltr'>augustorum,</span> <span class='ocrx_word' id='word_1_130' title='bbox 1728 2334 2115 2428; x_wconf 90' lang='lat' dir='ltr'>recepimus</span> <span class='ocrx_word' id='word_1_131' title='bbox 2144 2333 2373 2427; x_wconf 91' lang='lat' dir='ltr'>ipsum</span> <span class='ocrx_word' id='word_1_132' title='bbox 2398 2332 2888 2404; x_wconf 90' lang='lat' dir='ltr'>monasterium</span> <span class='ocrx_word' id='word_1_133' title='bbox 2915 2355 3075 2404; x_wconf 92' lang='lat' dir='ltr'>cum</span> <span class='ocrx_word' id='word_1_134' title='bbox 3099 2333 3423 2406; x_wconf 91' lang='lat' dir='ltr'>omnibus</span> 
     </span>
     <span class='ocr_line' id='line_1_16' title="bbox 603 2452 3422 2550; baseline 0.002 -27"><span class='ocrx_word' id='word_1_135' title='bbox 603 2453 958 2547; x_wconf 85' lang='lat' dir='ltr'>mancipiis</span> <span class='ocrx_word' id='word_1_136' title='bbox 983 2462 1053 2526; x_wconf 90' lang='lat' dir='ltr'>et</span> <span class='ocrx_word' id='word_1_137' title='bbox 1087 2454 1636 2549; x_wconf 85' lang='lat' dir='ltr'>possessionibus</span> <span class='ocrx_word' id='word_1_138' title='bbox 1670 2454 1817 2527; x_wconf 87' lang='lat' dir='ltr'>suis</span> <span class='ocrx_word' id='word_1_139' title='bbox 1851 2453 1985 2527; x_wconf 91' lang='lat' dir='ltr'>sub</span> <span class='ocrx_word' id='word_1_140' title='bbox 2014 2454 2380 2549; x_wconf 81' lang='lat' dir='ltr'>specialem</span> <span class='ocrx_word' id='word_1_141' title='bbox 2416 2454 2606 2547; x_wconf 89' lang='lat' dir='ltr'>regie</span> <span class='ocrx_word' id='word_1_142' title='bbox 2638 2452 3131 2547; x_wconf 87' lang='lat' dir='ltr'>magnitudinis</span> <span class='ocrx_word' id='word_1_143' title='bbox 3153 2465 3422 2550; x_wconf 88' lang='lat' dir='ltr'>protec-</span> 
     </span>
     <span class='ocr_line' id='line_1_17' title="bbox 605 2575 3423 2671; baseline 0.002 -25"><span class='ocrx_word' id='word_1_144' title='bbox 605 2575 894 2667; x_wconf 80' lang='lat' dir='ltr'>tionem3</span> <span class='ocrx_word' id='word_1_145' title='bbox 954 2576 1045 2649; x_wconf 91' lang='lat' dir='ltr'>de</span> <span class='ocrx_word' id='word_1_146' title='bbox 1078 2577 1299 2671; x_wconf 91' lang='lat' dir='ltr'>gratia</span> <span class='ocrx_word' id='word_1_147' title='bbox 1327 2578 1713 2651; x_wconf 90' lang='lat' dir='ltr'>serenitatis</span> <span class='ocrx_word' id='word_1_148' title='bbox 1749 2588 1981 2651; x_wconf 87' lang='lat' dir='ltr'>nostre</span> <span class='ocrx_word' id='word_1_149' title='bbox 2004 2577 2336 2669; x_wconf 81' lang='lat' dir='ltr'>jamdicto</span> <span class='ocrx_word' id='word_1_150' title='bbox 2366 2578 2779 2650; x_wconf 87' lang='lat' dir='ltr'>monasterio</span> <span class='ocrx_word' id='word_1_151' title='bbox 2814 2587 2883 2649; x_wconf 90' lang='lat' dir='ltr'>et</span> <span class='ocrx_word' id='word_1_152' title='bbox 2917 2578 3240 2651; x_wconf 82' lang='lat' dir='ltr'>fratribus</span> <span class='ocrx_word' id='word_1_153' title='bbox 3286 2580 3423 2651; x_wconf 90' lang='lat' dir='ltr'>illic</span> 
     </span>
     <span class='ocr_line' id='line_1_18' title="bbox 603 2698 3421 2795; baseline 0.001 -26"><span class='ocrx_word' id='word_1_154' title='bbox 603 2699 891 2777; x_wconf 89' lang='lat' dir='ltr'>Domino</span> <span class='ocrx_word' id='word_1_155' title='bbox 915 2700 1370 2774; x_wconf 84' lang='lat' dir='ltr'>militantibus</span> <span class='ocrx_word' id='word_1_156' title='bbox 1399 2699 1673 2791; x_wconf 73' lang='lat' dir='ltr'>danteS,</span> <span class='ocrx_word' id='word_1_157' title='bbox 1712 2698 2168 2774; x_wconf 89' lang='lat' dir='ltr'>concedentes</span> <span class='ocrx_word' id='word_1_158' title='bbox 2190 2710 2402 2793; x_wconf 87' lang='lat' dir='ltr'>atque</span> <span class='ocrx_word' id='word_1_159' title='bbox 2421 2698 2901 2773; x_wconf 85' lang='lat' dir='ltr'>confirmantes</span> <span class='ocrx_word' id='word_1_160' title='bbox 2925 2701 2997 2771; x_wconf 94' lang='lat' dir='ltr'>in</span> <span class='ocrx_word' id='word_1_161' title='bbox 3017 2709 3421 2795; x_wconf 88' lang='lat' dir='ltr'>perpetuum</span> 
     </span>
     <span class='ocr_line' id='line_1_19' title="bbox 607 2822 3426 2919; baseline 0.002 -27"><span class='ocrx_word' id='word_1_162' title='bbox 607 2822 922 2916; x_wconf 87' lang='lat' dir='ltr'>predium</span> <span class='ocrx_word' id='word_1_163' title='bbox 957 2824 1029 2895; x_wconf 93' lang='lat' dir='ltr'>in</span> <span class='ocrx_word' id='word_1_164' title='bbox 1058 2823 1488 2918; x_wconf 90' lang='lat' dir='ltr'>Mundingen</span> <span class='ocrx_word' id='word_1_165' title='bbox 1523 2822 1713 2919; x_wconf 89' lang='lat' dir='ltr'>quod</span> <span class='ocrx_word' id='word_1_166' title='bbox 1751 2822 1938 2897; x_wconf 90' lang='lat' dir='ltr'>idem</span> <span class='ocrx_word' id='word_1_167' title='bbox 1976 2824 2462 2897; x_wconf 91' lang='lat' dir='ltr'>monasterium</span> <span class='ocrx_word' id='word_1_168' title='bbox 2501 2824 2591 2894; x_wconf 92' lang='lat' dir='ltr'>ab</span> <span class='ocrx_word' id='word_1_169' title='bbox 2617 2823 3087 2918; x_wconf 89' lang='lat' dir='ltr'>Hospitalariis</span> <span class='ocrx_word' id='word_1_170' title='bbox 3131 2845 3426 2919; x_wconf 89' lang='lat' dir='ltr'>compa-</span> 
     </span>
     <span class='ocr_line' id='line_1_20' title="bbox 607 2947 3425 3045; baseline 0.002 -29"><span class='ocrx_word' id='word_1_171' title='bbox 607 2949 987 3021; x_wconf 87' lang='lat' dir='ltr'>ravit·cum</span> <span class='ocrx_word' id='word_1_172' title='bbox 1041 2948 1386 3022; x_wconf 88' lang='lat' dir='ltr'>universis</span> <span class='ocrx_word' id='word_1_173' title='bbox 1431 2948 1861 3045; x_wconf 89' lang='lat' dir='ltr'>appendiciis</span> <span class='ocrx_word' id='word_1_174' title='bbox 1912 2950 2093 3040; x_wconf 87' lang='lat' dir='ltr'>suis,</span> <span class='ocrx_word' id='word_1_175' title='bbox 2148 2948 2466 3041; x_wconf 86' lang='lat' dir='ltr'>justitiis,</span> <span class='ocrx_word' id='word_1_176' title='bbox 2532 2947 3053 3042; x_wconf 85' lang='lat' dir='ltr'>rationibusque</span> <span class='ocrx_word' id='word_1_177' title='bbox 3100 2947 3192 3022; x_wconf 88' lang='lat' dir='ltr'>ad</span> <span class='ocrx_word' id='word_1_178' title='bbox 3253 2947 3425 3021; x_wconf 89' lang='lat' dir='ltr'>illud</span> 
     </span>
     <span class='ocr_line' id='line_1_21' title="bbox 606 3070 3424 3166; baseline 0 -24"><span class='ocrx_word' id='word_1_179' title='bbox 606 3071 922 3164; x_wconf 88' lang='lat' dir='ltr'>predium</span> <span class='ocrx_word' id='word_1_180' title='bbox 954 3072 1479 3166; x_wconf 87' lang='lat' dir='ltr'>pertinentibus.</span> <span class='ocrx_word' id='word_1_181' title='bbox 1520 3072 1977 3147; x_wconf 87' lang='lat' dir='ltr'>Concedimus</span> <span class='ocrx_word' id='word_1_182' title='bbox 2029 3071 2121 3146; x_wconf 92' lang='lat' dir='ltr'>ad</span> <span class='ocrx_word' id='word_1_183' title='bbox 2169 3072 2300 3144; x_wconf 90' lang='lat' dir='ltr'>hec</span> <span class='ocrx_word' id='word_1_184' title='bbox 2338 3071 2565 3145; x_wconf 91' lang='lat' dir='ltr'>eidem</span> <span class='ocrx_word' id='word_1_185' title='bbox 2605 3073 3018 3145; x_wconf 88' lang='lat' dir='ltr'>monasterio</span> <span class='ocrx_word' id='word_1_186' title='bbox 3056 3081 3125 3144; x_wconf 92' lang='lat' dir='ltr'>et</span> <span class='ocrx_word' id='word_1_187' title='bbox 3160 3070 3424 3145; x_wconf 86' lang='lat' dir='ltr'>confir-</span> 
     </span>
     <span class='ocr_line' id='line_1_22' title="bbox 608 3177 3425 3291; baseline 0.002 -27"><span class='ocrx_word' id='word_1_188' title='bbox 608 3212 871 3266; x_wconf 88' lang='lat' dir='ltr'>mamus</span> <span class='ocrx_word' id='word_1_189' title='bbox 910 3217 1350 3291; x_wconf 90' lang='lat' dir='ltr'>quecumque</span> <span class='ocrx_word' id='word_1_190' title='bbox 1398 3197 1836 3271; x_wconf 89' lang='lat' dir='ltr'>concessione</span> <span class='ocrx_word' id='word_1_191' title='bbox 1879 3194 2319 3291; x_wconf 85' lang='lat' dir='ltr'>pontificum‚</span> <span class='ocrx_word' id='word_1_192' title='bbox 2374 3195 2732 3289; x_wconf 88' lang='lat' dir='ltr'>largitione</span> <span class='ocrx_word' id='word_1_193' title='bbox 2770 3177 3198 3291; x_wconf 83' lang='lat' dir='ltr'>principum,</span> <span class='ocrx_word' id='word_1_194' title='bbox 3242 3195 3425 3270; x_wconf 89' lang='lat' dir='ltr'>deno</span> 
     </span>
     <span class='ocr_line' id='line_1_23' title="bbox 611 3318 3427 3411; baseline 0 -21"><span class='ocrx_word' id='word_1_195' title='bbox 611 3318 929 3392; x_wconf 73' lang='lat' dir='ltr'>comitum</span> <span class='ocrx_word' id='word_1_196' title='bbox 957 3319 1071 3392; x_wconf 85' lang='lat' dir='ltr'>vel</span> <span class='ocrx_word' id='word_1_197' title='bbox 1103 3318 1443 3396; x_wconf 88' lang='lat' dir='ltr'>baronum</span> <span class='ocrx_word' id='word_1_198' title='bbox 1467 3328 1538 3393; x_wconf 88' lang='lat' dir='ltr'>et</span> <span class='ocrx_word' id='word_1_199' title='bbox 1567 3319 1856 3392; x_wconf 89' lang='lat' dir='ltr'>aliorum</span> <span class='ocrx_word' id='word_1_200' title='bbox 1886 3319 2230 3392; x_wconf 89' lang='lat' dir='ltr'>oblatione</span> <span class='ocrx_word' id='word_1_201' title='bbox 2262 3318 2571 3391; x_wconf 89' lang='lat' dir='ltr'>fidelium</span> <span class='ocrx_word' id='word_1_202' title='bbox 2598 3322 2785 3411; x_wconf 62' lang='lat' dir='ltr'>⁸iuste</span> <span class='ocrx_word' id='word_1_203' title='bbox 2820 3330 2892 3392; x_wconf 88' lang='lat' dir='ltr'>et</span> <span class='ocrx_word' id='word_1_204' title='bbox 2937 3319 3427 3392; x_wconf 86' lang='lat' dir='ltr'>rationabiliter</span> 
     </span>
     <span class='ocr_line' id='line_1_24' title="bbox 613 3440 3427 3538; baseline 0.001 -26"><span class='ocrx_word' id='word_1_205' title='bbox 613 3441 912 3532; x_wconf 86' lang='lat' dir='ltr'>possidet</span> <span class='ocrx_word' id='word_1_206' title='bbox 928 3450 997 3514; x_wconf 93' lang='lat' dir='ltr'>et</span> <span class='ocrx_word' id='word_1_207' title='bbox 1022 3443 1099 3514; x_wconf 92' lang='lat' dir='ltr'>in</span> <span class='ocrx_word' id='word_1_208' title='bbox 1124 3443 1623 3538; x_wconf 89' lang='lat' dir='ltr'>presentiarum</span> <span class='ocrx_word' id='word_1_209' title='bbox 1643 3450 1766 3516; x_wconf 88' lang='lat' dir='ltr'>aut</span> <span class='ocrx_word' id='word_1_210' title='bbox 1791 3443 2190 3514; x_wconf 87' lang='lat' dir='ltr'>infuturum</span> <span class='ocrx_word' id='word_1_211' title='bbox 2211 3442 2418 3533; x_wconf 88' lang='lat' dir='ltr'>justis</span> <span class='ocrx_word' id='word_1_212' title='bbox 2442 3440 2667 3518; x_wconf 90' lang='lat' dir='ltr'>modis</span> <span class='ocrx_word' id='word_1_213' title='bbox 2695 3442 3113 3515; x_wconf 88' lang='lat' dir='ltr'>concedente</span> <span class='ocrx_word' id='word_1_214' title='bbox 3139 3444 3427 3518; x_wconf 90' lang='lat' dir='ltr'>Domino</span> 
     </span>
     <span class='ocr_line' id='line_1_25' title="bbox 613 3564 3427 3661; baseline 0.001 -27"><span class='ocrx_word' id='word_1_215' title='bbox 613 3565 850 3656; x_wconf 88' lang='lat' dir='ltr'>poterit</span> <span class='ocrx_word' id='word_1_216' title='bbox 897 3565 1235 3661; x_wconf 80' lang='lat' dir='ltr'>adipisci3</span> <span class='ocrx_word' id='word_1_217' title='bbox 1284 3567 1592 3639; x_wconf 83' lang='lat' dir='ltr'>volentes</span> <span class='ocrx_word' id='word_1_218' title='bbox 1631 3566 1836 3640; x_wconf 89' lang='lat' dir='ltr'>etiam</span> <span class='ocrx_word' id='word_1_219' title='bbox 1898 3565 2339 3654; x_wconf 89' lang='lat' dir='ltr'>concambia,</span> <span class='ocrx_word' id='word_1_220' title='bbox 2396 3564 2803 3639; x_wconf 87' lang='lat' dir='ltr'>donationes</span> <span class='ocrx_word' id='word_1_221' title='bbox 2864 3574 2933 3638; x_wconf 91' lang='lat' dir='ltr'>et</span> <span class='ocrx_word' id='word_1_222' title='bbox 2992 3564 3427 3638; x_wconf 84' lang='lat' dir='ltr'>venditiones</span> 
     </span>
     <span class='ocr_line' id='line_1_26' title="bbox 616 3687 3428 3764; baseline 0.001 -7"><span class='ocrx_word' id='word_1_223' title='bbox 616 3704 845 3759; x_wconf 90' lang='lat' dir='ltr'>omnes</span> <span class='ocrx_word' id='word_1_224' title='bbox 871 3708 913 3760; x_wconf 92' lang='lat' dir='ltr'>a</span> <span class='ocrx_word' id='word_1_225' title='bbox 947 3688 1511 3762; x_wconf 87' lang='lat' dir='ltr'>ministerialibus</span> <span class='ocrx_word' id='word_1_226' title='bbox 1545 3699 1614 3764; x_wconf 88' lang='lat' dir='ltr'>et</span> <span class='ocrx_word' id='word_1_227' title='bbox 1649 3689 2046 3762; x_wconf 89' lang='lat' dir='ltr'>hominibus</span> <span class='ocrx_word' id='word_1_228' title='bbox 2079 3690 2332 3762; x_wconf 87' lang='lat' dir='ltr'>nostris</span> <span class='ocrx_word' id='word_1_229' title='bbox 2364 3688 2594 3762; x_wconf 89' lang='lat' dir='ltr'>eidem</span> <span class='ocrx_word' id='word_1_230' title='bbox 2630 3689 3042 3762; x_wconf 87' lang='lat' dir='ltr'>monasterio</span> <span class='ocrx_word' id='word_1_231' title='bbox 3093 3689 3306 3761; x_wconf 82' lang='lat' dir='ltr'>factas</span> <span class='ocrx_word' id='word_1_232' title='bbox 3338 3687 3428 3761; x_wconf 92' lang='lat' dir='ltr'>de</span> 
     </span>
     <span class='ocr_line' id='line_1_27' title="bbox 615 3805 3418 3907; baseline 0 -27"><span class='ocrx_word' id='word_1_233' title='bbox 615 3805 805 3881; x_wconf 90' lang='lat' dir='ltr'>bonis</span> <span class='ocrx_word' id='word_1_234' title='bbox 843 3810 1113 3905; x_wconf 89' lang='lat' dir='ltr'>imperii</span> <span class='ocrx_word' id='word_1_235' title='bbox 1149 3813 1260 3883; x_wconf 85' lang='lat' dir='ltr'>vel</span> <span class='ocrx_word' id='word_1_236' title='bbox 1286 3812 1676 3905; x_wconf 88' lang='lat' dir='ltr'>patrimonii</span> <span class='ocrx_word' id='word_1_237' title='bbox 1710 3813 1950 3901; x_wconf 88' lang='lat' dir='ltr'>nostri,</span> <span class='ocrx_word' id='word_1_238' title='bbox 1994 3810 2226 3885; x_wconf 84' lang='lat' dir='ltr'>firmas</span> <span class='ocrx_word' id='word_1_239' title='bbox 2262 3834 2533 3907; x_wconf 84' lang='lat' dir='ltr'>semper</span> <span class='ocrx_word' id='word_1_240' title='bbox 2570 3823 2640 3886; x_wconf 89' lang='lat' dir='ltr'>et</span> <span class='ocrx_word' id='word_1_241' title='bbox 2672 3813 2967 3884; x_wconf 88' lang='lat' dir='ltr'>illibatas</span> <span class='ocrx_word' id='word_1_242' title='bbox 2993 3831 3418 3905; x_wconf 88' lang='lat' dir='ltr'>permanere.</span> 
     </span>
     <span class='ocr_line' id='line_1_28' title="bbox 618 3929 3476 4029; baseline 0.001 -28"><span class='ocrx_word' id='word_1_243' title='bbox 618 3929 831 4026; x_wconf 89' lang='lat' dir='ltr'>thue</span> <span class='ocrx_word' id='word_1_244' title='bbox 858 3933 1330 4029; x_wconf 87' lang='lat' dir='ltr'>supradictum</span> <span class='ocrx_word' id='word_1_245' title='bbox 1373 3934 1868 4008; x_wconf 86' lang='lat' dir='ltr'>monasterium</span> <span class='ocrx_word' id='word_1_246' title='bbox 1904 3944 2135 4007; x_wconf 87' lang='lat' dir='ltr'>nostre</span> <span class='ocrx_word' id='word_1_247' title='bbox 2168 3935 2386 4026; x_wconf 88' lang='lat' dir='ltr'>gratie</span> <span class='ocrx_word' id='word_1_248' title='bbox 2429 3933 2857 4029; x_wconf 87' lang='lat' dir='ltr'>plenitudine</span> <span class='ocrx_word' id='word_1_249' title='bbox 2896 3931 3199 4023; x_wconf 86' lang='lat' dir='ltr'>gaudeat</span> <span class='ocrx_word' id='word_1_250' title='bbox 3237 3941 3304 4005; x_wconf 92' lang='lat' dir='ltr'>et</span> <span class='ocrx_word' id='word_1_251' title='bbox 3353 3934 3426 4005; x_wconf 93' lang='lat' dir='ltr'>in</span> <span class='ocrx_word' id='word_1_252' title='bbox 3467 3970 3476 3978; x_wconf 94' lang='lat'><strong>·</strong></span> 
     </span>
     <span class='ocr_line' id='line_1_29' title="bbox 619 4055 3426 4151; baseline 0.001 -26"><span class='ocrx_word' id='word_1_253' title='bbox 619 4062 786 4127; x_wconf 86' lang='lat' dir='ltr'>statu</span> <span class='ocrx_word' id='word_1_254' title='bbox 823 4057 1014 4151; x_wconf 87' lang='lat' dir='ltr'>pacis</span> <span class='ocrx_word' id='word_1_255' title='bbox 1059 4058 1417 4149; x_wconf 88' lang='lat' dir='ltr'>consistat,</span> <span class='ocrx_word' id='word_1_256' title='bbox 1471 4068 1542 4131; x_wconf 90' lang='lat' dir='ltr'>et</span> <span class='ocrx_word' id='word_1_257' title='bbox 1576 4068 1655 4129; x_wconf 88' lang='lat' dir='ltr'>ut</span> <span class='ocrx_word' id='word_1_258' title='bbox 1694 4058 1826 4130; x_wconf 89' lang='lat' dir='ltr'>hec</span> <span class='ocrx_word' id='word_1_259' title='bbox 1859 4058 2208 4131; x_wconf 87' lang='lat' dir='ltr'>concessio</span> <span class='ocrx_word' id='word_1_260' title='bbox 2245 4065 2477 4130; x_wconf 88' lang='lat' dir='ltr'>nostra</span> <span class='ocrx_word' id='word_1_261' title='bbox 2513 4065 2582 4128; x_wconf 91' lang='lat' dir='ltr'>et</span> <span class='ocrx_word' id='word_1_262' title='bbox 2609 4055 3031 4128; x_wconf 82' lang='lat' dir='ltr'>confirmatio</span> <span class='ocrx_word' id='word_1_263' title='bbox 3056 4056 3323 4129; x_wconf 90' lang='lat' dir='ltr'>stabilis</span> <span class='ocrx_word' id='word_1_264' title='bbox 3357 4066 3426 4130; x_wconf 92' lang='lat' dir='ltr'>et</span> 
     </span>
     <span class='ocr_line' id='line_1_30' title="bbox 619 4174 3426 4277; baseline 0.003 -32"><span class='ocrx_word' id='word_1_265' title='bbox 619 4174 871 4252; x_wconf 87' lang='lat' dir='ltr'>illibata</span> <span class='ocrx_word' id='word_1_266' title='bbox 903 4181 1259 4274; x_wconf 89' lang='lat' dir='ltr'>consistat,</span> <span class='ocrx_word' id='word_1_267' title='bbox 1297 4203 1584 4277; x_wconf 87' lang='lat' dir='ltr'>presens</span> <span class='ocrx_word' id='word_1_268' title='bbox 1624 4181 1790 4256; x_wconf 91' lang='lat' dir='ltr'>inde</span> <span class='ocrx_word' id='word_1_269' title='bbox 1828 4182 2273 4277; x_wconf 88' lang='lat' dir='ltr'>privilegium</span> <span class='ocrx_word' id='word_1_270' title='bbox 2322 4180 2654 4253; x_wconf 90' lang='lat' dir='ltr'>conscribi</span> <span class='ocrx_word' id='word_1_271' title='bbox 2697 4179 3038 4271; x_wconf 88' lang='lat' dir='ltr'>jussimus</span> <span class='ocrx_word' id='word_1_272' title='bbox 3092 4188 3162 4252; x_wconf 92' lang='lat' dir='ltr'>et</span> <span class='ocrx_word' id='word_1_273' title='bbox 3196 4189 3426 4254; x_wconf 87' lang='lat' dir='ltr'>nostre</span> 
     </span>
     <span class='ocr_line' id='line_1_31' title="bbox 622 4303 1657 4392; baseline 0.007 -20"><span class='ocrx_word' id='word_1_274' title='bbox 622 4303 981 4392; x_wconf 63' lang='lat' dir='ltr'>majestatis</span> <span class='ocrx_word' id='word_1_275' title='bbox 1007 4304 1195 4379; x_wconf 90' lang='lat' dir='ltr'>bulla</span> <span class='ocrx_word' id='word_1_276' title='bbox 1222 4307 1657 4379; x_wconf 89' lang='lat' dir='ltr'>communiri.</span> 
     </span>
    </p>

    <p class='ocr_par' dir='ltr' id='par_1_3' title="bbox 624 4425 3425 4647">
     <span class='ocr_line' id='line_1_32' title="bbox 707 4425 3425 4576; baseline 0 -79"><span class='ocrx_word' id='word_1_277' title='bbox 707 4426 928 4518; x_wconf 82' lang='lat' dir='ltr'>Hujus</span> <span class='ocrx_word' id='word_1_278' title='bbox 961 4428 1062 4500; x_wconf 92' lang='lat' dir='ltr'>rei</span> <span class='ocrx_word' id='word_1_279' title='bbox 1094 4439 1297 4503; x_wconf 88' lang='lat' dir='ltr'>testes</span> <span class='ocrx_word' id='word_1_280' title='bbox 1328 4440 1529 4503; x_wconf 90' lang='lat' dir='ltr'>sunt.</span> <span class='ocrx_word' id='word_1_281' title='bbox 1550 4429 1961 4504; x_wconf 87' lang='lat' dir='ltr'>Bertholdus</span> <span class='ocrx_word' id='word_1_282' title='bbox 1981 4428 2501 4520; x_wconf 83' lang='lat' dir='ltr'>Argentinensis</span> <span class='ocrx_word' id='word_1_283' title='bbox 2524 4427 2913 4522; x_wconf 89' lang='lat' dir='ltr'>episcopus,</span> <span class='ocrx_word' id='word_1_284' title='bbox 2952 4425 3172 4499; x_wconf 89' lang='lat' dir='ltr'>abbas</span> <span class='ocrx_word' id='word_1_285' title='bbox 3198 4428 3425 4576; x_wconf 77' lang='lat' dir='ltr'>Sancti</span> 
     </span>
     <span class='ocr_line' id='line_1_33' title="bbox 624 4542 2371 4647; baseline 0.005 -33"><span class='ocrx_word' id='word_1_286' title='bbox 624 4542 821 4637; x_wconf 88' lang='lat' dir='ltr'>Galli,</span> <span class='ocrx_word' id='word_1_287' title='bbox 859 4572 1091 4625; x_wconf 89' lang='lat' dir='ltr'>comes</span> <span class='ocrx_word' id='word_1_288' title='bbox 1125 4554 1463 4626; x_wconf 88' lang='lat' dir='ltr'>Henricus</span> <span class='ocrx_word' id='word_1_289' title='bbox 1490 4554 1580 4627; x_wconf 93' lang='lat' dir='ltr'>de</span> <span class='ocrx_word' id='word_1_290' title='bbox 1604 4552 1895 4643; x_wconf 90' lang='lat' dir='ltr'>Werda,</span> <span class='ocrx_word' id='word_1_291' title='bbox 1937 4562 2007 4624; x_wconf 90' lang='lat' dir='ltr'>et</span> <span class='ocrx_word' id='word_1_292' title='bbox 2039 4553 2155 4628; x_wconf 91' lang='lat' dir='ltr'>alii</span> <span class='ocrx_word' id='word_1_293' title='bbox 2192 4550 2371 4647; x_wconf 72' lang='lat' dir='ltr'>(sic).</span> 
     </span>
    </p>

    <p class='ocr_par' dir='ltr' id='par_1_4' title="bbox 713 4669 3429 4768">
     <span class='ocr_line' id='line_1_34' title="bbox 713 4669 3429 4768; baseline 0.001 -26"><span class='ocrx_word' id='word_1_294' title='bbox 713 4669 879 4746; x_wconf 85' lang='lat' dir='ltr'>Acta</span> <span class='ocrx_word' id='word_1_295' title='bbox 909 4684 1074 4747; x_wconf 90' lang='lat' dir='ltr'>sunt</span> <span class='ocrx_word' id='word_1_296' title='bbox 1105 4676 1239 4751; x_wconf 90' lang='lat' dir='ltr'>hec</span> <span class='ocrx_word' id='word_1_297' title='bbox 1271 4698 1459 4753; x_wconf 88' lang='lat' dir='ltr'>anno</span> <span class='ocrx_word' id='word_1_298' title='bbox 1484 4680 1578 4754; x_wconf 91' lang='grc' dir='ltr'>Μ.</span> <span class='ocrx_word' id='word_1_299' title='bbox 1612 4677 1739 4752; x_wconf 90' lang='lat' dir='ltr'>CC.</span> <span class='ocrx_word' id='word_1_300' title='bbox 1773 4676 2067 4768; x_wconf 87' lang='lat' dir='ltr'>XXXII,</span> <span class='ocrx_word' id='word_1_301' title='bbox 2107 4676 2306 4749; x_wconf 90' lang='lat' dir='ltr'>tertio</span> <span class='ocrx_word' id='word_1_302' title='bbox 2332 4674 2662 4750; x_wconf 87' lang='lat' dir='ltr'>kalendas</span> <span class='ocrx_word' id='word_1_303' title='bbox 2689 4673 3004 4767; x_wconf 90' lang='lat' dir='ltr'>augusti,</span> <span class='ocrx_word' id='word_1_304' title='bbox 3061 4671 3429 4746; x_wconf 90' lang='lat' dir='ltr'>indictione</span> 
     </span>
    </p>
   </div>
  </div>
 </body>
</html>
