4500 5956
1102 564 1225 626 698
2133 565 2476 626 numme!
2524 565 2858 627 sapum
3550 562 3708 646 [Anu.
3746 562 3913 623 1234.

1111 696 1532 780 sensionem
1595 707 1944 778 mutuam
2008 698 2387 803 spondens
2407 760 2430 805 ,
2478 706 2937 806 protestatur
2991 696 3200 803 quod
3254 694 3795 801 promissiones
3847 705 3921 774 et

1108 827 1542 937 juramenta
1563 888 1587 934 ‚
1646 828 1747 909 ad
1808 825 2173 909 honorem
2245 828 2663 938 majestatis
2725 828 2977 938 regiae
3029 836 3105 908 et
3164 825 3584 934 specialiter
3644 824 3921 907 intuitu

1116 983 1485 1067 personae
1555 983 1737 1040 suae
1809 957 2007 1039 facta
2030 1020 2054 1066 ‚
2149 985 2548 1069 nunquam
2623 960 2826 1043 ultra
2909 960 3319 1040 instantem
3399 955 3920 1039 necessitatem

1115 1088 1485 1171 extendet.

1276 1302 1469 1382 (Edit.
1500 1319 1599 1381 ap.
1628 1303 1890 1366 Menum.
1917 1302 2106 1379 Boic„
2133 1309 2283 1366 tom.
2313 1304 2506 1379 XXX,
2532 1320 2672 1382 pars
2710 1312 2789 1377 1⁸,
2820 1320 2882 1379 p.
2911 1311 3056 1374 218,
3083 1311 3153 1362 n⁹
3182 1309 3333 1373 724,
3359 1317 3435 1360 ex
3475 1299 3745 1377 original!
3771 1297 3927 1365 undo

1354 1409 1613 1487 siglllum
1638 1409 1812 1469 valde
1832 1410 2059 1470 laesum
2084 1410 2379 1486 appendet
2403 1427 2481 1471 ex
2505 1410 2624 1471 filis
2650 1410 2849 1471 sericis
2875 1408 3041 1468 rubri
3065 1412 3126 1468 et
3152 1406 3409 1467 subflavi
3431 1406 3657 1466 coloris.
3683 1435 3763 1450 —
3787 1402 3926 1466 Μο-

1352 1520 1649 1575 moratum
1674 1530 1911 1591 quoque
1936 1530 1973 1574 a
1998 1515 2190 1576 Frisio
2213 1531 2315 1591 ap.
2341 1516 2668 1590 Lunnwm,
2703 1511 3030 1578 Gacluclzr.
3059 1529 3170 1575 von
3205 1509 3452 1585 wirzb„
3480 1528 3542 1589 p.
3577 1515 3745 1582 5⁵8.)

1216 1698 1578 1770 Heinricus
1601 1750 1621 1787 ,
1672 1698 1796 1770 Dei
1853 1698 2069 1790 gratia
2124 1700 2584 1773 Romanorum
2646 1723 2774 1774 rex
2803 1709 2874 1771 et
2904 1720 3178 1794 semper
3231 1706 3609 1791 augasma,
3669 1696 3928 1768 dilectis

1125 1819 1446 1894 fidelibus
1477 1820 1624 1890 suis
1663 1818 1946 1892 domino
1989 1822 2385 1895 Hermanno
2427 1824 2813 1897 venerabili
2866 1823 3226 1918 episcop0,
3283 1819 3515 1892 Ottoni
3550 1819 3921 1913 preposito,

1122 1942 1429 2014 Arnoldo
1475 1940 1738 2013 decano
1791 1943 2055 2037 totique
2101 1946 2404 2038 capitulo
2451 1946 2726 2038 majoris
2762 1944 3050 2018 ecclesie
3097 1941 3610 2037 Herbipolensis
3646 1941 3929 2033 gratiam

1123 2087 1318 2137 suam
1354 2073 1424 2136 et
1456 2085 1662 2137 omne
1691 2065 1977 2137 bonum.
2017 2066 2468 2160 Confitemur,
2518 2068 2983 2162 promittimus
3012 2076 3081 2138 et
3119 2065 3422 2160 presenti
3467 2063 3725 2158 pagina
3760 2082 3931 2157 pro-

1121 2195 1449 2259 testamur
1476 2187 1668 2280 quod
1702 2188 2186 2280 promissiones
2215 2199 2281 2261 et
2306 2191 2697 2281 juramenta
2727 2211 2867 2284 que
2900 2187 2993 2261 ad
3022 2188 3354 2260 honorem
3382 2196 3452 2260 et
3482 2185 3932 2258 reverentiam

1123 2310 1312 2402 regie
1339 2310 1711 2399 majestatis
1739 2319 1808 2381 et
1837 2310 2226 2404 specialiter
2252 2313 2502 2384 intuitu
2534 2333 2824 2408 persone
2851 2310 3421 2397 nostrebarones,
3465 2306 3936 2380 ministeriales

1126 2441 1195 2504 et
1224 2432 1414 2503 cives
1443 2431 1970 2526 Herbipolenses
2000 2445 2378 2527 spontanea
2434 2437 2785 2508 voluntate
2834 2443 2907 2507 et
2937 2433 3311 2506 liberaliter
3342 2431 3754 2518 emiserunt,
3809 2448 3934 2500 nec

1124 2554 1359 2628 dolose
1394 2555 1505 2626 vel
1540 2554 2012 2627 fraudulenter
2042 2557 2112 2629 in
2143 2558 2471 2630 lesionem
2503 2560 2616 2632 vel
2655 2579 3028 2649 gravamen
3073 2557 3381 2651 ipsorum
3421 2554 3792 2648 petivimus
3825 2552 3938 2623 vel

1125 2679 1521 2772 accepimus
1562 2700 1692 2750 nec
1726 2679 1933 2751 etiam
1965 2679 2302 2773 captiose,
2354 2703 2484 2753 nec
2518 2682 2945 2755 intendimus
2980 2681 3094 2752 vel
3143 2680 3470 2751 volumus
3508 2675 3756 2748 honori
3824 2682 3944 2748 aut

1120 2800 1581 2893 jurisdictioni
1613 2804 1901 2875 ecclesie
1923 2811 2152 2877 vestre
2181 2806 2293 2877 vel
2322 2827 2557 2878 eorum
2589 2829 2714 2902 per
2744 2804 3053 2899 predicta
3088 2803 3160 2873 in
3190 2801 3425 2896 aliquo
3456 2799 3796 2892 derogari,
3817 2817 3945 2870 nec

1129 2925 1486 2997 occasione
1513 2927 1885 3018 juramenti
1919 2929 2034 2999 vel
2067 2929 2540 3023 promissionis
2569 2932 2744 3004 facte
2775 2928 3113 3019 collectis,
3149 2924 3697 3014 extorsionibuS,
3731 2942 3944 3014 anga-

1131 3048 1253 3118 riis
1282 3057 1405 3118 aut
1430 3049 1854 3143 perangariis
1883 3059 2006 3123 aut
2035 3054 2516 3126 exactionibus
2542 3063 2663 3125 aut
2695 3054 2849 3127 aliis
2878 3051 3303 3148 quibuslibet
3324 3045 3949 3120 machinationibus

1136 3190 1263 3240 vos
1295 3180 1417 3241 aut
1445 3171 1628 3264 ipsos
1659 3173 2106 3262 gravabimus
2138 3177 2252 3246 vel
2292 3176 2550 3247 turbari
2585 3175 2912 3248 volumus
2951 3175 3063 3247 vel
3097 3171 3478 3262 molestari,
3515 3191 3645 3241 nec
3679 3169 3748 3240 in
3784 3189 3950 3262 per-

1137 3292 1324 3362 sonis
1349 3293 1461 3365 vel
1496 3293 1567 3363 in
1594 3294 1803 3366 rebus
1836 3297 2239 3387 veljuribus
2268 3299 2516 3370 vestris
2548 3320 2676 3371 vos
2705 3299 2819 3371 vel
2852 3299 3040 3394 ipsos
3067 3298 3141 3368 in
3180 3296 3414 3390 aliquo
3454 3291 3803 3387 impediri.
3837 3291 3951 3362 ln-

1140 3434 1346 3507 super
1380 3415 1452 3484 in
1498 3416 1820 3488 omnibus
1864 3417 1934 3489 in
1970 3420 2225 3512 quibus
2256 3421 2458 3493 nobis
2487 3422 2876 3514 juramenta
2909 3431 2981 3494 et
3010 3420 3502 3517 promissiones
3537 3419 3712 3488 facte
3752 3424 3946 3501 sunt,

1143 3538 1606 3630 promittimus
1640 3560 1768 3611 vos
1813 3549 1882 3612 et
1913 3541 2094 3634 ipsos
2128 3545 2414 3634 juvare,
2453 3544 2823 3617 defendere
2855 3553 2923 3616 et
2964 3543 3283 3617 assistere
3319 3539 3648 3627 fideliter,
3699 3537 3876 3608 sicut
3911 3556 3953 3607 a

1145 3660 1346 3731 vobis
1371 3671 1440 3733 et
1473 3662 1564 3734 ab
1602 3663 1771 3758 ipsis
1805 3664 2113 3758 predicta
2139 3667 2463 3739 volumus
2496 3668 2886 3758 observari,
2935 3690 3063 3739 nec
3090 3665 3380 3738 ulterius
3407 3661 3814 3756 juramentis
3838 3660 3951 3730 vel

1148 3784 1714 3877 promissionibus
1738 3808 1859 3860 eos
1887 3789 2332 3880 gravabimus
2370 3812 2501 3863 nec
2531 3811 2612 3863 ea
2638 3791 2925 3862 ulterius
2955 3799 3306 3886 petemus3
3350 3788 3445 3858 ita
3479 3782 3671 3879 quod
3708 3804 3793 3855 ea
3838 3802 3956 3875 per

1150 3908 1707 4000 consequentiam
1755 3929 1877 4004 pro
1910 3911 2411 3984 consuetudine
2446 3914 2586 3986 ullo
2622 3912 2829 3986 modo
2876 3912 3274 4005 exigamuS‚
3329 3907 3455 3981 sed
3489 3928 3570 3980 ea
3615 3905 3797 3977 ultra
3836 3903 3956 3973 in-

1150 4037 1446 4102 stantem
1482 4031 1953 4105 necessitatem
1990 4034 2276 4107 extendi
2322 4037 2644 4109 volumus
2690 4037 2832 4109 ullo
2872 4035 3104 4109 modo.
3155 4032 3563 4127 Recepimus
3592 4028 3799 4101 etiam
3833 4044 3960 4095 vos

1151 4170 1309 4220 cum
1343 4151 1669 4224 universo
1715 4153 1896 4226 clero
1927 4162 2193 4245 vestro,
2233 4156 2568 4246 barones,
2629 4158 3105 4229 ministeriales
3140 4165 3211 4228 et
3259 4155 3447 4226 cives
3486 4159 3751 4223 vestros
3795 4146 3962 4218 uni-

1153 4290 1389 4342 versos
1422 4281 1489 4342 et
1534 4275 1844 4365 singulos
1875 4276 2008 4347 sub
2045 4288 2347 4349 nostram
2395 4280 2881 4373 protectionem
2923 4290 2996 4353 et
3034 4278 3335 4373 graciam
3372 4272 3776 4371 specialem;
3834 4288 3958 4340 vo-

1155 4392 1371 4463 lentes
1391 4394 1550 4482 jura
1585 4397 1872 4469 ecclesie
1895 4408 2124 4471 vestre
2157 4409 2229 4471 et
2254 4400 2602 4474 libertates
2645 4403 2735 4474 ab
2789 4403 3075 4496 antiquo
3106 4420 3468 4472 concessas
3498 4405 3567 4468 et
3598 4389 3963 4489 privilegia

1157 4514 1247 4586 ab
1285 4519 1827 4589 antecessoribus
1856 4523 2104 4594 nostris
2126 4533 2197 4596 et
2226 4546 2269 4596 a
2301 4525 2498 4596 nobis
2519 4526 2799 4598 obtenta
2825 4535 2894 4600 et
2928 4528 3001 4597 in
3020 4534 3367 4621 posterum
3397 4516 3803 4603 obtinenda,
3841 4513 3963 4584 in-

1156 4637 1565 4710 violabiliter
1594 4639 1985 4715 observare.
2027 4643 2450 4737 Adjicientes
2479 4648 2670 4743 quod
2698 4650 2886 4722 cives
2925 4649 2997 4720 in
3026 4647 3434 4739 Wirceburg
3472 4652 3703 4716 nostra
3750 4636 3965 4733 gratia
