4500 5956
1140 513 1259 573 758
2136 512 2572 574 rmnmucl
2622 512 2972 574 ssscunm
3585 514 3744 591 [Anu.
3784 512 3953 576 1235.

1612 810 2024 820 -o-w——u--u-——ae
2040 810 2129 819 o—·
2152 812 2165 818 a
2178 812 2215 818 -—
2231 810 2524 821 --κως-...σου
2537 814 2550 820 -
2564 812 2577 819 a
2590 810 3106 821 §ooo—o—*0-0—-o-
3117 809 3490 819 *omo--

1245 1084 1666 1168 Fridericus
1691 1147 1714 1191 ,
1759 1084 2278 1167 Romanorum
2332 1083 2770 1191 imperator,
2812 1083 2912 1164 ad
2968 1084 3591 1193 supplicationem
3631 1080 3958 1165 Conradi

1139 1217 1781 1301 Hildeshemensis
1834 1216 2201 1327 episcopi,
2242 1225 2490 1298 ratam
2525 1216 2758 1299 habet
2791 1217 3250 1327 emptionem
3276 1216 3487 1327 justo
3521 1215 3741 1299 titulo
3776 1214 3956 1297 fac-

1142 1363 1298 1434 tam
1338 1377 1383 1432 a
1415 1350 1747 1459 capitulo
1801 1348 2113 1456 majoris
2168 1347 2527 1432 ecclesiae
2570 1348 3211 1432 Hildeshemensis
3249 1349 3763 1458 quarumdam
3798 1346 3955 1428 ad-

1140 1485 1603 1570 vocatiarum
1660 1482 1758 1564 ab
1813 1481 2246 1564 Hermanno
2302 1492 2375 1564 et
2426 1481 2749 1566 Henrico
2783 1481 3149 1565 fratribus
3184 1482 3281 1565 de
3312 1480 3869 1590 Woldenberg‚
3910 1505 3959 1559 a

1142 1617 1514 1725 Ludigero
1552 1616 1649 1698 de
1683 1614 2048 1723 Indagine
2084 1623 2159 1696 et
2195 1613 2294 1697 ab
2332 1614 2527 1697 aliis,

1298 1828 1489 1907 (Edit.
1521 1845 1618 1905 ap.
1649 1827 2057 1900 Humano,
2086 1826 2236 1888 Hist.
2266 1823 2590 1887 Gandersh.
2618 1822 2881 1906 diplom„
2910 1825 3057 1888 diss,
3086 1827 3172 1901 11,
3201 1844 3264 1905 p.
3297 1834 3598 1901 428-429,
3628 1825 3830 1886 addita
3852 1823 3959 1886 sed

1378 1936 1532 1995 male
1559 1936 1701 1994 anni
1734 1942 1884 1993 1220
1912 1932 2256 2012 notatione.)

1238 2120 1663 2206 FridericuS,
1711 2119 1833 2191 Dei
1881 2118 2103 2210 gratia
2138 2120 2601 2191 Romanorum
2649 2118 3019 2214 imperator
3064 2140 3337 2214 semper
3377 2127 3737 2212 augustuS,
3786 2116 3959 2190 Hie-

1141 2245 1436 2317 rusalem
1473 2253 1543 2315 et
1590 2242 1817 2314 Sicilie
1868 2265 2023 2331 rex,
2063 2242 2448 2336 preposito,
2509 2241 2773 2315 decano
2824 2243 3090 2337 totique
3149 2243 3449 2337 capitulo
3501 2242 3780 2333 majoris
3800 2242 3957 2313 Hil-

1142 2367 1608 2441 deshemensis
1648 2365 1934 2438 ecclesie
1964 2364 2286 2438 fidelibus
2333 2365 2477 2436 suis
2506 2366 2797 2459 gratiam
2825 2388 3021 2438 suam
3064 2375 3131 2437 et
3177 2388 3381 2439 omne
3431 2366 3716 2438 bonum.
3779 2365 3957 2437 Con-

1142 2493 1418 2563 stitutus
1489 2490 1561 2560 in
1631 2486 1970 2582 presentia
2031 2487 2409 2578 majestatis
2446 2498 2700 2561 ,nostre
2763 2488 2837 2559 C.
2901 2487 3318 2560 venerabilis
3381 2486 3960 2560 Hildoehemensis

1142 2617 1538 2711 episcopus,
1596 2612 1890 2685 dilectus
1947 2611 2268 2707 princeps
2305 2621 2566 2702 noster,
2609 2621 2840 2685 nostre
2876 2612 3270 2687 celsitudini
3305 2613 3727 2708 supplicavit
3773 2634 3957 2707 qua-

1141 2752 1343 2813 tenus
1377 2737 1475 2834 (a)
1511 2737 1926 2831 emptionem
1964 2735 2213 2808 factam
2248 2758 2291 2808 a
2327 2736 2530 2808 vobis
2564 2735 2658 2810 ad
2702 2757 2878 2831 opus
2928 2736 3219 2810 ecclesie
3268 2747 3493 2809 vestre
3532 2740 3722 2829 justo
3768 2736 3960 2808 titulo

1143 2861 1604 2959 quarumdam
1655 2859 2168 2933 advocatiarum
2224 2859 2317 2931 ab
2359 2860 2750 2932 Hermanno
2789 2868 2860 2932 et
2903 2860 3199 2933 Henrico
3249 2859 3573 2932 fratribus
3624 2860 3715 2933 de
3755 2859 3960 2932 Wol-

1146 2988 1407 3080 deberg
1450 2996 1520 3058 et
1558 3008 1600 3058 a
1640 2985 1986 3074 Ludigero
2040 2983 2132 3064 de
2166 2983 2504 3075 Indagine
2543 2994 2614 3057 et
2647 3005 2688 3056 a
2737 2983 3294 3078 quibuscumque
3337 2984 3492 3058 aliis
3524 2982 3957 3079 quieasdem

1145 3110 1543 3184 advocatias
1586 3108 1677 3180 ab
1713 3106 1958 3178 eadem
1990 3115 2217 3178 vestra
2264 3107 2554 3179 ecclesia
2599 3116 3007 3198 tenuerunt,
3045 3110 3159 3180 vel
3193 3107 3252 3179 si
3283 3129 3495 3203 qnam
3546 3108 3958 3202 emptionem

1148 3234 1218 3304 in
1250 3241 1445 3303 antea
1488 3229 1582 3324 (b)
1620 3228 1766 3299 fieri
1805 3227 2167 3319 contigerit
2196 3229 2288 3300 ab
2313 3228 2424 3300 his
2450 3229 2575 3322 qui
2606 3229 2920 3304 similiter
2947 3229 3348 3303 advocatias
3380 3231 3567 3325 ipsas
3597 3230 3688 3303 ab
3719 3229 3958 3305 eadem

1148 3354 1438 3428 ecclesia
1501 3360 1766 3441 tenent,
1827 3359 2039 3422 ratam
2109 3350 2370 3423 habere
2433 3351 2523 3424 de
2582 3360 2814 3426 nostra
2879 3354 3101 3447 gratia
3154 3353 3622 3448 dignaremur.
3690 3355 3829 3428 Nos
3873 3352 3959 3448 (c)

1148 3487 1381 3551 autem
1420 3476 1639 3570 ipsius
1670 3473 1900 3545 dilecti
1931 3473 2267 3569 principis
2296 3475 2540 3567 nostri,
2583 3477 2783 3567 cujus
2821 3477 3086 3550 sincera
3121 3477 3398 3551 devotio
3441 3488 3512 3550 et
3567 3488 3764 3573 grata
3806 3500 3960 3553 ser-

1146 3601 1317 3671 vitia
1349 3609 1582 3669 nostro
1610 3596 1891 3668 culmini
1944 3606 2139 3690 grata
2188 3597 2493 3670 resident
2527 3607 2601 3671 et
2627 3609 2950 3694 accepta,
2991 3601 3627 3696 supplicationibus.
3695 3658 3712 3675 .
3778 3657 3797 3675 .
3859 3658 3876 3674 .
3937 3657 3954 3674 .

1152 3775 1497 3796 .....
1554 3720 1972 3814 emptionem
2028 3720 2246 3813 ipsam
2290 3721 2755 3817 predictarum
2798 3721 3352 3814 advocatiarum,
3395 3725 3574 3798 sicut
3608 3748 3650 3800 a
3684 3727 3963 3825 prefatis

1145 3847 1469 3920 fratribus
1519 3845 1909 3916 Hermanno
1954 3850 2023 3915 et
2086 3843 2379 3916 Henrico
2421 3851 2488 3916 et
2542 3864 2585 3917 a
2632 3842 2976 3937 Ludigero
3037 3845 3129 3920 de
3186 3846 3526 3943 Indagine
3592 3860 3662 3922 et
3712 3872 3757 3924 a
3805 3852 3963 3946 qui-

1145 3975 1578 4065 buscumque
1634 3967 1786 4041 aliis
1841 3967 1963 4060 qui
2025 3967 2210 4061 ipsas
2266 3989 2310 4039 a
2362 3968 2835 4062 prenominata
2883 3969 3167 4043 ecclesia
3221 3972 3608 4064 tenuerint,
3666 3975 3854 4064 juste
3897 3984 3964 4047 et

1147 4095 1641 4169 rationabiliter
1681 4091 1988 4163 noscitur
2034 4113 2188 4163 esse
2232 4092 2413 4163 facta
2447 4093 2566 4164 vel
2613 4092 2687 4163 in
2726 4101 2928 4166 antea
2964 4091 3110 4168 fieri
3163 4095 3522 4189 contigerit
3559 4096 3652 4166 ab
3705 4096 3794 4168 iis
3841 4098 3960 4191 qui

1148 4219 1547 4293 advocatias
1592 4217 1776 4310 ipsas
1825 4237 1868 4287 a
1913 4214 2384 4308 prenominata
2433 4215 2721 4289 ecclesia
2769 4224 3042 4311 tenent,
3101 4227 3322 4291 ratam
3372 4227 3441 4291 et
3495 4217 3760 4291 firmam
3824 4219 3964 4292 ha-

1227 4393 1310 4472 (a)
1353 4396 1468 4469 Ap.
1498 4390 1839 4467 Harenberg
1864 4391 2140 4467 quamvis,
2169 4388 2344 4449 male.

1226 4499 1308 4578 (b)
1352 4499 1578 4559 Ibidem
1605 4513 1807 4571 aurea,
1837 4496 2011 4557 male.

1229 4605 1302 4684 (c)
1357 4603 1584 4665 Ibidem
1609 4601 1937 4683 diqnamur.
1972 4601 2120 4678 Hos,
2145 4601 2318 4662 male.
