4500 5956
1709 544 2323 608 ADDITAMENTA.
3303 552 3417 613 951

707 1107 1113 1215 HenricuS,
1170 1109 1690 1192 Romanorum
1754 1135 1924 1216 rex,
1986 1109 2356 1191 universis
2418 1107 2711 1190 civibus
2779 1111 2876 1190 de
2930 1109 3414 1193 Gelnhausen
3577 1125 3612 1167 Α
3644 1126 3704 1169 ¹¹⁶

599 1241 968 1347 promittit
1012 1243 1221 1351 quod
1258 1268 1658 1352 nunquam
1713 1242 1812 1323 ab
1849 1241 2106 1350 aliquo
2151 1267 2417 1324 eorum
2454 1241 2702 1351 exiget
2763 1251 2850 1323 ut
2912 1242 3055 1324 sibi
3109 1246 3416 1327 accedat
3487 1178 3784 1329 ‘2³8¹sz

600 1372 717 1454 vel
757 1375 1076 1482 excipiat
1112 1387 1459 1483 sumptus
1498 1402 1693 1484 quos
1739 1374 2017 1456 faceret
2076 1374 2398 1481 ibidem,
2459 1375 2594 1456 sed
2636 1376 2844 1483 quod
2880 1375 3220 1483 ejusdem
3265 1378 3411 1458 loci

599 1504 961 1587 scultetus
996 1506 1141 1588 hoc
1185 1507 1387 1589 idem
1424 1507 1671 1589 facere
1706 1506 2001 1588 debeat.

759 1717 891 1799 (Cf.
922 1736 1132 1797 supra,
1173 1738 1236 1798 p.
1288 1728 1426 1781 562.
1470 1723 1854 1800 Privllegium
1901 1721 2191 1782 ineditum
2218 1737 2377 1781 nunc
2405 1722 2700 1799 integrum
2726 1721 2937 1782 damus
2976 1739 3052 1783 ex
3091 1725 3409 1800 exemplari

834 1824 1005 1902 cujus
1027 1825 1196 1886 nobis
1218 1825 1534 1887 liberaliter
1558 1828 1787 1903 copiam
1815 1826 1956 1887 fecit
1990 1827 2366 1887 Boehmerus.
2398 1826 2582 1887 Adest
2614 1827 2679 1886 ln
2699 1833 2916 1907 regesto
2939 1827 3186 1889 civitatis
3218 1825 3404 1889 Gelu-

836 1929 1055 1992 hausen
1080 1932 1191 1993 sub
1217 1933 1413 1993 seculo
1439 1931 1585 1994 XIV
1610 1932 1905 2010 exarato.)

688 2118 1082 2207 Heinricus‚
1115 2120 1243 2191 Dei
1278 2118 1511 2212 gracia
1552 2120 2014 2190 Romanorum
2060 2140 2186 2191 rex
2229 2128 2298 2190 et
2342 2139 2612 2212 semper
2640 2128 3015 2213 augustus,
3066 2122 3408 2194 universis

593 2242 862 2337 imperii
903 2241 1259 2334 fidelibus,
1314 2243 1570 2338 quibus
1617 2264 1899 2338 presens
1941 2242 2135 2314 litera
2176 2242 2380 2314 fuerit
2420 2251 2728 2333 ostensa,
2769 2244 3068 2336 graciam
3099 2266 3297 2317 suam
3334 2255 3402 2316 et

590 2388 795 2439 omne
819 2368 1107 2440 bonum.
1143 2367 1315 2440 Cum
1350 2388 1479 2439 nos
1511 2375 1694 2440 ratas
1719 2387 1870 2439 esse
1900 2368 2221 2439 volumus
2247 2367 2515 2461 gracias
2545 2376 2617 2439 et
2643 2367 2988 2440 libertates
3022 2390 3197 2461 quas
3230 2370 3406 2440 fece-

589 2492 804 2563 rimus
840 2491 1142 2586 benigno
1193 2492 1427 2564 animo
1467 2490 1791 2564 fidelibus
1836 2492 2122 2581 nostri8‚
2159 2490 2632 2585 significamus
2670 2492 3099 2564 universitati
3139 2500 3398 2582 vestre,

590 2625 657 2688 et
689 2624 923 2687 tenore
970 2616 1394 2710 presentium
1442 2614 1867 2711 profitemur,
1915 2614 2105 2708 quod
2152 2636 2280 2687 nos
2315 2616 2754 2708 promisimus
2795 2613 3117 2688 fidelibus
3152 2616 3402 2688 nostris

589 2739 860 2812 civibus
892 2739 1239 2811 universis
1267 2739 1358 2812 de
1378 2738 1864 2831 Geilenhusen,
1885 2739 2076 2833 quod
2108 2761 2465 2833 nunquam
2493 2738 2929 2830 angariemus
2962 2740 3075 2810 vel
3107 2739 3403 2833 compel-

587 2863 810 2934 lamus
844 2862 1190 2936 maliciose
1241 2863 1543 2956 aliquem
1593 2863 1926 2957 ipsorum,
1968 2871 2046 2933 ut
2072 2862 2275 2934 nobis
2299 2862 2583 2935 accedat
2607 2862 2722 2934 vel
2752 2862 3056 2957 excipiat
3086 2870 3399 2956 sumptus

583 3008 760 3080 quos
805 2988 1185 3059 faceremus
1220 2986 1517 3077 ibidem3
1554 2987 1680 3061 sed
1711 2987 2036 3061 volumus
2078 2996 2158 3058 ut
2197 2987 2494 3083 quisque
2537 2996 2920 3058 nostrorum
2959 2988 3399 3057 scultetorum

584 3113 654 3182 in
701 3112 853 3206 ipsa
897 3112 1176 3184 civitate
1226 3111 1634 3184 constitutus
1679 3112 1880 3183 nobis
1922 3109 2208 3183 accedat
2260 3118 2330 3183 et
2375 3109 2676 3204 excipiat
2728 3119 3043 3204 sumptus
3087 3120 3390 3200 nostros;

582 3243 650 3306 ct
689 3235 1015 3307 nolumus
1060 3244 1140 3306 ut
1179 3235 1311 3330 ipsi
1355 3234 1795 3331 postmodum
1836 3233 1926 3306 de
1958 3235 2127 3328 ipsis
2164 3234 2556 3328 sumptibus
2599 3243 2669 3306 et
2710 3234 3036 3328 expensis
3081 3235 3392 3325 solvant,

581 3359 1169 3453 quemadmodum
1235 3358 1567 3431 duximus
1634 3358 1803 3453 ipsis
1866 3357 2394 3450 injungendum.
2465 3358 2870 3431 Mandantes
2924 3380 3048 3453 per
3107 3359 3396 3451 gratiam

580 3491 881 3554 nostram
919 3482 1202 3554 firmiter
1248 3482 1703 3579 precipimus,
1748 3490 1825 3553 ut
1870 3483 2101 3553 nullus
2152 3471 2242 3553 sit
2281 3483 2406 3576 qui
2451 3482 2687 3554 veniat
2733 3492 2965 3556 contra
2997 3483 3396 3578 premissam

580 3608 881 3700 graciam
938 3614 1006 3679 et
1068 3606 1446 3678 libertatem
1509 3606 1675 3700 ipsis
1719 3627 1762 3677 a
1806 3613 2034 3677 nostra
2087 3605 2451 3679 serenitate
2503 3607 2850 3701 provisam
2903 3615 2971 3677 et
3015 3606 3392 3696 indultam,

579 3732 746 3825 quia
784 3731 1070 3804 minime
1102 3731 1302 3802 nobis
1342 3731 1645 3803 conferet
1679 3729 1870 3824 quod
1915 3751 2134 3803 novas
2187 3731 2720 3804 consuetudines
2763 3752 3149 3803 crearemus
3182 3729 3279 3824 (a)
3319 3731 3393 3800 in

581 3855 1084 3950 ipsa-civitate,
1134 3875 1292 3926 cum
1325 3854 1528 3926 nobis
1558 3855 1647 3926 sit
1676 3876 1799 3948 per
1827 3855 2060 3927 omnia
2096 3852 2324 3926 fidelis
2360 3863 2429 3925 et
2480 3852 2764 3945 devota3
2804 3853 2995 3926 unde
3034 3861 3392 3926 censemus

579 3980 770 4073 quod
810 3979 972 4051 talia
1015 3977 1218 4051 nobis
1271 3979 1625 4051 conferant
1667 3977 1949 4050 servitia
1971 4035 1987 4065 ,
2034 3978 2267 4071 qualia
2305 3998 2350 4049 a
2389 3977 2671 4071 reliquis
2713 3976 3106 4050 civitatibus
3148 3976 3396 4049 nostris

582 4103 781 4176 nobis
830 4102 1325 4174 ministrantur.
1387 4102 1520 4188 Qui
1569 4123 1734 4195 ergo
1783 4110 2020 4173 contra
2077 4101 2489 4196 premissum
2537 4101 2844 4193 venerit,
2904 4121 3187 4194 gravem
3233 4123 3395 4176 nos-

584 4235 755 4298 tram
788 4224 1122 4297 offensam
1161 4247 1237 4297 se
1274 4224 1544 4297 noverit
1575 4224 1971 4297 incurrisse.

675 4353 926 4423 Datum
961 4347 1156 4445 apud
1191 4348 1671 4445 Geylnhusen,
1718 4371 1899 4422 anno
1951 4348 2298 4423 dominice
2346 4350 2833 4423 incarnationis
2875 4351 3237 4424 millesimo
3271 4350 3394 4424 CC‘

584 4474 922 4547 tricesimo
957 4472 1293 4559 secundo,
1334 4474 1400 4543 X
1431 4471 1755 4545 calendas
1784 4474 2048 4567 marcii,
2084 4474 2461 4548 indictione
2495 4475 2582 4547 V.

662 4663 746 4743 (a)
790 4665 864 4725 In
890 4669 1117 4744 regesto
1142 4681 1403 4727 ememus
1424 4667 1549 4727 slve
1577 4681 1858 4739 curemus,
1885 4665 2063 4726 male.
