4500 5956
1060 567 1183 627 876
1592 611 1597 616 ·
2068 568 2498 668 Fugnssulcl
2547 566 2892 626 SECUNDI
3505 570 3664 649 [Anu.
3702 572 3879 637 1236.

1062 701 1604 774 Lombardorum
1631 704 1936 776 Ecclesie
1965 704 2248 775 arbitrio
2283 702 2616 774 duximus
2640 698 3235 789 committendum,
3279 722 3419 773 non
3457 704 3711 794 injuste
3737 728 3881 780 cre-

1060 824 1305 897 dentes
1354 825 1545 917 quod
1596 848 1756 920 pars
1807 830 2019 900 altera
2077 848 2472 922 processum
2511 835 2821 898 nostrum
2876 825 2946 894 in
2993 844 3077 895 eo
3137 823 3587 898 imbecillitati
3625 830 3877 902 virium

1060 959 1448 1020 nostrarum
1478 945 1673 1045 [non]
1710 951 2170 1044 impenderet,
2214 949 2341 1022 sed
2377 949 2749 1043 imperialis
2795 947 3346 1019 mansuetudinis
3383 949 3600 1022 titulis
3646 952 3874 1048 impu·

1059 1081 1269 1149 taret;
1314 1072 1505 1164 quod
1555 1074 1992 1164 postmodum
2051 1095 2142 1147 ex
2193 1083 2333 1145 toto
2368 1094 2491 1167 per
2525 1072 2937 1145 contrarium
2974 1093 3098 1175 per
3133 1071 3449 1144 effectum
3488 1077 3716 1169 operis
3750 1077 3875 1150 de-

1056 1196 1485 1266 monstravit.
1526 1197 1695 1267 Nam
1731 1207 1886 1290 post
1914 1197 1985 1269 id
2025 1195 2233 1269 iidem
2267 1196 2670 1268 excellentie
2701 1204 2928 1266 nostre
2979 1195 3300 1284 rebelles,
3338 1197 3872 1272 Florentinorum

1054 1320 1375 1413 exemplo
1423 1319 1547 1412 qui
1585 1329 1750 1391 tunc
1808 1322 2131 1414 temporis
2176 1320 2247 1389 in
2295 1320 2515 1391 oculis
2553 1318 2800 1391 nostris
2832 1317 2973 1390 fere
3013 1317 3184 1389 dum
3217 1319 3411 1414 apud
3443 1321 3651 1393 Reate
3690 1346 3870 1396 esse-

1052 1464 1244 1532 muS,
1272 1441 1580 1514 fidelium
1603 1455 1987 1515 nostrorum
2017 1442 2664 1536 depopulationibus
2694 1451 2763 1513 et
2791 1441 3129 1513 incendiis
3162 1462 3300 1513 non
3330 1421 3701 1537 parcebant
3727 1449 3785 1536 (l
3803 1446 3864 1541 ),

1047 1565 1471 1636 Mutinenses
1504 1575 1573 1636 et
1608 1568 2032 1638 veronenses
2058 1565 2161 1660 (2)
2194 1565 2432 1638 fideles
2463 1576 2729 1638 nostros
2753 1565 3088 1636 hostiliter
3111 1575 3275 1636 sunt
3302 1569 3633 1660 aggressi,
3674 1569 3869 1643 nobis

1048 1688 1309 1762 eisdem
1348 1689 1834 1761 invocantibus
1860 1690 2392 1785 lacrymabiliter
2417 1689 2799 1762 necessaria
2833 1699 2903 1759 et
2930 1688 3322 1761 desiderata
3365 1689 3692 1783 suffragia
3731 1715 3868 1766 ne·-

1045 1813 1468 1905 queuntibus
1527 1814 1894 1907 impertiri,
1959 1815 2153 1886 velut
2217 1815 2397 1886 circa
2460 1813 2810 1906 negotium
2874 1809 3233 1909 [Ecclesie]
3295 1816 3675 1908 occupatis.
3720 1818 3866 1890 Hiis

1042 1934 1362 2006 omnibus
1417 1956 1554 2008 non
1612 1940 1951 2027 contenti,
2010 1941 2201 2011 velut
2247 1938 2320 2008 in
2373 1937 2796 2033 profundum
2841 1936 3273 2008 miseriarum
3322 1938 3624 2010 immersi
3668 1950 3737 2012 et
3771 1941 3863 2013 ad

1037 2059 1264 2130 omnis
1287 2059 1668 2152 iniquitatis
1698 2071 2005 2132 extrema
2039 2061 2320 2133 deducti
2341 2119 2356 2147 ,
2399 2064 2471 2132 in
2504 2062 2717 2155 ipsius
2736 2061 2856 2132 Dei
2892 2061 3215 2151 injuriam
3237 2071 3307 2134 et
3325 2062 3506 2152 juris
3537 2065 3864 2137 naturalis

1037 2183 1406 2270 offensam,
1463 2184 1773 2278 predicto
1825 2186 2315 2278 compromisso
2353 2184 2728 2278 pendente,
2785 2206 2908 2278 per
2959 2186 3235 2257 nuntios
3275 2207 3492 2278 usque
3535 2186 3609 2257 in
3643 2188 3864 2260 Theu-

1037 2309 1293 2379 toniam
1332 2308 1710 2380 destinatos
1752 2319 1989 2381 contra
2036 2330 2157 2381 nos
2205 2331 2363 2380 cum
2420 2307 2561 2380 filio
2612 2319 2842 2380 nostro
2883 2309 3373 2399 conjurationis
3425 2308 3663 2382 federa
3701 2332 3862 2384 con·

1038 2440 1420 2503 traxerunt.
1483 2431 1766 2523 Propter
1818 2431 2015 2524 quod
2060 2432 2151 2504 ad
2199 2431 2741 2525 expugnandam
2804 2431 2976 2502 tanti
3035 2432 3858 2530 facinoriscorruptelam

1030 2555 1302 2627 obstare
1340 2555 1695 2649 principiis
1730 2557 2060 2648 eligentes
2101 2566 2170 2627 et
2197 2556 2436 2626 favore
2475 2554 2714 2627 divino
2764 2555 2835 2625 in
2880 2553 3329 2627 Theutoniam
3371 2569 3848 2652 properantes,

1030 2678 1272 2750 divina
1305 2680 1610 2774 potentia
1660 2701 1941 2773 gressus
1982 2689 2248 2752 nostros
2273 2678 2528 2750 abinde
2558 2676 2924 2771 magnifice
2964 2677 3339 2770 dirigente,
3377 2681 3637 2751 nuntiis
3661 2682 3859 2753 Lom-

1028 2802 1399 2875 bardorum
1462 2803 1764 2897 ipsorum
1815 2803 1907 2875 de
1968 2804 2253 2876 consilio
2306 2804 2671 2875 multorum
2729 2801 3115 2896 principum
3179 2802 3575 2895 turpissime
3623 2806 3858 2877 mortis

1019 2926 1286 3017 judicio
1310 2927 1866 3024 condempnatis,
1907 2928 2050 3001 vite
2077 2924 2359 3024 [tamen]
2399 2937 2467 2999 et
2496 2926 2790 3000 libertati
2827 2926 3116 3021 pristine
3146 2927 3499 3017 restitutis,
3532 2927 3625 3001 ad
3657 2930 3857 3004 Sedis

1026 3050 1415 3144 Apostolice
1439 3074 1679 3146 preces
1707 3062 1777 3125 et
1804 3054 2057 3125 monita
2096 3049 2202 3145 (3)
2241 3063 2312 3124 et
2344 3052 2653 3144 magistri
2682 3051 3051 3144 Hospitalis
3081 3052 3329 3123 Sancte
3357 3052 3568 3123 Marie
3605 3052 3853 3126 domus

1027 3171 1600 3244 Theutonicorum
1656 3174 1726 3243 in
1780 3175 2153 3246 Jerusalem
2199 3175 2484 3247 multam
2534 3174 2928 3245 instantiam
2979 3174 3050 3244 in
3112 3176 3448 3269 solempni
3512 3176 3853 3269 colloquio

1031 3296 1433 3387 Magantino
1460 3296 1814 3386 negotium
1849 3298 2328 3392 supradictum
2368 3298 2599 3370 denuo
2635 3319 2859 3391 usque
2895 3298 2967 3368 in
3020 3298 3268 3369 festum
3295 3299 3682 3371 Nativitatis
3722 3299 3849 3372 do·

1024 3420 1276 3489 minice
1306 3418 1397 3490 ad
1435 3419 1762 3491 bonorem
1796 3431 2103 3492 nostrum
2130 3432 2200 3493 et
2234 3422 2506 3516 imperii
2541 3423 2980 3495 commodum
3011 3421 3293 3493 arbitrio
3329 3422 3633 3495 Ecclesie
3665 3446 3851 3496 com-

1024 3543 1341 3614 misimus
1397 3544 1937 3634 terminandum;
2006 3546 2163 3618 data
2226 3546 2361 3616 sibi
2425 3542 2526 3639 (a)
2581 3566 2706 3639 spe
2751 3546 3236 3618 nichilominus
3274 3567 3393 3640 per
3443 3546 3848 3639 magistrum

1022 3669 1298 3742 Petrum
1323 3668 1413 3740 de
1441 3669 1658 3740 Vinea
1687 3693 1935 3764 magne
1967 3672 2158 3743 curie
2180 3681 2413 3742 nostre
2429 3670 2764 3762 judicem,
2789 3670 3111 3741 nuntium
3127 3682 3197 3742 et
3212 3669 3487 3743 fidelem
3505 3681 3840 3762 nostrum,

1107 3832 1190 3912 (a)
1235 3834 1466 3895 Scilicet
1484 3850 1698 3912 papae,
1726 3839 1796 3894 ut
1822 3835 2077 3895 videtur.

1089 4107 1161 4179 (4)
1197 4108 1275 4162 De
1297 4105 1440 4163 bello
1465 4112 1593 4162 tunc
1621 4107 1875 4179 temporis
1892 4107 2030 4163 inter
2053 4106 2386 4164 Florentinos
2405 4111 2461 4163 et
2487 4106 2773 4177 Senenses,
2799 4105 2909 4162 vid.
2936 4104 3132 4163 chron.
3157 4104 3375 4173 Samso,
3403 4118 3493 4175 ap.
3522 4103 3837 4169 Manuos„

1018 4203 1246 4276 Script„
1270 4209 1308 4258 t.
1337 4203 1458 4272 XV,
1488 4220 1544 4276 p.
1574 4206 1663 4260 25.

1091 4298 1162 4371 (2)
1198 4300 1259 4355 ln
1306 4300 1489 4356 codice
1529 4300 1676 4357 locus
1711 4301 1929 4358 omnino
1974 4301 2193 4358 mutilus
2242 4308 2345 4358 est.
2388 4300 2692 4373 Legendum
2733 4306 2844 4370 est,
2878 4307 2939 4356 ut
2974 4299 3310 4367 arbitramur,
3344 4298 3712 4354 Cremonam&
3742 4312 3840 4370 pro

1022 4396 1350 4452 veronenses·
1380 4397 1493 4454 Hoc
1536 4396 1679 4453 enim
1726 4397 1840 4455 loco
1882 4399 2054 4470 agitur
2086 4398 2155 4455 de
2190 4398 2388 4472 praelio
2424 4400 2777 4456 Zenevoltano
2808 4413 2938 4470 quo,
2971 4398 3101 4453 dum
3143 4395 3443 4453 Fridericus
3473 4396 3526 4451 in
3561 4394 3838 4452 obsidione

1018 4492 1381 4565 Respampani
1426 4492 1773 4564 detineretur,
1800 4494 2227 4553 Mediolanenses
2256 4495 2468 4553 auferre
2508 4496 2608 4552 nisi
2642 4502 2768 4553 sunt
2811 4494 3149 4567 elephantem
3192 4500 3251 4551 et
3291 4491 3657 4550 dromedarios
3699 4505 3838 4563 quos

1017 4590 1306 4663 imperator
1332 4604 1455 4655 cum
1481 4605 1672 4662 magno
1704 4591 1963 4647 comitatu
1983 4593 2297 4650 Cremonam
2326 4592 2560 4650 miserat.

1090 4686 1163 4760 (3)
1200 4686 1280 4744 Cf.
1311 4702 1475 4760 supra
1502 4686 1707 4743 litteras
1734 4687 1975 4760 Gregorii
2002 4688 2098 4759 IX,
2131 4705 2187 4763 p.
2213 4691 2339 4747 735.
