4500 5956
1085 594 1206 656 880
1928 609 1959 632 “·
2077 594 2505 655 FRIDERICI
2557 594 2904 656 SECUNDI
3532 590 3688 670 [Anu.
3724 591 3900 654 1236.-

1082 729 1329 801 habeat
1355 729 1609 822 aliquis
1635 729 2015 802 contrarius
2043 739 2163 802 aut
2198 730 2545 823 malignus
2578 730 2944 824 interpres,
2986 728 3109 822 qui
3144 726 3340 821 quod
3372 748 3501 800 nos
3533 749 3658 822 pro
3690 749 3900 800 recu-

1081 853 1433 948 peratione
1469 863 1851 925 nostrorum
1887 854 2149 945 jurium
2189 854 2503 939 facimus,
2539 853 2671 925 hoc
2715 875 2874 924 cum
2905 852 3192 924 aliorum
3230 851 3477 943 injuria
3521 873 3647 923 nos
3675 853 3896 924 facere

1081 978 1252 1049 forte
1280 977 1652 1068 describat,
1696 986 1814 1048 aut
1844 977 2338 1050 incrementum
2376 977 2632 1070 negotii
2667 977 2872 1048 Terre
2903 976 3148 1046 Sancte
3179 995 3354 1067 que,
3381 974 3574 1045 velut
3597 973 3893 1045 Cunradi

1008 1172 1020 1182 ,
1081 1100 1419 1172 karissimi
1458 1098 1575 1170 filii
1608 1101 1822 1173 nostri
1861 1111 2168 1172 materna
2207 1100 2587 1188 successio,
2629 1121 2749 1194 pre
2780 1099 3024 1171 ceteris
3069 1109 3246 1172 terre
3274 1098 3708 1192 principibus
3736 1118 3892 1191 spe·

1081 1224 1322 1295 cialius
1359 1246 1483 1296 nos
1512 1225 1869 1317 contingit,
1915 1225 2437 1319 pretermittere3
2481 1225 2707 1316 quuS,
2740 1232 2821 1293 ut
2859 1223 3192 1313 diximus,
3217 1222 3374 1294 licet
3406 1243 3535 1294 nos
3566 1222 3894 1313 astringat

1079 1349 1169 1421 ad
1208 1370 1490 1443 presens
1527 1349 1850 1420 instantia
1880 1349 2338 1438 necessitatis,
2406 1359 2634 1419 tamen
2668 1347 3049 1442 periculum
3098 1367 3236 1418 non
3272 1345 3620 1438 astringit,
3658 1355 3891 1438 utpote

1077 1473 1338 1566 treugis
1368 1474 1547 1544 inter
1578 1494 1704 1543 nos
1735 1483 1806 1544 et
1834 1472 2195 1544 soldanum
2237 1473 2425 1544 initis
2464 1473 2709 1544 adhuc
2730 1493 2852 1567 per
2888 1472 3259 1544 triennium
3298 1471 3682 1561 duraturis,
3717 1492 3890 1563 quas

1076 1597 1145 1666 in
1184 1596 1345 1668 fidei
1382 1611 1612 1668 nostre
1646 1605 2000 1688 rupturam
2037 1597 2311 1690 infringi
2342 1597 2532 1668 nullo
2567 1594 2775 1668 modo
2800 1650 2820 1683 ,
2862 1607 3199 1689 quantum
3235 1595 3602 1668 salubriter
3654 1615 3885 1689 posse·

1075 1743 1232 1793 mus
1259 1721 1568 1792 resistere
1585 1773 1605 1806 ,
1633 1719 1866 1792 medio
1903 1730 2212 1814 tempore
2235 1721 2732 1816 permittemus,
2762 1721 2851 1792 Et
2885 1743 3043 1792 cnm
3078 1720 3358 1793 credere
3385 1741 3521 1792 non
3548 1717 3887 1813 possimus

1074 1846 1359 1917 rebelles
1390 1853 1656 1916 nostros
1681 1843 1946 1914 viribus
1975 1845 2220 1916 nostris
2244 1866 2448 1940 posse
2473 1845 2788 1917 resistere
2808 1854 2931 1916 aut
2951 1845 3218 1916 viribus
3238 1843 3550 1933 obviare,
3584 1842 3884 1913 maxime

1075 1991 1229 2040 cum
1269 1991 1405 2041 non
1441 1969 1532 2040 ad
1572 1968 2177 2063 depopulationem
2210 1969 2552 2064 ipsorum,
2611 1969 2747 2040 nisi
2797 1969 3259 2061 subjectorum
3305 1968 3586 2040 rebellio
3629 1967 3879 2038 furiosa

1071 2116 1195 2166 nos
1228 2103 1583 2188 provocet,
1638 2093 1763 2165 sed
1808 2094 1896 2166 ad
1950 2095 2498 2167 reformationem
2550 2094 2822 2190 imperii
2881 2103 2951 2166 et
2994 2103 3246 2166 statum
3293 2104 3471 2166 terre
3518 2092 3876 2187 pacificum

1068 2218 1525 2304 intendimuS,
1567 2239 1705 2289 non
1754 2240 1831 2289 se
1876 2219 2003 2289 ista
2052 2218 2430 2314 respiciunt
2480 2230 2804 2313 tanquam
2851 2218 3374 2291 contradictoria
3401 2218 3513 2289 vel
3547 2217 3872 2305 adversa;

1064 2353 1134 2414 et
1164 2343 1340 2413 infra
1371 2341 1736 2413 triennium
1763 2340 1856 2414 ad
1885 2342 2427 2435 persecutionem
2451 2343 2657 2415 officii
2690 2344 2902 2415 nostri
2930 2352 3234 2415 nostram
3262 2363 3528 2413 armare
3547 2341 3874 2431 justitiam

1062 2475 1128 2539 et
1168 2467 1372 2537 Terre
1401 2468 1646 2537 Sancte
1675 2465 1973 2559 presidia
2010 2487 2374 2560 preparare
2402 2466 2671 2539 decenti
2710 2466 3240 2554 deliberatione,
3286 2465 3346 2537 si
3375 2465 3622 2536 nostris
3653 2463 3874 2558 impe-

1059 2589 1367 2662 dimenta
1394 2590 1830 2684 processibus
1860 2611 1995 2662 non
2032 2599 2426 2683 prestantur
2452 2599 2522 2660 et
2545 2589 2603 2660 si
2629 2589 2989 2662 consilium
3024 2599 3331 2662 nostrum
3350 2640 3370 2676 ,
3411 2588 3535 2680 qui
3571 2585 3716 2680 (sic)
3743 2587 3877 2659 cir-

1062 2717 1518 2787 cumstancias
1559 2715 1992 2786 transmarini
2041 2714 2300 2807 negotii
2348 2721 2698 2807 presentes
2747 2712 3005 2784 ibidem
3055 2714 3256 2807 plene
3301 2711 3708 2794 didicimu5‚
3766 2732 3876 2784 ac-

1060 2835 1361 2929 ceptabit
1411 2835 1750 2924 Ecclesia,
1817 2856 1972 2905 cum
2034 2833 2302 2906 auxilio
2354 2833 2564 2905 Jhesu
2619 2832 2865 2903 Christi
2952 2833 3223 2926 plenam
3285 2842 3356 2904 et
3420 2830 3871 2902 indubitatam

1058 2957 1384 3031 fiduciam
1437 2958 1849 3031 obtinemus.
1902 2958 2041 3030 Vos
2091 2957 2303 3049 igitur
2350 2978 2508 3029 cum
2554 2955 2800 3029 ceteris
2836 2955 3117 3048 regibus
3160 2954 3347 3027 orbis
3391 2964 3568 3027 terre
3600 2954 3876 3025 interest

1054 3084 1256 3178 plene
1299 3084 1689 3177 perspicuas
1732 3103 1937 3155 aures
1990 3092 2060 3155 et
2107 3084 2344 3153 oculos
2381 3081 2651 3175 aperire
2694 3090 2765 3153 et
2817 3078 3182 3173 diligenter
3222 3079 3574 3152 attendere
3616 3087 3870 3173 quanta

1058 3206 1616 3279 contradictionis
1645 3204 1903 3276 fiducia
1932 3205 2254 3276 omnibus
2289 3228 2330 3278 a
2356 3208 2529 3298 jugo
2579 3203 2868 3278 dominii
2907 3203 3310 3275 subtrahere
3358 3224 3432 3274 se
3482 3201 3872 3274 volentibus

1053 3331 1454 3425 prebeatur,
1492 3331 1549 3400 si
1579 3330 1959 3401 Romanum
1987 3329 2350 3422 imperium
2376 3330 2711 3420 jacturam
2739 3328 3135 3421 hujusmodi
3180 3326 3576 3399 rebellionis
3612 3334 3873 3420 patere-

1052 3465 1197 3541 tur3
1239 3475 1322 3525 ac
1347 3454 1550 3525 oculo
1573 3452 1830 3525 cernite
1866 3452 2244 3547 perspicaci
2272 3453 2331 3523 si
2355 3452 2557 3524 vobis
2585 3452 2916 3547 expediat
2934 3451 3161 3546 quod,
3224 3472 3383 3522 cum
3422 3449 3512 3522 ad
3545 3447 3873 3520 edoman-

1054 3579 1214 3650 dam
1241 3575 1589 3648 interdum
1617 3584 2005 3669 protervam
2036 3575 2400 3648 audaciam
2430 3576 2863 3648 subditorum
2895 3575 3272 3666 intenditiS,
3304 3574 3552 3645 vestris
3579 3571 3872 3664 negotiis

1049 3703 1482 3777 extrinsecus
1532 3700 1781 3794 aliquis
1814 3696 1945 3797 [se]
1992 3700 2413 3795 interponat,
2458 3721 2877 3793 causamque
2931 3702 3234 3793 aliquam
3282 3706 3404 3769 aut
3439 3695 3867 3768 occasionem

1048 3829 1285 3900 afferat
1311 3848 1432 3921 per
1456 3847 1666 3920 quam
1696 3834 1925 3897 vestra
1955 3823 2057 3920 (a)
2086 3825 2393 3918 precidat
2429 3823 2777 3920 proposita
2808 3823 2920 3895 vel
2953 3823 3275 3895 retardet.

1141 4320 1198 4402 F
1200 4322 1566 4403 ridericus
1590 4384 1613 4429 ,
1689 4322 2209 4405 Romanorum
2294 4320 2739 4429 imperator,
2798 4319 3004 4427 apud
3063 4344 3344 4427 papam
3410 4344 3491 4400 se
3562 4326 3868 4400 excusat

1038 4454 1249 4562 quod
1286 4455 1607 4535 transire
1651 4455 1749 4535 ad
1788 4454 2245 4537 Sarracenos
2281 4452 2655 4536 hostiliter
2699 4477 2854 4534 non
2908 4451 3185 4560 possit,
3245 4453 3432 4533 dum
3487 4449 3868 4534 Lombar-

1110 4612 1189 4693 (a)
1230 4612 1355 4674 Sub
1380 4614 1491 4673 hac
1516 4613 1635 4672 flue
1667 4614 1880 4690 legitur
1908 4616 1969 4672 in
1998 4613 2200 4673 codice
2240 4609 2424 4684 nobis,
2447 4612 2679 4685 nostris,
2706 4619 2908 4673 nostra
2929 4633 2949 4670 .·
2969 4612 3131 4690 quod
3151 4615 3380 4689 justum
3407 4628 3646 4690 quoque
3683 4613 3859 4682 sistit,

1034 4719 1358 4782 dummodo
1386 4735 1491 4797 pro
1516 4714 1820 4779 intenditis
1845 4720 2170 4797 corrigatur
2195 4716 2569 4779 intendimus.
