4500 5956
550 651 742 711 mmor.
772 637 863 715 9.]
1440 637 1832 698 ffls‘ronm
1882 636 2478 699 οιΡιοΜΑτιοΑ.
3234 639 3355 701 833

640 768 713 841 In
747 771 1027 842 nomine
1064 779 1298 843 sancte
1332 779 1401 842 et
1436 770 1800 843 individue
1839 773 2204 844 Trinitatis,
2235 771 2626 843 Fridericus
2677 771 3062 861 secunduS,
3116 771 3353 845 divina

551 894 818 966 favente
853 894 1211 966 clementia
1247 895 1710 966 Romanorum
1745 889 2115 991 imperator
2148 916 2419 989 semper
2455 901 2830 987 augustus,
2878 895 3251 967 Jerusalem
3287 903 3358 968 et

551 1013 768 1088 Sicilie
799 1038 925 1090 rex
933 1069 1998 1091 ..............
2034 1020 2361 1091 volumus
2389 1039 2538 1090 esse
2568 1027 2801 1090 notum
2836 1017 3029 1109 quod
3061 1039 3354 1090 venera-

549 1138 695 1210 bilis
722 1140 910 1233 prior
937 1135 1007 1213 et
1021 1151 1404 1213 conventus
1439 1142 1835 1214 monasterii
1862 1142 2425 1229 Paterniacensis,
2457 1140 2695 1213 fideles
2724 1141 2963 1231 nostri,
2997 1140 3352 1235 quoddam

548 1264 976 1357 privilegium
1021 1264 1122 1336 eis
1162 1264 1507 1337 indultum
1563 1287 1606 1336 a
1652 1264 1819 1338 divo
1872 1287 2007 1338 avo
2058 1274 2290 1337 nostro
2336 1263 2702 1336 Frederico
2747 1264 3002 1358 inclyte
3044 1266 3356 1339 recorda·

548 1385 743 1458 tionis
791 1397 1087 1481 augusto
1135 1398 1440 1482 tempore
1481 1390 1674 1482 regni
1721 1391 1829 1462 sui
1866 1398 2095 1462 nostre
2130 1387 2525 1460 celsitudini
2565 1396 3076 1482 presentarunt3
3116 1389 3359 1461 humi-

551 1508 695 1579 liter
752 1511 1217 1606 supplicantes
1278 1523 1359 1583 ut
1412 1511 1585 1584 illud
1637 1513 1739 1585 eis
1795 1514 2129 1586 innovare
2181 1512 2274 1585 de
2327 1520 2560 1584 nostra
2609 1512 2827 1604 gratia
2881 1511 3351 1605 dignaremur.

549 1630 747 1723 Cujus
772 1644 969 1707 tenor
997 1644 1103 1707 est
1136 1657 1259 1731 per
1293 1637 1526 1708 omnia
1557 1638 1758 1710 talis:

641 1756 717 1827 ln
770 1751 1051 1830 nomine
1095 1768 1331 1831 sancte
1372 1769 1443 1832 et
1493 1758 1863 1833 individue
1908 1759 2279 1831 Trinitatis.
2323 1758 2746 1849 Fridericus,
2799 1754 3039 1832 divina
3093 1762 3366 1832 favente

552 1878 901 1952 clementia
955 1882 1414 1954 Romanorum
1472 1905 1599 1955 rex
1653 1891 2011 1976 augustus.
2054 1885 2224 1955 Cum
2266 1882 2572 1954 ecclesiis
2616 1882 2739 1954 Dei
2791 1904 2914 1976 per
2962 1884 3363 1956 universum

552 2013 854 2074 nostrum
886 2004 1256 2098 imperium
1279 2006 1666 2078 constitutis
1693 2007 1882 2100 regia
1911 2027 2038 2078 nos
2065 2006 2309 2078 deceat
2341 2005 2743 2078 auctoritate
2773 2005 3152 2097 consulere,
3194 2006 3366 2079 illud

549 2124 873 2220 precipue
932 2127 1024 2198 ob
1083 2127 1326 2200 salutis
1388 2138 1617 2202 nostre
1682 2130 2199 2224 prosperitatem
2273 2128 2607 2201 duximus
2673 2119 3362 2203 animadvertendum

549 2245 1072 2342 quatenus‘jura
1118 2252 1566 2325 donationum
1608 2253 1697 2324 ab
1732 2252 2281 2325 antecessoribus
2312 2252 2563 2323 nostris
2596 2252 2872 2344 regibus
2903 2274 3025 2324 seu
3065 2253 3360 2347 impera·

550 2374 806 2445 toribus
832 2375 946 2468 pie
971 2374 1360 2449 devotionis
1394 2376 1646 2449 intuitu
1685 2377 1995 2449 ecclesiis
2030 2397 2380 2466 concessa,
2425 2386 2654 2448 nostra
2688 2377 3091 2448 auctoritate
3123 2378 3366 2449 usibus

552 2496 851 2590 ipsorum
873 2498 946 2568 in
965 2509 1372 2593 perpetuum
1403 2501 1759 2595 profutura
1790 2500 2282 2573 inviolabiliter
2296 2521 2810 2572 conservemus.
2833 2501 3208 2595 Eapropter
3228 2512 3364 2572 tam

553 2620 929 2693 futurorum
971 2643 1203 2715 quam.
1226 2623 1647 2718 presentium
1699 2625 1912 2697 solers
1959 2625 2233 2697 noverit
2278 2624 2620 2696 industria
2653 2623 2843 2718 quod
2879 2646 3009 2696 nos
3055 2623 3366 2696 fidelium

551 2754 931 2816 nostrorum
984 2746 1401 2818 confratrum
1456 2747 2082 2820 Paterniacensium
2138 2747 2634 2842 querimoniam
2691 2756 2925 2819 contra
2979 2747 3365 2819 Oudelhar·

557 2866 769 2939 dhum
799 2869 888 2941 de
913 2869 1174 2941 Vivicis
1189 2869 1295 2967 (1)
1324 2867 1414 2943 de'
1447 2871 1621 2942 curti
1658 2894 1797 2965 que
1822 2872 2107 2944 Kercers
2138 2856 2240 2968 (2')
2274 2878 2736 2964 nuncupatur,
2775 2870 2844 2940 in
2876 2892 3015 2962 qua
3053 2871 3202 2965 ipse
3229 2870 3370 2943 ad-

552 2994 882 3066 vocatiam
919 3003 1152 3066 contra
1184 2995 1450 3067 sancita
1482 2996 2005 3091 privilegiorum
2034 2993 2599 3090 predecessorum
2633 3004 3019 3065 nostrorum
3055 2995 3366 3069 obtinere

551 3115 867 3204 volebat,
918 3139 1045 3212 pro
1082 3117 1315 3191 debito
1349 3128 1582 3192 nostro
1612 3121 1980 3192 clementer
2014 3118 2483 3208 admittentes,
2537 3139 2630 3190 ex
2652 3117 2916 3209 judicio
2964 3120 3358 3215 principum

551 3246 927 3310 nostrorum
989 3243 1252 3335 prefato
1318 3241 1806 3315 Oudelhardho
1870 3243 2183 3316 eamdem
2262 3244 2697 3316 advocatiam
2760 3243 2892 3313 sibi
2966 3253 3365 3339 usurpatam

548 3363 1060 3454 quassavimus3
1098 3374 1473 3439 statuentes
1502 3375 1581 3437 ut
1600 3367 1821 3439 necin
1850 3367 2161 3461 predicto
2188 3368 2339 3439 loco
2364 3366 2475 3438 vel
2492 3367 2562 3436 in
2590 3367 3149 3460 quibuscumque
3182 3390 3357 3463 pos-

552 3485 968 3557 sessionibus
1011 3485 1104 3558 ad
1158 3485 1340 3560 idem
1400 3488 1765 3562 cenobium
1820 3490 2323 3585 pertinentibus
2362 3490 2609 3583 aliquis
2661 3490 2946 3583 aliquod
2990 3493 3109 3583 jus
3153 3492 3368 3565 advo-

555 3608 722 3680 catie
757 3610 888 3681 sibi
920 3631 1257 3706 usurpare
1292 3623 1677 3707 presumat,
1719 3612 1849 3685 sed
1901 3614 2117 3687 abbas
2163 3614 2632 3685 cluniacensis
2665 3624 2804 3685 tam
2840 3636 3119 3709 presens
3153 3638 3364 3709 quam

552 3752 973 3808 successores
1014 3734 1232 3829 ipsius
1265 3757 1359 3808 ex
1390 3737 1674 3809 fratrum
1712 3738 2338 3811 Paterniacensium
2370 3737 2702 3810 electione
2728 3738 3185 3810 constituendi
3222 3740 3365 3810 ad-

552 3866 894 3950 vocatum,
928 3858 1113 3931 sicut
1141 3859 1231 3932 ab
1270 3862 1822 3934 antecessoribus
1857 3864 2107 3934 nostris
2130 3871 2461 3933 statutum
2488 3871 2616 3949 est,
2649 3860 2933 3933 liberam
2958 3869 3361 3955 potestatem

548 3977 864 4053 habeant.
928 3982 1392 4056 Nihilominus
1452 3986 1660 4058 etiam
1726 3985 2159 4057 deceruimus
2208 3994 2283 4056 ut
2337 4005 2809 4078 quascumque
2851 3985 3354 4078 possessioneS,

549 4126 986 4199 quecumque
1021 4107 1229 4199 bona,
1265 4130 1515 4181 census
1545 4111 1660 4182 vel
1689 4109 2030 4203 quoslibet
2057 4108 2370 4180 redditus
2400 4107 2688 4180 ecclesia
2719 4107 3257 4179 Paterniacensis
3291 4111 3361 4180 in

550 4229 1047 4321 presentiarum
1076 4231 1381 4325 possidet
1406 4242 1526 4305 aut
1568 4234 1641 4304 in
1677 4234 1986 4329 futurum
2020 4231 2457 4305 concessione
2475 4253 2742 4324 regum,
2782 4231 3141 4323 largitione
3176 4253 3365 4326 pon-

2153 4445 2717 4454 mmm

642 4566 661 4617 t
723 4563 935 4621 Scilicet
955 4565 1019 4622 de
1044 4566 1177 4622 Veva
1214 4609 1227 4622 .

618 4563 693 4733 ἒξ)
732 4661 933 4719 Vitiose
951 4582 1403 4736 legitGuizhenon
1422 4665 1654 4723 Herceis.
1668 4667 1839 4723 Locus
1848 4668 2085 4736 Karou-s,
2099 4664 2595 4723 latineAdcav-ceres
2604 4671 2661 4722 et
2676 4663 2862 4738 gallice
2872 4663 3134 4734 Chictros,
3148 4666 3203 4722 in
3215 4682 3367 4740 prae·

552 4754 750 4815 sectura
775 4760 1084 4833 Moratensi,
1105 4761 1280 4818 suerat
1297 4777 1330 4819 a
1350 4762 1548 4819 Bertha
1564 4762 1747 4835 regina
1763 4763 2096 4837 Burgundiae
2114 4762 2436 4820 monasterio
2454 4761 2746 4820 Paterniaci
2769 4775 3058 4819 concessus
3077 4778 3218 4819 anno
3240 4765 3366 4820 962.

738 4858 847 4919 IV.
891 4877 1002 4920 Pm
1027 4876 1070 4918 2.
2939 4868 3048 4921 ¹05
