4500 5956
1101 593 1223 654 920
2099 587 2529 650 FRIDERICI
2580 586 2924 649 sscumnr
3547 590 3706 674 [Am
3744 593 3915 658 1236.

1110 727 1285 798 dicis
1322 724 1660 798 sententia
1710 722 1978 815 dejicit,
2024 723 2198 797 alios
2247 723 2567 795 substitui
2604 722 2722 814 jus
2773 721 3014 795 datum
3062 723 3306 795 celitus
3349 724 3722 799 interdicit.
3764 726 3925 800 Esto

1107 849 1297 945 quod
1332 851 1403 920 in
1440 847 1799 922 collatione
1842 845 2337 921 beneficiorum
2381 845 2830 918 morientibus
2866 845 3202 920 succedas
3241 857 3321 919 ut
3345 846 3518 921 dicis
3554 849 3918 946 episcopis,

1112 975 1442 1066 majorem
1477 972 1546 1042 in
1581 972 1714 1044 boc
1757 971 1923 1066 ipsis
1966 992 2104 1043 non
2151 969 2553 1065 adipisceris
2593 978 3032 1064 potestatem,
3086 992 3218 1044 nec
3250 991 3375 1043 nos
3418 972 3510 1044 ob
3553 971 3630 1043 id
3670 974 3794 1066 qui
3824 974 3924 1047 eis

1109 1094 1505 1167 viventibus
1538 1095 1844 1167 conferre
1881 1091 2218 1166 beneficia
2249 1114 2387 1167 non
2425 1092 2666 1165 collata
2700 1092 3082 1187 potuimuS‚
3112 1095 3262 1185 jam
3291 1104 3359 1166 te
3391 1093 3615 1166 locum
3653 1104 3925 1168 tenente

1110 1240 1200 1291 ne
1226 1218 1538 1292 dicamus
1570 1228 1947 1312 usurpante
1976 1215 2347 1313 pontificis,
2371 1215 2741 1311 apostolice
2771 1215 3146 1288 amittimus
3173 1216 3670 1311 plenitudinem
3703 1227 3921 1311 potes·

1108 1341 1729 1415 tatisNenerabilis
1760 1342 2042 1435 insuper
2075 1341 2287 1413 frater
2325 1348 2555 1412 noster
2584 1337 3126 1434 cephaludensis
3161 1341 3550 1436 episcopus,
3588 1340 3924 1413 archidia-

1110 1488 1327 1539 conns
1358 1464 1826 1537 Salernitanns
1852 1474 1922 1536 et
1944 1464 2201 1537 Sorane
2226 1463 2524 1537 civitatis
2549 1462 2860 1549 ecclesie,
2902 1460 3072 1534 dum
3099 1484 3219 1535 eos
3248 1463 3342 1536 ad
3372 1485 3668 1538 examen
3702 1472 3924 1536 nostre

1111 1588 1678 1661 considerationis
1739 1585 2191 1678 adducimus,
2244 1608 2463 1682 quare
2531 1586 2643 1657 isti
2697 1586 3010 1680 perpetui
3062 1586 3257 1658 exilii
3312 1597 3382 1659 et
3430 1588 3546 1660 ille
3596 1595 3924 1683 perpetue

1110 1712 1459 1808 patiantur
1490 1711 1689 1782 ruine
1726 1711 2090 1805 dispendia
2120 1711 2558 1805 ignoramus,
2606 1709 2740 1781 nisi
2774 1708 2968 1802 quod
3004 1708 3171 1781 dum
3206 1718 3441 1783 contra
3476 1732 3718 1805 pacem
3754 1711 3925 1783 inter

1115 1845 1185 1906 te
1233 1857 1315 1907 ac
1350 1835 1724 1908 Ecclesiam
1766 1835 2196 1907 reformatam
2242 1834 2625 1932 spiritualia
2668 1833 2848 1905 sicut
2887 1834 3221 1905 secularia
3257 1832 3565 1925 judicas,
3604 1834 3774 1906 dum
3809 1855 3926 1907 eos

1111 1960 1235 2051 qui
1282 1978 1410 2031 suo
1443 1957 1725 2030 domino
1757 1968 1939 2030 stant
1976 1967 2096 2030 aut
2134 1956 2394 2030 cadunt
2424 1978 2559 2029 non
2599 1956 2955 2029 convictos
2985 1977 3114 2028 nec
3144 1957 3489 2029 confessos
3523 1978 3703 2052 pena
3739 1956 3925 2050 judi·

1114 2082 1298 2153 cium
1318 2082 1726 2175 preveniens
1757 2079 2169 2153 condemnat
2189 2079 2317 2177 (a),
2340 2080 2562 2153 divini
2581 2079 2828 2171 judicii
2859 2080 3179 2151 thronum
3215 2078 3613 2173 aggrederis
3644 2092 3714 2153 et
3742 2082 3926 2175 leges

1111 2205 1375 2298 quibus
1411 2204 1621 2298 digne
1663 2205 2089 2276 submittitur
2121 2204 2546 2299 principatus
2581 2224 2623 2274 a
2658 2203 2800 2275 lare
2835 2203 3057 2297 patrio
3092 2204 3380 2276 exulare
3415 2204 3793 2298 compellis.
3831 2206 3928 2277 De

1116 2328 1233 2400 illo
1263 2328 1386 2421 qui
1423 2350 1499 2401 se
1530 2328 1977 2400 Geracensem
2016 2326 2186 2400 dicit
2218 2327 2618 2421 episcopum
2653 2335 2959 2398 tacemus
2984 2325 3078 2398 ad
3100 2347 3409 2420 presens,
3445 2347 3652 2419 quem
3691 2326 3928 2399 electio

1111 2452 1444 2525 canonica
1496 2452 1934 2546 pretermissa
1987 2453 2101 2525 vel
2152 2473 2278 2547 per
2337 2451 2854 2547 impressionem
2919 2449 3158 2523 habita
3216 2450 3505 2524 ecclesie
3566 2450 3927 2523 Geracensi

1115 2575 1699 2648 matrimonialiter
1744 2575 2025 2669 alligare
2059 2597 2200 2647 non
2237 2574 2494 2669 potuit,
2530 2577 2732 2666 cujus
2769 2574 3189 2647 consecratio
3226 2575 3441 2646 forma
3473 2574 3927 2647 ecclesiastica

1110 2700 1289 2771 sicut
1340 2699 1592 2771 dicitur
1654 2698 1977 2771 destituta
2033 2721 2162 2771 nec
2211 2700 2347 2770 sibi
2400 2697 2878 2771 executionem
2927 2696 3135 2768 officii
3191 2699 3476 2770 contulit
3519 2720 3650 2771 nec
3701 2699 3926 2794 ipsum

1113 2823 1298 2895 illius
1357 2824 1647 2895 ecclesie
1695 2822 1807 2895 vel
1864 2823 2142 2895 alterius
2199 2818 2603 2920 episcopum
2657 2841 2809 2893 esse
2873 2822 3057 2893 fecit.
3108 2822 3398 2895 Vincula
3445 2843 3612 2896 vero
3662 2821 3928 2916 nepotis

1112 2946 1296 3040 regis
1332 2947 1575 3021 Tuneti
1621 2946 1678 3019 si
1714 2968 1798 3020 ea
1833 2956 2016 3019 recta
2051 2947 2200 3020 acie
2236 2944 2806 3022 considerationis
2837 2944 3243 3040 inspiceres,
3287 2945 3360 3017 in
3398 2955 3728 3039 quantam
3756 2945 3929 3038 juris

1116 3080 1187 3141 et
1223 3070 1440 3141 divini
1486 3070 1784 3141 nominis
1818 3071 2307 3143 contumeliam
2358 3068 2825 3166 compeditum
2879 3068 3163 3162 alligent
3215 3069 3420 3164 plene
3466 3069 3716 3159 scires;
3765 3069 3929 3163 quia

1120 3193 1405 3285 indigne
1440 3192 1769 3265 seductus
1816 3195 2165 3285 asseritur,
2203 3194 2329 3288 qui
2371 3193 2464 3267 ad
2514 3194 2821 3267 notitiam
2874 3213 3039 3263 vere
3086 3189 3251 3264 fidei
3283 3192 3515 3287 aliquo
3563 3191 3932 3266 inducente

1118 3318 1232 3388 vel
1251 3319 1392 3388 Deo
1419 3316 1644 3409 potius
1672 3316 2048 3410 inspirante
2078 3327 2400 3408 vocatur3
2436 3318 2607 3411 quin
2642 3316 2873 3411 potius'
2901 3323 3237 3409 quantum
3273 3315 3712 3411 probationes
3739 3315 3929 3410 quod

1117 3447 1341 3534 preter
1392 3439 1720 3511 offensam
1770 3440 1953 3531 regis
2005 3438 2321 3532 ejusdem
2373 3448 2444 3512 et
2495 3460 2634 3512 non
2691 3438 3204 3511 circumventus
3253 3437 3344 3511 ad
3396 3459 3526 3511 nos
3581 3439 3929 3513 accederet

1117 3571 1518 3657 recepturus
1586 3562 2013 3655 baptismatis
2081 3572 2586 3638 sacramentnm
2661 3562 3059 3657 expostulas
3083 3615 3103 3651 ,
3155 3572 3389 3657 aperte
3458 3562 3802 3654 colligitur
3863 3571 3931 3635 et

1116 3684 1328 3759 idem.
1363 3685 1559 3759 Clara
1594 3687 1967 3760 multorum
2007 3708 2180 3761 voce
2214 3688 2481 3761 utinam
2519 3708 2658 3760 non
2699 3687 2968 3759 dicatur
2997 3685 3190 3780 quod
3218 3686 3560 3781 apostolos
3600 3697 3671 3759 et
3717 3685 3929 3759 disci-

1115 3810 1319 3905 pulos
1354 3810 1664 3883 veritatis
1699 3832 1837 3883 non
1876 3812 2028 3884 sine
2065 3811 2375 3905 magistri
2405 3810 2655 3905 injuria
2682 3810 3041 3883 manifesta
3070 3809 3304 3882 innuis
3340 3809 3773 3897 seductores,
3808 3808 3924 3904 qui

1115 3935 1431 4008 inimicos
1465 3935 1690 4007 crucis
1729 3935 1976 4008 Christi
2031 3935 2123 4009 ad
2160 3936 2582 4031 agnitionem
2616 3933 2792 4007 lucis
2828 3943 3061 4006 eterne
3098 3933 3376 4007 monitis
3413 3933 3794 4006 invitarunt
3822 3953 3931 4004 sa-

1114 4058 1449 4130 lutaribus
1483 4068 1552 4131 et
1594 4059 1915 4132 invitant.
1951 4061 2040 4131 Et
2082 4081 2176 4133 ex
2222 4081 2307 4133 eo
2346 4058 2549 4131 tacite
2583 4058 2829 4130 asseris
2865 4077 3003 4129 non
3049 4057 3303 4131 debere
3341 4060 3485 4132 Deo
3522 4065 3763 4130 contra
3798 4056 3930 4129 ho—

1115 4182 1370 4254 minem
1424 4181 1734 4270 obediri,
1774 4182 1966 4277 quod
2000 4183 2266 4256 dictum
2298 4190 2615 4277 nepotem
2666 4180 2895 4254 credis
2938 4180 3261 4255 debuisse
3314 4181 3559 4278 prefati
3612 4180 3798 4274 regis
3846 4179 3932 4250 li-

1112 4305 1410 4377 centiam
1440 4305 1836 4399 prestolari,
1876 4328 2036 4378 cum
2080 4307 2208 4378 tibi
2261 4327 2398 4380 non
2434 4307 2635 4380 liceat
2684 4307 3000 4401 ignorare
3059 4307 3252 4400 quod
3295 4314 3527 4378 tantus
3578 4316 3688 4379 est
3739 4307 3932 4378 favor

1112 4424 1543 4522 baptismatis
1573 4439 1652 4500 ut
1681 4430 1888 4502 etiam
1920 4451 2157 4506 servos
2175 4483 2197 4523 ,
2232 4431 2414 4503 sicut
2443 4451 2486 4502 a
2507 4434 2680 4525 jugo
2705 4431 3042 4519 criminis,
3081 4429 3184 4502 sic
3217 4430 3454 4503 invitis
3492 4428 3792 4503 dominis
3827 4429 3933 4500 in-

1117 4547 1445 4622 fidelibus
1482 4560 1551 4624 et
1590 4572 1711 4624 eos
1752 4555 2064 4626 converti
2111 4552 2508 4627 nolentibus
2544 4574 2588 4626 a
2622 4562 2865 4627 catena
2904 4552 3167 4627 eximat
3223 4552 3600 4626 servitutiS.
3662 4552 3934 4625 Utinam

1201 4688 1281 4771 (a)
1320 4692 1438 4770 Ap.
1466 4693 1759 4773 Raynald.
1784 4691 2151 4759 condemnas.
