4500 5956
1093 644 1219 706 580
2139 642 2489 704 nmmum
2541 640 2881 703 sssP'rml
3543 638 3702 716 [Anu.
3742 638 3911 702 1232

1098 799 1228 851 nos
1284 786 1775 870 cognoscentes
1824 776 2035 852 fidem
2088 786 2157 851 et
2212 776 2535 851 devotam
2586 798 2716 849 nec
2766 796 2906 847 non
2953 771 3430 866 obsequiosam
3484 773 3917 845 voluntatem

1100 899 1412 975 fidelium
1461 909 1844 974 nostrorum
1868 902 2374 990 ‚universorum
2425 900 2681 971 civium
2735 894 3352 970 wormaciensium
3373 946 3393 984 ,
3446 916 3659 988 quam
3715 896 3917 969 nobis

1096 1032 1168 1097 et
1220 1022 1818 1118 predecessoribus
1872 1045 1957 1096 ac
2003 1022 2556 1119 progenitoribus
2608 1020 2857 1093 nostris
2907 1018 3377 1092 exhibuerunt
3419 1016 3752 1091 hactenus
3808 1019 3914 1091 in-

1098 1144 1405 1237 defesse,
1464 1146 1632 1240 ipsis
1678 1146 1950 1240 singula
2006 1156 2074 1219 et
2117 1146 2445 1218 universa
2493 1143 2857 1241 privilegia
2911 1164 2955 1215 a
3007 1140 3604 1236 predecessoribus
3660 1143 3913 1215 nostris

1094 1268 1619 1364 imperatoribus
1660 1290 1742 1341 ac
1783 1269 2066 1363 regibus
2099 1270 2562 1341 Romanorum
2604 1275 2672 1340 et
2717 1265 3116 1338 nominatim
3156 1266 3248 1336 ab
3296 1264 3703 1359 imperatore
3751 1264 3912 1336 Fri-

1096 1391 1327 1465 derico
1375 1413 1633 1486 proavo
1695 1400 1928 1465 nostro
1944 1445 1965 1481 ,
2015 1391 2104 1463 ab
2153 1391 2557 1485 imperatore
2598 1390 2915 1463 Heinrico
2963 1410 3098 1460 avo
3147 1396 3374 1460 nostro
3417 1396 3489 1459 et
3535 1409 3578 1460 a
3618 1388 3911 1460 serenis-

1094 1516 1270 1587 simo
1323 1514 1603 1588 domino
1642 1516 2047 1609 imperatore
2081 1526 2275 1609 patre
2324 1522 2553 1586 nostro
2601 1513 2866 1586 eisdem
2930 1511 3232 1602 indulta,
3278 1509 3681 1583 auctoritate
3717 1510 3907 1603 regia

1094 1645 1165 1708 et
1204 1657 1296 1710 ex
1345 1638 1567 1729 gratia
1620 1645 1691 1709 et
1735 1645 2071 1730 potestate
2123 1657 2299 1730 quas
2342 1659 2386 1708 a
2443 1636 2877 1708 serenissimo
2928 1634 3209 1707 domino
3258 1632 3667 1727 imperatore
3703 1642 3909 1727 patre

1091 1767 1322 1831 nostro
1363 1778 1586 1854 nuper
1619 1780 1861 1832 sumus
1895 1759 2169 1855 adepti,
2208 1757 2736 1850 confirmamus;
2768 1759 3084 1831 volentes
3119 1776 3204 1828 ea
3238 1756 3434 1828 velut
3463 1756 3796 1828 hactenus
3828 1755 3905 1828 in

1090 1902 1223 1954 sno
1284 1881 1526 1954 robore
1579 1890 1650 1953 et
1702 1881 1945 1976 vigore
1998 1881 2265 1976 absque
2311 1882 2702 1977 calumpnia
2752 1882 2823 1953 in
2872 1887 3219 1976 posterum
3273 1901 3696 1974 permanere.
3754 1881 3906 1952 Sta·

1095 2004 1355 2077 tuimus
1405 2004 1618 2099 igitur
1667 2016 1739 2079 et
1792 2006 1926 2078 sub
1987 2006 2553 2080 interminacione
2593 2005 2811 2101 gratie
2856 2013 3085 2078 nostre
3131 2003 3436 2076 districte
3487 2003 3903 2098 precipimus

1087 2134 1169 2197 ut
1210 2127 1400 2198 nulla
1443 2149 1752 2222 unquam
1801 2149 2091 2223 persona
2138 2129 2424 2201 humilis
2475 2129 2588 2202 vel
2636 2129 2812 2220 alta,
2863 2127 3320 2201 ecclesiastica
3366 2127 3479 2199 vel
3532 2124 3894 2215 secularis,

1086 2248 1252 2321 huic
1294 2251 1475 2323 facto
1520 2259 1589 2322 et
1633 2250 2127 2324 confirmationi
2180 2262 2412 2325 nostre
2457 2252 2710 2325 audeat
2752 2253 3088 2325 contraire
3140 2251 3253 2323 vel
3298 2272 3475 2323 ausu
3538 2251 3898 2324 temerario

1086 2371 1157 2442 in
1193 2372 1429 2465 aliquo
1473 2372 1783 2446 obviare.
1813 2372 2019 2458 Quod
2062 2374 2184 2469 qui
2221 2376 2445 2447 facere
2494 2374 3021 2470 presumpserit,
3076 2374 3248 2446 iram
3281 2382 3582 2446 nostram
3610 2394 3896 2467 gravem

1082 2494 1331 2567 sentiet
1360 2502 1429 2566 et
1478 2494 1845 2587 offensam,
1888 2505 1957 2569 et
2004 2517 2253 2592 penam
2302 2506 2534 2570 reatus
2570 2498 2677 2570 sui
2721 2506 2997 2569 centum
3041 2496 3252 2568 libras
3296 2497 3446 2568 auri
3494 2506 3890 2592 componet,

1080 2618 1515 2691 medietatem
1565 2639 1835 2693 camere
1887 2629 2153 2714 nostre,
2196 2621 2536 2715 reliquam
2575 2620 2799 2716 passis
2844 2620 3166 2711 injuriam
3214 2619 3736 2715 persolvendas.
3781 2619 3894 2693 Ad

1078 2739 1287 2833 hujus
1323 2741 1557 2835 itaque
1590 2743 1750 2814 facti
1788 2744 2000 2816 nostri
2035 2752 2105 2817 et
2145 2742 2680 2817 confirmationis
2722 2742 3119 2817 memoriam
3158 2742 3549 2816 evidentem
3583 2753 3652 2816 et
3681 2744 3892 2817 robur

1078 2863 1152 2935 in
1198 2874 1549 2959 posterum
1585 2867 1996 2957 valiturum,
2043 2888 2328 2962 presens
2372 2864 2632 2939 exinde
2679 2865 3119 2960 privilegium
3170 2866 3504 2938 conscribi
3562 2875 3632 2938 et
3682 2867 3890 2961 sigilli

1076 2988 1289 3060 nostri
1324 2989 1698 3062 munimine
1723 2992 2062 3081 jussimus
2098 2989 2428 3064 roborari.

1177 3110 1409 3181 Testes
1465 3110 1559 3182 bii
1619 3120 1784 3183 sunt
1842 3139 1860 3184 ε
1915 3114 1988 3184 S.
2031 3112 2448 3184 venerabilis
2506 3112 2952 3206 Moguntinus
2999 3121 3068 3185 et
3120 3165 3137 3182 .
3173 3165 3190 3184 .
3225 3167 3243 3185 .
3294 3114 3730 3186 Treverensis
3776 3138 3887 3187 ar-

1077 3227 1492 3325 chiepiscopi
1515 3285 1534 3320 ,
1592 3233 1671 3303 B.
1731 3231 2288 3324 Argentinensis,
2344 3233 2846 3306 Cameracensis
2864 3285 2884 3324 ,
2944 3233 3495 3329 osnaburgensis
3536 3225 3880 3333 episcopi,

1072 3351 1148 3424 C.
1201 3352 1418 3425 abbas
1467 3352 1862 3447 FuldensiS,
1925 3356 2008 3427 Η.
2069 3355 2375 3429 marchio
2431 3355 2521 3429 de
2573 3356 2842 3449 Baden,
2898 3358 2985 3429 Η.
3043 3357 3197 3430 dux
3245 3358 3335 3432 de
3385 3360 3742 3454 Limborg,
3793 3361 3876 3433 Ο.

1070 3474 1417 3569 Aquensis
1466 3485 1536 3549 et
1567 3477 2015 3568 TraJectensis
2058 3479 2447 3574 prepositus
2486 3479 2610 3576 (a),
2651 3480 2727 3552 C.
2768 3482 3157 3575 prepositus
3205 3482 3296 3555 de
3334 3483 3606 3576 Tanne,
3654 3506 3884 3559 comes

1069 3598 1460 3672 Walramus
1492 3598 1583 3673 de
1620 3600 2060 3695 Lucilnborg,
2095 3623 2326 3675 comes
2359 3604 2443 3675 E.
2477 3603 2568 3678 de
2598 3602 2856 3695 Urach,
2902 3605 2989 3675 H.
3036 3604 3339 3678 marchio
3375 3607 3874 3701 de.Burgowe,

1070 3743 1302 3796 comes
1349 3724 1431 3794 Η.
1498 3722 1591 3797 de
1638 3723 2107 3818 Habigsborg,
2165 3746 2396 3799 comes
2442 3725 2530 3797 A.
2589 3725 2679 3798 de
2723 3728 3173 3823 Roteniborg,
3229 3729 3556 3802 Gerlacus
3608 3730 3700 3804 de
3744 3733 3880 3803 Bu·

1066 3843 1352 3940 dingen,
1389 3846 1795 3921 Godefridus
1832 3847 1923 3940 de
1965 3848 2402 3940 Hohenlocb,
2439 3850 2553 3923 W.
2606 3848 2874 3945 dapifer
2906 3850 2997 3924 de
3029 3852 3358 3944 Bonlant,
3379 3849 3506 3926 W.
3547 3854 3877 3950 pincerna

1066 3967 1157 4042 de
1201 3969 1531 4065 Schiphe,
1578 3973 1662 4045 E.
1721 3972 1989 4069 dapifer
2034 3972 2125 4047 de
2169 3973 2541 4067 Walborg,
2591 3973 2667 4047 C.
2719 3975 3046 4070 pincerna
3091 3976 3182 4049 de
3234 3960 3738 4068 Winterstetin,
3794 3979 3866 4051 C.

1062 4091 1391 4185 pincerna
1423 4092 1515 4165 de
1544 4095 2038 4190 Clinginiborg,
2079 4096 2497 4171 Ludewicus
2529 4096 2620 4171 de
2648 4098 2989 4194 Schipha,
3029 4108 3098 4170 et
3125 4099 3240 4170 alii
3270 4101 3744 4196 quamplures.

1163 4211 1410 4285 Actum
1459 4211 1712 4314 [anno]
1769 4218 2113 4291 dominice
2169 4221 2656 4294 incarnationis
2712 4221 3071 4295 millesimo
3146 4222 3617 4299 ducentesimo
3670 4227 3872 4301 trice·

1063 4335 1239 4408 simo
1290 4336 1631 4430 secundo,
1681 4340 1771 4411 111
1822 4343 2076 4413 mensis
2121 4344 2394 4436 augusti
2418 4396 2438 4431 ,
2486 4342 2858 4417 indictione
2908 4345 3186 4439 quinta,
3238 4368 3422 4421 anno
3472 4349 3670 4443 regni
3721 4351 3871 4443 ejus

1061 4457 1453 4533 undecimo.

1146 4722 1232 4805 (a)
1274 4724 1345 4786 In
1379 4727 1670 4804 impressis
1686 4731 1986 4809 prepositi,
2017 4732 2191 4794 male.
