4500 5956
1074 550 1199 613 sas
2112 545 2458 608 ιιιιιιιιιοι
2503 543 2845 608 ssrrnn
3519 542 3686 627 [Am.
3724 549 3893 612 123⁴.

1398 829 1417 843 .-
1464 832 1469 843 ,
1507 826 1968 845 *ὴν-..φο

1179 1078 1549 1183 Henricu's
1565 1160 1588 1204 ,
1625 1097 2145 1182 Romanorum
2190 1070 2364 1201 rex,
2407 1095 2505 1177 ad
2561 1090 3192 1207 supplicationem
3231 1092 3528 1175 abbatis
3582 1102 3658 1174 et
3708 1116 3902 1174 con-

1074 1241 1345 1316 ventus
1400 1233 1496 1313 de
1525 1230 1971 1339 Otterburg‚
2018 1157 2518 1337 privilegium
2549 1225 2647 1309 ab
2696 1225 2973 1310 Ottone
3015 1225 3115 1307 IV
3160 1226 3406 1341 eidem
3443 1224 3900 1308 monasterio

1074 1365 1458 1447 indultum
1522 1363 1786 1445 inserit
1834 1372 1909 1443 et
1980 1359 2438 1466 confirmat,
2482 1342 2839 1468 idemque
2893 1384 3072 1445 cum
3125 1324 3486 1442 omnibus
3543 1357 3774 1441 curiis
3829 1367 3903 1440 et

1070 1495 1679 1607 possessionibus
1713 1493 1880 1603 ejus
1912 1493 1995 1573 in
2029 1492 2494 1601 protectione
2527 1517 2670 1575 sua
2703 1491 2995 1600 recipit.

1116 1696 1125 1701 ¹
1237 1708 1941 1790 (Edid.S·rsrn.·A1..r.x
1970 1707 2410 1787 wisan-tvvm,
2434 1706 2684 1768 Monate.
2716 1702 2956 1783 Palae„
2987 1712 3036 1769 t.
3065 1705 3117 1781 Ι,
3146 1723 3207 1783 p.
3242 1712 3381 1779 279,
3406 1713 3476 1765 n⁶
3494 1701 3739 1782 XLIX.)
3849 1782 3856 1785 ι

1171 1854 1252 1970 Ιιι
1284 1896 1564 1971 nomine
1598 1905 1839 1970 sancte
1869 1905 1942 1968 et
1978 1824 2364 1969 individue
2376 1894 2748 1967 Trinitatis.
2791 1892 3153 1965 Heinricus
3208 1892 3542 1985 septimus
3563 1944 3584 1982 ,
3660 1889 3900 1963 divina

1075 2023 1351 2096 favente
1400 2020 1759 2094 clementia
1805 2020 2269 2092 Romanorum
2303 2038 2435 2090 rex
2479 2038 2749 2110 semper
2801 2024 3164 2109 augustus.
3201 2014 3320 2088 Ad
3358 2015 3720 2109 utriusque
3758 2014 3901 2086 vite

1082 2145 1476 2219 felicitatem
1501 2142 1829 2238 prodesse
1853 2143 2059 2217 nobis
2085 2164 2227 2214 non
2252 2140 2696 2235 ambigimus,
2730 2139 2790 2211 si
2810 2139 2962 2213 loca
2993 2137 3235 2211 divino
3260 2138 3479 2210 cultui
3511 2138 3903 2233 mancipata

1085 2266 1560 2340 curaverimus
1604 2266 1935 2360 ampliare
1965 2274 2035 2337 et
2068 2284 2400 2358 personas
2442 2264 2588 2337 Deo
2621 2261 2989 2337 militantes
3033 2261 3105 2334 in
3145 2259 3408 2334 eisdem
3436 2260 3630 2355 regio
3664 2268 3902 2356 patro-

1086 2389 1270 2461 cinio
1299 2386 1696 2481 defendere.
1738 2386 2165 2461 Accedentes
2198 2387 2409 2480 igitur
2443 2385 2534 2460 ad
2566 2406 2692 2458 nos
2737 2384 2954 2459 abbas
2995 2405 3079 2457 ae
3117 2393 3506 2459 ,conventus
3552 2383 3643 2457 de
3670 2384 3902 2459 Otter-

1071 2511 1254 2605 burg
1286 2509 1732 2587 devotissime
1753 2511 2226 2605 supplicarunt
2264 2519 2342 2582 ut
2375 2509 2816 2605 privilegium
2845 2509 2936 2581 ab
2959 2516 3651 2584 antecessorefnostro
3683 2509 3903 2603 impe-

1074 2645 1296 2709 ratore
1330 2638 1580 2709 Ottone
1609 2636 1776 2732 ipsis
1803 2633 2149 2707 indultum
2173 2641 2406 2707 nostra
2442 2633 2770 2705 serenitas
2800 2631 3204 2726 dignaretur
3226 2630 3667 2721 confirmare3
3701 2634 3903 2724 cujus

1076 2760 1416 2855 privilegii
1451 2769 1646 2832 tenor
1673 2759 1826 2832 talis
1853 2767 1956 2830 est
1987 2785 2006 2829 ε

1172 2882 1329 2956 Otto
1363 2893 1679 2976 quartus,
1719 2882 1959 2954 divina
1989 2883 2268 2954 favente
2305 2879 2663 2952 clementia
2690 2876 3154 2950 Romanorum
3190 2898 3321 2950 rex
3355 2887 3424 2950 et
3459 2899 3735 2973 semper
3762 2898 3900 2949 au-

1076 3016 1345 3100 gustus.
1381 3005 1589 3101 Apud
1623 3008 1879 3097 Regem
1905 3027 2148 3099 regum
2185 3003 2385 3077 nobis
2414 3000 2763 3075 credimus
2802 3003 3237 3096 profuturum
3273 3002 3334 3074 si
3366 3003 3702 3095 religiosis
3728 3002 3900 3073 viris

1079 3128 1586 3224 providerimus
1622 3138 1701 3199 ut
1733 3129 1805 3199 in
1839 3148 2009 3222 pace
2053 3136 2123 3199 et
2153 3127 2388 3221 quiete
2423 3126 2538 3199 die
2571 3135 2920 3218 noctuque
2957 3125 3332 3217 majestatis
3361 3126 3544 3197 illius
3579 3126 3901 3198 assistant

1079 3251 1302 3322 vultui
1359 3252 1559 3340 cujus
1607 3271 1845 3323 omnes
1891 3270 2017 3320 nos
2060 3270 2342 3322 necesse
2392 3258 2498 3321 est
2541 3258 2761 3322 astare
2803 3249 3155 3322 tribunali.
3199 3250 3630 3345 Quapropter
3660 3258 3901 3322 notum

1079 3375 1368 3447 facimus
1401 3372 1742 3444 universis
1777 3372 1972 3465 regni
1996 3372 2211 3444 nostri
2243 3370 2562 3444 fidelibus
2586 3382 2724 3444 tam
2744 3374 3179 3467 presentibus
3201 3394 3413 3467 quam
3444 3374 3693 3446 futuris
3709 3373 3902 3468 quod

1080 3497 1362 3593 querela
1397 3517 1537 3589 que
1568 3496 1965 3568 vertebatur
1999 3495 2177 3567 inter
2212 3494 2698 3567 monasterium
2736 3495 2826 3568 de
2848 3495 3217 3590 Otterburg
3249 3505 3321 3569 et
3356 3495 3600 3571 fideles
3623 3505 3901 3569 ¹nostros

1084 3619 1578 3694 Merbodonem
1619 3619 1709 3691 de
1750 3616 2230 3689 Savelenheim
2257 3626 2327 3688 et
2349 3616 2775 3689 Vernherum
2824 3620 3100 3691 fratrem
3136 3619 3314 3711 ejus,
3348 3641 3574 3693 coram
3600 3620 3798 3692 nobis
3821 3620 3896 3690 in

1079 3743 1264 3816 hunc
1300 3741 1584 3814 modum
1616 3749 1720 3813 est
1741 3739 1985 3834 sopita.
2027 3739 2586 3813 Jurisdictionem
2613 3761 2823 3834 quam
2866 3738 2956 3813 de
2992 3741 3195 3814 feodo
3231 3763 3307 3818 se
3344 3740 3600 3815 habere
3626 3763 3895 3815 assere-

1077 3866 1245 3939 bant
1291 3886 1500 3960 super
1551 3865 1786 3937 villam
1837 3863 2214 3936 Erlenbach
2267 3873 2336 3936 et
2377 3862 2716 3957 quasdam
2774 3865 3001 3937 curias
3057 3865 3453 3938 monasterii
3490 3866 3562 3936 in
3612 3887 3892 3936 manum

1075 3998 1375 4059 nostram
1411 3989 1973 4082 resignaverunt,
2015 3986 2241 4060 eidem
2280 3987 2353 4058 in
2396 3996 2806 4084 perpetuum
2843 4009 2968 4082 pro
2999 4009 3074 4061 se
3094 3998 3162 4060 et
3190 4011 3315 4083 pro
3346 3989 3492 4061 suis
3520 3987 3894 4060 heredibus

1074 4110 1654 4201 abrenuntiantes,
1697 4121 1776 4183 ut
1814 4111 1905 4184 de
1931 4121 2155 4185 cetero
2189 4111 2361 4184 nihil
2384 4114 2737 4207 potestatis
2763 4121 2832 4185 et
2857 4114 3034 4204 jnris
3070 4112 3423 4186 habeant
3403 4136 3477 4184 ιιι
3513 4113 3706 4185 omni
3744 4113 3898 4188 loco

1077 4233 1527 4326 possessionis
1559 4234 1743 4306 illius
1779 4237 2207 4328 monasterii,
2243 4247 2386 4308 tam
2410 4238 2541 4336 ipsi
2570 4258 2779 4330 quam
2802 4258 3040 4310 eorum
3076 4259 3528 4338 successores.
3568 4236 3705 4310 Sed
3732 4245 3801 4309 et
3831 4238 3892 4310 si

1075 4355 1248 4474 quid
1278 4355 1622 4429 commodi
1658 4356 1792 4430 de
1772 4380 2077 4453 ipsorum
2114 4367 2292 4431 terra
2323 4358 2555 4451 quoad
2582 4380 2841 4454 pascua
2881 4359 3282 4454 dumtaxat
3293 4369 3363 4433 et
3409 4361 3537 4433 iter
3562 4370 3629 4433 et
3661 4369 3900 4438 actum

1074 4490 1143 4553 et
1169 4478 1357 4566 viam
1384 4479 1704 4554 fratribus
1728 4482 1826 4552 illi
1855 4482 2266 4554 monasterio
2294 4483 2755 4556 servientibus
2771 4486 3146 4590 provenire
3167 4486 3500 4580 potuerit,
3539 4485 3904 4558 habebunt

1076 4611 1371 4697 gratum.
1416 4605 1626 4677 Porro
1653 4605 1723 4675 in
1770 4625 2006 4677 eorum
2026 4605 2504 4696 Jurisdictione
2532 4607 2623 4680 de
2651 4617 2882 4681 cetero
2912 4630 3054 4682 non
3088 4610 3321 4683 licebit
3362 4610 3685 4683 fratribus
3726 4631 3891 4682 mo-
