4500 5956
554 611 750 669 unm.
786 609 873 682 7.]
1453 602 1855 665 nis-roam
1893 599 2483 663 mrnomarma
3254 597 3377 658 679

555 744 736 815 ricus
761 737 1071 813 marchio
1102 735 1194 809 de
1209 737 1555 829 Burgove,
1593 758 1825 811 comes
1847 739 2087 830 Egeno
2111 735 2201 809 de
2222 734 2526 826 Vriburg
2542 786 2560 821 ,
2593 752 2823 803 comes
2840 732 3253 802 Hartmanus
3289 732 3378 802 de

555 866 909 957 Quiburg,
948 881 1178 934 comes
1208 860 1588 933 Ruodolsus
1631 860 1722 934 de
1752 860 2318 957 Raprehtswilar‚
2365 857 2723 930 Heinricus
2752 854 2841 928 de
2867 854 3128 945 Niffen,
3164 855 3376 956 Hein-

556 990 737 1062 ricus
789 987 881 1061 de
927 987 1377 1079 Ravenspurg
1413 984 1787 1079 imperialis
1822 985 1981 1057 aule
2022 982 2470 1066 camerarius,
2509 979 2867 1052 Heinricus
2921 977 3381 1049 marschalcus

558 1115 642 1188 de
669 1110 1147 1186 Babbenheim
1164 1161 1185 1200 ,
1228 1118 1299 1181 et
1324 1109 1440 1182 alii
1472 1110 1941 1203 quamplures,

649 1240 903 1310 Datum
942 1231 1134 1329 apud
1160 1232 1594 1325 Nuerinberg
1612 1286 1632 1324 ,
1680 1254 1862 1306 anno
1896 1230 2242 1305 dominice
2277 1226 2763 1302 incarnationis
2791 1226 2888 1299 151⁰
2910 1225 3375 1314 CCXXXIIIP,

558 1361 762 1434 tercio
792 1355 1128 1433 kalendas
1158 1356 1606 1450 septembris,
1650 1354 2027 1428 indictione
2046 1354 2377 1448 septima.

653 1932 1029 2019 Henricus
1048 1996 1075 2039 ,
1153 1937 1677 2020 Romanorum
1749 1961 1877 2018 rex
1908 1997 1932 2044 ,
2025 1935 2276 2017 Ulrioo
2355 1935 2784 2044 praeposito
2864 1944 2939 2017 et
3013 1933 3376 2020 fratribus
3457 2006 3572 2050 mm
3540 1954 3602 2008 ι»
3575 1955 3748 2061 mbam

560 2066 873 2157 Sanctae
928 2069 1191 2169 Crucis
1255 2070 1463 2179 apud
1533 2069 1966 2179 Augustam
2017 2076 2332 2153 renovat
2380 2067 2669 2151 litteras
2722 2078 2797 2150 et
2854 2070 3376 2153 concessiones
3463 2062 3571 2104 ³⁰⁸
3544 2066 3741 2117 ⁸¹¹·²¹¹⁸‘¹

558 2199 883 2312 Philippi
929 2201 1173 2381 regis,
1192 2227 1413 2357 quae
1445 2200 1733 2285 ibidem
1766 2203 2233 2285 inseruntur.

688 2426 939 2519 (Edit.
938 2445 1046 2509 ap.
1078 2427 1344 2493 Momm.
1374 2429 1572 2504 Boio„
1610 2435 1662 2491 t.
1704 2429 1915 2504 XXX,
1940 2445 2079 2507 pars
2117 2430 2193 2506 1⁸,
2228 2446 2293 2506 p.
2327 2438 2475 2507 215,
2505 2439 2574 2489 n⁰
2603 2439 2858 2506 ⁸122,ex
2900 2432 3173 2509 originali
3216 2433 3375 2493 unde

784 2530 1053 2625 ‘tigillum
1075 2533 1200 2596 fera
1237 2535 1508 2596 illaesum
1546 2534 1839 2612 appendet
1871 2552 1946 2595 ex
1982 2534 2099 2594 filis
2124 2537 2328 2595 sericis
2356 2534 2523 2595 rubri
2549 2541 2611 2595 et
2633 2535 2841 2595 viridis
2865 2535 3098 2596 coloris.
3122 2567 3205 2579 —
3231 2536 3375 2597 Pri-

784 2640 1071 2735 Qum
1097 2646 1297 2729 autem
1329 2641 1591 2719 Philippi
1614 2641 1770 2719 regls
1793 2645 1960 2702 extat
1982 2636 2225 2716 Ιόἰάεπι,
2257 2646 2404 2703 tom.
2435 2640 2657 2714 XXIX,
2688 2657 2823 2717 pars
2847 2640 2920 2715 1⁸,
2951 2658 3013 2717 Ρ.
3045 2648 3184 2702 499.
3190 2644 3211 2714 )

648 2842 723 2912 ln
772 2840 1054 2913 nomine
1103 2851 1338 2912 sancte
1389 2850 1460 2913 et
1508 2838 1871 2913 individue
1898 2840 2267 2912 Trinitatis.
2308 2838 2671 2911 Heinricus
2720 2838 3077 2933 septimuS,
3134 2839 3373 2917 divina

554 2964 824 3038 favente
863 2963 1228 3038 clementia
1262 2966 1728 3037 Romanorum
1760 2985 1888 3036 rex
1921 2972 1990 3037 et
2018 2985 2291 3058 semper
2322 2958 2683 3056 augustus.
2730 2961 2919 3034 Sicut
2966 2984 3050 3035 ea
3085 2987 3222 3056 que
3251 2987 3376 3059 per

559 3088 876 3160 culminis
910 3089 1128 3160 nostri
1163 3089 1602 3160 eminentiam
1639 3097 1973 3183 geruntur
2010 3090 2120 3160 vel
2164 3096 2355 3181 gesta
2390 3086 2676 3175 fuerint,
2734 3087 3220 3160 rationabiliter
3251 3090 3373 3162 de-

558 3211 937 3284 sideramus
957 3234 1000 3284 a
1028 3212 1279 3285 nostris
1314 3213 1825 3286 successoribus
1850 3211 2238 3299 observari,
2282 3211 2380 3282 ita
2407 3209 2964 3305 predecessorum
2993 3220 3376 3285 nostrorum

557 3345 697 3407 acta
728 3337 984 3408 nostris
1018 3335 1444 3432 temporibus
1473 3335 1779 3409 stabilire
1811 3336 2136 3409 volumus
2170 3357 2261 3406 ne
2286 3357 2412 3429 per
2450 3356 2574 3406 nos
2613 3334 2726 3407 vel
2762 3356 2884 3429 per
2913 3336 3211 3428 aliquem
3245 3361 3378 3410 va-

556 3459 731 3532 leant
778 3461 1154 3533 immutari.
1216 3461 1580 3536 Accedens
1628 3461 1720 3535 ad
1761 3461 2177 3555 presentiam
2205 3469 2507 3532 nostram
2553 3460 2901 3549 Volricus,
2960 3459 3378 3534 honorabilis

557 3584 941 3678 prepositus
965 3584 1249 3657 vivifice
1286 3586 1523 3659 Crucis
1549 3584 1742 3680 apud
1774 3586 2190 3678 Augustam,
2228 3595 2367 3657 tam
2397 3605 2519 3678 pro
2551 3605 2627 3655 se
2655 3606 2865 3677 quam
2897 3607 3022 3679 pro
3055 3587 3378 3658 fratribus

558 3707 866 3797 ejusdem
899 3710 1303 3781 monasterii
1334 3709 1754 3805 supplicavit
1778 3709 2131 3781 humiliter
2156 3717 2234 3779 ut
2250 3708 2689 3803 privilegium
2714 3708 2866 3779 sive
2892 3708 3375 3800 obligationem

558 3832 800 3904 factam
824 3833 950 3926 per
978 3832 1237 3905 litteras
1292 3832 1459 3906 dive
1512 3832 2005 3906 recordationis
2041 3832 2340 3927 Philippi
2397 3831 2580 3924 regis
2634 3831 3129 3924 consanguinei
3163 3834 3376 3905 nostri

557 3953 957 4028 confirmare
984 3967 1055 4028 et
1086 3978 1420 4030 renovare
1446 3956 1537 4030 de
1556 3957 1980 4051 benignitate
2006 3956 2195 4049 regia
2223 3954 2693 4049 dignaremur.
2718 3955 2855 4026 Nos
2880 3953 3114 4046 itaque
3138 3976 3377 4027 eorum

557 4080 875 4172 precibus
922 4080 1274 4170 inclinati,
1335 4082 1565 4154 literas
1617 4080 1899 4154 easdem
1956 4080 2046 4154 de
2086 4080 2304 4151 verbo
2333 4078 2426 4152 ad
2460 4075 2754 4150 verbum
2796 4078 3093 4171 presenti
3133 4080 3382 4173 pagine
3442 4150 3446 4155 .

554 4201 887 4276 duximus
923 4203 1369 4295 inserendas3
1410 4204 1611 4297 cujus
1645 4203 2001 4299 (quarum)
2032 4213 2227 4276 tenor
2256 4201 2409 4275 talis
2437 4209 2540 4273 est
2576 4226 2594 4271 ε

653 4327 728 4397 In
761 4328 1045 4401 nomine
1085 4337 1322 4402 sancte
1370 4338 1444 4401 et
1495 4328 1863 4402 individue
1902 4328 2279 4400 Trinitatis.
2320 4325 2677 4421 Philippus
2708 4324 3095 4417 secundus,
3144 4325 3385 4403 divina

546 4449 831 4522 favente
883 4453 1247 4524 clementia
1297 4454 1759 4526 Romanorum
1799 4474 1930 4525 rex
1950 4462 2021 4525 et
2063 4472 2338 4545 semper
2371 4459 2733 4543 augustus.
2775 4450 3175 4542 Augustalis
3208 4453 3390 4523 emi-

545 4574 797 4646 nencie
828 4575 1200 4649 laudabilis
1237 4574 1573 4649 stabilitas
1608 4576 1789 4651 inter
1836 4586 2099 4649 ceteras
2130 4576 2390 4668 quibus
2435 4574 2762 4648 decenter
2793 4586 3076 4646 ornatur
3103 4575 3390 4647 virtutes

548 4718 778 4789 usque
807 4697 985 4772 adeo
1015 4700 1194 4773 circa
1225 4700 1556 4773 universa
1590 4708 1782 4793 gesta
1810 4721 1937 4774 sua
1950 4699 2191 4774 florem
2221 4700 2616 4772 constancie
2640 4700 3001 4772 consuevit
3024 4698 3392 4772 observare
