4500 5956
1009 600 1131 663 966
1926 600 2179 660 INDEX
2230 599 2923 662 DOCUMENTORUM.

1036 802 1258 878 1252
3685 866 3688 873 .

1059 932 1235 989 maio.
1342 927 1459 1003 Ap.
1475 927 1723 987 Portum
1777 957 1859 968 —-
1900 926 2123 986 Iterum
2149 934 2395 987 renovat
2421 927 2609 1005 iegem
2635 945 2758 1004 qua
2782 934 3133 989 revocantur
3158 930 3525 1003 communia,
3556 930 3799 991 consilia
3815 974 3834 1000 .

1410 1024 1649 1084 Naonis.
1858 1026 2125 1100 magistri
2150 1026 2368 1101 aliique
2395 1024 2674 1086 officiales
2714 1027 2969 1103 civium,
2997 1029 3103 1103 qui
3145 1027 3210 1085 in
3253 1028 3413 1086 omni
3454 1027 3693 1086 civitate
3743 1027 3837 1087 vel

1857 1120 2072 1195 oppido
2110 1120 2492 1180 Alemanniae
2519 1124 2647 1180 sine
2684 1122 3088 1198 episcoporum
3124 1121 3491 1196 beneplacito
3517 1127 3687 1181 erant
3711 1129 3837 1182 sta-

1856 1215 1970 1274 tuti
1984 1259 2000 1286 ,
2028 1222 2139 1275 etc.
3718 1229 3834 1279 285

1059 1315 1236 1374 maio.
1341 1317 1455 1389 Ap.
1482 1313 1726 1372 Portum
1777 1340 1859 1353 —
1897 1309 2048 1370 Cum
2086 1311 2388 1371 Ludovico
2431 1312 2789 1373 Francorum
2833 1328 2970 1391 rege
2993 1311 3565 1374 confoederationem
3592 1321 3840 1375 renovat

1409 1409 1651 1469 Naonis.
1857 1414 2123 1467 mutuam
2168 1413 2229 1466 et
2277 1411 2468 1484 jurari
2511 1411 2573 1468 in
2620 1412 2816 1469 anima
2865 1425 2973 1469 sua
3010 1409 3207 1488 jubet,
3238 1427 3377 1471 cum
3420 1410 3535 1473 hac
3577 1411 3840 1471 clausula

1857 1504 2018 1578 quod
2062 1504 2287 1563 nullam
2336 1507 2655 1565 amicitiam
2695 1523 2831 1567 cum
2859 1522 2994 1582 rege
3020 1506 3347 1585 Angiorum
3373 1507 3549 1567 faciet
3574 1510 3699 1567 sine
3727 1524 3837 1568 vo-

1859 1599 2084 1657 luntate
2107 1600 2389 1674 praedicti
2416 1601 2778 1661 Francorum
2805 1604 2982 1679 regis.
3722 1612 3835 1663 353

1061 1701 1238 1759 maio.
1344 1701 1452 1776 Ap.
1483 1698 1726 1758 Portum
1786 1726 1860 1739 —
1900 1694 1997 1754 Ad
2043 1698 2483 1772 requisitionem
2527 1700 2788 1773 episcopi
2831 1697 3332 1775 osnaburgensIs,
3381 1700 3736 1758 sententiam
3775 1701 3838 1758 in

1413 1796 1653 1855 Naonis.
1861 1794 2027 1851 curia
2054 1809 2162 1852 sua
2188 1793 2570 1853 Ravennensi
2597 1795 2780 1854 latam
2804 1795 3139 1872 promulgat
3154 1837 3172 1869 ‚
3196 1800 3326 1854 tum
3353 1810 3529 1871 super
3553 1794 3839 1855 divisione

1862 1886 2148 1948 bonorum
2195 1904 2300 1963 per
2342 1889 2605 1965 judicem
2651 1893 3060 1965 pronuntiata,
3088 1897 3220 1950 tum
3256 1905 3434 1966 super
3470 1890 3841 1950 censualibus

1861 1985 2032 2045 bonis
2060 1984 2284 2062 absque
2311 1986 2618 2046 voluntate
2640 1988 2865 2047 domini
2891 1987 3211 2048 transiatis.
3723 1996 3837 2047 356

1063 2084 1241 2145 maio.
1347 2087 1463 2162 Ap.
1483 2086 1729 2145 Portum
1781 2113 1861 2128 —
1900 2083 2115 2143 Notam
2141 2083 2286 2143 facit
2309 2086 2660 2143 sententiam
2702 2086 2766 2143 in
2804 2086 2965 2144 curia
3003 2101 3112 2145 sua
3149 2084 3351 2155 latam,
3384 2082 3658 2143 videlicet
3681 2084 3841 2160 quod

1416 2180 1659 2241 Naonis.
1860 2180 2198 2241 Bernardus
2222 2180 2352 2240 dux
2379 2179 2713 2241 Carinthiae
2738 2197 2858 2241 non
2889 2181 3103 2241 babeat
3128 2186 3477 2257 potestatem
3499 2181 3843 2241 instituendi

1863 2278 2056 2338 forum
2084 2278 2148 2336 in
2175 2277 2300 2337 solo
2325 2280 2663 2337 monasterii
2693 2278 2894 2339 Sancti
2936 2277 3106 2339 Pauli
3133 2278 3208 2338 de
3233 2277 3478 2338 Lavant.
3724 2286 3834 2337 357

1064 2373 1242 2433 maio.
1349 2374 1463 2450 Ap.
1488 2375 1732 2433 Portum
1784 2404 1865 2417 —
1904 2371 2002 2431 Ad
2027 2374 2454 2448 querimoniam
2481 2373 2681 2434 sifridi
2707 2375 3150 2450 Batisponensis
3175 2375 3465 2450 episcopi,
3495 2375 3839 2434 sententiam

1416 2470 1658 2533 Naonis.
1864 2470 2304 2545 proscriptionis
2329 2470 2695 2547 promulgat,
2727 2470 2908 2530 iatam
2932 2472 2995 2530 in
3022 2470 3279 2546 generali
3306 2471 3472 2530 curia
3496 2469 3655 2546 apud
3685 2469 3840 2529 Sibi-

1865 2565 2095 2638 datum,
2126 2566 2413 2627 adversus
2438 2566 2771 2626 Conradum
2797 2569 3071 2627 comitem
3099 2567 3174 2626 de
3194 2567 3595 2644 Wasserburg
3616 2574 3675 2625 et
3698 2582 3844 2643 qua-

1863 2662 2190 2722 tuordecim
2216 2663 2529 2738 complica
2554 2666 2704 2740 ejus.
3525 2704 3530 2721 ,
3725 2672 3838 2723 358

1073 2758 1252 2817 maio.
1348 2759 1464 2835 Ap.
1489 2758 1732 2817 Portum
1789 2788 1866 2802 -
1905 2756 1998 2816 Ad
2027 2761 2453 2833 querimoniam
2481 2758 2923 2834 Herbipoiensis
2948 2760 3233 2836 episcopi,
3264 2774 3339 2818 ex
3369 2760 3657 2819 sententia
3680 2760 3841 2835 prin-

1420 2854 1662 2914 Naonis.
1867 2856 2067 2933 cipum
2092 2855 2395 2915 Aibertum
2424 2856 2499 2914 de
2525 2856 2707 2915 Entse
2733 2857 3064 2933 proscribit,
3082 2872 3152 2915 eo
3172 2856 3335 2932 quod
3352 2862 3611 2916 casu-um
3641 2857 3838 2929 Entse,

1866 2952 1945 3012 ad
1987 2952 2292 3012 ecclesiam
2337 2950 2816 3029 HerbipoIensem
2870 2958 3169 3030 spectans,
3200 2952 3443 3013 absente
3485 2954 3551 3013 in
3593 2954 3842 3013 servitiis

1866 3051 2095 3125 imperii
2123 3051 2418 3126 episcopo,
2447 3050 2733 3109 violenter
2757 3051 3152 3128 occupaverit.
3597 3101 3601 3105 .
3728 3058 3841 3109 359

1064 3140 1243 3200 maio.
1350 3144 1464 3218 Ap.
1493 3143 1735 3203 Portum
1791 3177 1867 3189 —
1908 3144 2003 3203 Ad
2028 3147 2505 3221 conquestionem
2532 3146 2771 3206 Benrici
2796 3146 3250 3206 Wormatiensis
3276 3146 3555 3222 episcopi,
3585 3145 3753 3205 iilum
3777 3146 3843 3205 in

1419 3240 1662 3302 Naonis.
1867 3243 2233 3316 possessione
2257 3241 2434 3301 viliae
2457 3241 2783 3302 Nekerowe
2820 3243 3076 3301 restituit
3089 3284 3107 3315 ,
3136 3241 3212 3300 de
3238 3256 3360 3317 qua
3382 3239 3576 3301 fuerat
3600 3258 3702 3317 per
3727 3240 3842 3300 du—

1868 3351 1995 3395 cem
2045 3337 2330 3396 Bavariae
2401 3338 2727 3413 palatinum
2790 3339 3063 3398 comitem
3115 3337 3310 3398 Rheni
3374 3339 3596 3414 injuste
3648 3337 3843 3397 desti-

1868 3439 2054 3493 tutuS.
3001 3472 3008 3478 ·
3725 3442 3839 3494 360

1066 3527 1239 3587 maio.
1346 3526 1464 3604 Ap.
1491 3525 1736 3584 Portum
1785 3561 1867 3574 —
1906 3530 2162 3589 Henrico
2204 3530 2490 3590 Misnensi
2534 3532 2805 3608 episcopo
2847 3546 3054 3591 omnes
3087 3545 3270 3590 venas
3294 3529 3667 3591 metallorum
3692 3546 3845 3607 quae

1423 3624 1659 3684 Naonis.
1865 3628 1928 3686 in
1968 3626 2153 3686 fundo
2195 3628 2470 3687 ecclesiae
2512 3644 2654 3688 suae
2691 3630 2927 3704 reperiri
2973 3628 3317 3704 contigerit,
3346 3626 3616 3688 concedit
3651 3631 3713 3685 et
3736 3626 3841 3686 do-

1866 3730 1999 3799 nat,
2028 3741 2166 3785 cum
2188 3727 2362 3802 aquis
2387 3731 2448 3784 et
2473 3727 2770 3785 montanis
2799 3724 2900 3785 ubi
2924 3739 3134 3784 aurum
3152 3726 3366 3800 poterit
3391 3725 3663 3784 inveniri.
3729 3731 3841 3783 362

1067 3816 1241 3894 julio.
1456 3817 1634 3895 Apud
1787 3854 1869 3868 —
1908 3825 2097 3883 Raoni
2143 3822 2218 3882 de
2264 3822 2496 3882 Limata
2541 3820 2855 3882 confirmat
2879 3820 3125 3882 feudum
3150 3822 3327 3881 unius
3355 3821 3559 3882 militis
3583 3824 3648 3881 in
3673 3820 3844 3880 Alta·

1332 3913 1757 3993 Spinazzoiam.
1868 3917 2039 3996 villa,
2084 3915 2245 3993 quod
2272 3915 2606 3976 Teobaidus
2647 3916 2983 3977 Francisius
3026 3917 3232 3993 vigore
3272 3917 3604 3977 testamenti
3640 3913 3843 3975 Jacobi

1867 4013 2151 4073 Francisii
2176 4011 2375 4074 fratris
2402 4014 2527 4090 sui,
2553 4013 2742 4074 Baoni
2769 4012 2845 4072 de
2871 4012 3099 4072 Limata
3121 4014 3276 4089 patri
3301 4011 3566 4090 ejusdem
3591 4012 3839 4083 Raonis,

1866 4115 2257 4182 concesserat,
2278 4115 2392 4170 etc.
3727 4115 3842 4167 364

1044 4208 1117 4258 18
1132 4198 1288 4276 julii.
1410 4203 1666 4266 Meinae.
1795 4235 1864 4248 —
1902 4205 2299 4264 Januensibus
2325 4205 2563 4263 nuntiat
2598 4205 2907 4263 victoriam
2934 4202 3011 4264 ab
3037 4204 3303 4265 exercitu
3329 4218 3436 4263 suo
3472 4205 3536 4263 in
3578 4201 3844 4278 partibus

1866 4301 2274 4361 transmarinis
2300 4299 2566 4372 relatam,
2584 4301 2882 4377 mittitque
2898 4301 3164 4377 judicem
3191 4299 3540 4360 Manzinum
3567 4303 3629 4357 et
3652 4297 3848 4356 Thad-

1863 4398 2041 4458 deum
2067 4397 2143 4457 de
2170 4398 2406 4474 Suessa,
2434 4397 2652 4474 quibus
2677 4398 2738 4456 in
2775 4398 2860 4457 eis
2899 4414 3053 4475 quae
3076 4415 3153 4459 ex
3179 4403 3344 4475 parte
3386 4412 3496 4457 sua
3521 4400 3846 4472 proponent

1865 4492 2265 4553 indubitanter
2290 4493 2554 4553 credant.
3728 4498 3841 4550 368

1063 4582 1236 4660 julio.
1322 4590 1436 4665 Ap.
1471 4587 1754 4650 Meiflam.
1790 4618 1866 4633 -
1910 4589 1981 4648 In
2022 4586 2288 4649 favorem
2324 4589 2685 4666 Euphemiae
2712 4587 3043 4650 abbatissae
3069 4589 3411 4650 monasterii
3439 4586 3627 4648 Castri
3654 4587 3847 4649 Caroii

1867 4683 2436 4761 (Chateau-Cbaion)
2461 4687 2524 4745 in
2549 4687 2832 4746 comtatu
2859 4686 3236 4765 Burgundiae
3249 4729 3269 4765 ,
3306 4689 3555 4745 renovat
3598 4689 3658 4743 et
3699 4700 3847 4744 con-
