4500 5956
1058 643 1181 704 944
2157 637 2776 700 ADMTAMENTA.

1059 776 1489 862 curabimus,
1539 783 1744 869 prout
1799 780 2262 869 opportunum
2329 774 2567 864 fuerit,
2623 783 2903 870 paterna
2960 772 3420 847 sollicitudine
3474 772 3865 869 providere.

1061 898 1265 986 Quod
1290 898 1346 970 si
1372 898 1605 991 aliqua
1635 895 1976 969 dubitatio
2004 916 2047 968 a
2082 895 2366 968 consilio
2395 905 2623 969 nostro
2660 906 2726 968 te
2759 897 2933 968 sorte
2967 896 3362 988 retraxerit,
3393 898 3637 970 saltem
3666 919 3873 992 spon-

1060 1039 1306 1098 taneus
1356 1035 1425 1095 te
1468 1030 1701 1093 nostre
1753 1018 2167 1092 ordinationi
2222 1020 2685 1108 commutem,
2745 1018 2995 1092 offeras
3040 1019 3431 1093 satisfacere
3480 1019 3871 1115 imperatori

1064 1151 1372 1248 predicto
1411 1147 1591 1219 sicut
1615 1143 1922 1216 Ecclesia
1952 1145 2256 1235 Romana
2286 1143 2565 1216 duxerit
2591 1142 3126 1238 disponendum.
3145 1143 3501 1236 Alioquin,
3538 1165 3698 1216 cum
3721 1165 3869 1216 non

1062 1276 1413 1371 possimus
1446 1292 1573 1343 nec
1608 1269 1814 1342 etiam
1856 1267 2232 1341 debeamus
2273 1268 2406 1362 ipsi
2450 1267 2689 1340 deesse
2728 1268 2801 1338 in
2828 1267 3089 1360 justitia
3123 1267 3195 1338 in
3242 1290 3382 1362 qua
3426 1289 3668 1341 sumus
3716 1267 3869 1340 aliis

1064 1398 1406 1473 debitores
1427 1450 1446 1485 ,
1498 1415 1824 1467 exercere
1859 1392 1931 1463 in
1981 1401 2047 1464 te
2083 1392 2378 1486 rigorem
2403 1392 2684 1493 justitie
2699 1393 2902 1484 juxta
2941 1391 3381 1464 commissum
3413 1413 3456 1463 a
3486 1393 3629 1464 Deo
3672 1391 3870 1464 nobis

1060 1523 1360 1597 officium
1411 1517 1922 1611 compellemur,
1960 1525 2031 1588 et
2066 1525 2140 1587 tu
2178 1515 2432 1588 duritie
2480 1526 2599 1587 tue
2637 1515 2889 1609 poteris
2932 1513 3327 1588 discrimina
3367 1536 3504 1609 que
3535 1513 3702 1587 inde
3743 1514 3868 1586 tibi

1060 1644 1419 1721 evenerint
1451 1643 1812 1736 imputare.

1152 1772 1403 1841 Datum
1436 1764 1627 1861 apud
1655 1763 2016 1854 Arronem,
2076 1762 2194 1835 vll
2226 1760 2388 1835 idus
2412 1761 2716 1857 augusti,
2747 1783 2931 1836 anno
2959 1770 3230 1836 octavo.

1946 2036 2564 2044 —oq———Q——u———o-oo
2577 2036 2643 2044 ...-
2662 2036 2807 2044 -α--ο,
2817 2036 3097 2043 -ινᾞ-ΑΜ
3111 2036 3370 2044 ooo—m·
3381 2032 3444 2044 d

709 2289 923 2388 3332
1162 2273 1368 2356 Finis
1430 2270 1850 2380 encyclicae
1921 2295 2078 2377 qua
2147 2267 2572 2350 Fridericus
2592 2330 2616 2372 ‚
2673 2268 3194 2351 Romanorum
3266 2268 3710 2376 imperator,
3773 2270 3873 2350 ad

693 2402 749 2442 ²⁸
766 2373 964 2496 {3339il
1056 2406 1432 2518 principes
1485 2402 1781 2512 imperii
1828 2400 2088 2484 scribit
2137 2401 2234 2482 de
2271 2400 2700 2483 excessibus
2753 2400 3054 2483 Henrici
3102 2399 3620 2484 Romanorum
3670 2400 3873 2511 regis

1053 2539 1185 2622 filii
1225 2539 1370 2621 sui.

1219 2723 1342 2803 (cf.
1375 2741 1437 2800 p.
1469 2732 1609 2793 524,
1639 2721 1744 2782 ubi
1771 2722 2215 2793 documentum,
2238 2726 2308 2780 ut
2332 2720 2544 2782 melius
2569 2723 2892 2799 potuimus,
2922 2722 3101 2781 variis
3126 2720 3427 2782 codicibus
3465 2722 3693 2783 collatis
3735 2721 3873 2782 edi-

1291 2831 1509 2890 dimus.
1542 2830 1716 2889 Nunc
1739 2844 1880 2887 vero
1913 2845 1950 2887 a
1976 2826 2302 2887 Boehmero
2341 2828 2551 2887 moniti
2573 2830 2676 2904 qui
2701 2827 2963 2888 codicem
2990 2828 3174 2888 alium
3205 2827 3318 2888 sub
3345 2828 3616 2889 mambus
3640 2827 3868 2903 habuit,

1292 2936 1474 2998 finem
1501 2941 1562 2996 et
1596 2941 1769 2997 notas
1801 2934 2244 3012 chronologicas
2283 2933 2464 3012 hujus
2499 2933 2779 3011 epistolae
2819 2951 2892 2995 ex
2919 2934 3236 3012 exemplari
3262 2934 3692 3012 archiepiscopo
3719 2935 3874 2996 Tre-

1290 3045 1525 3103 verensi
1550 3042 1794 3116 directo,
1821 3042 2151 3101 inserimus.
2170 3038 2482 3100 Variantes
2504 3039 2679 3099 simul
2709 3046 2771 3099 et
2794 3042 3050 3117 aptiores
3065 3040 3340 3102 lectiones
3362 3043 3516 3101 inter
3538 3036 3875 3118 oorriqmda

1292 3149 1535 3209 sedulus
1557 3148 1734 3208 lector
1762 3149 2071 3224 requirat.)

1154 3307 1600 3395 Fredericus,
1654 3305 1781 3376 Dei
1820 3305 2075 3397 gratia,
2132 3315 2265 3379 etc.
2320 3306 2497 3378 Ecce
2551 3305 2842 3377 facimus
2887 3307 3278 3380 universale
3317 3307 3645 3400 verbnm,
3699 3317 3867 3399 etc„

1057 3452 1262 3523 usque
1319 3429 1409 3499 ad
1454 3425 1611 3500 fidei
1667 3435 1783 3498 tue
1836 3427 2073 3499 titulus
2124 3428 2516 3500 extollatur.
2575 3428 2885 3502 Preterea
2929 3430 3374 3504 sollicitamus
3415 3439 3485 3504 et
3526 3431 3876 3505 hortamur

1061 3563 1317 3626 attente
1367 3550 2045 3645 circumspectionem
2101 3560 2291 3622 tuam
2352 3560 2696 3644 quatenus
2741 3554 2946 3646 juxta
3000 3563 3301 3627 tenorem
3358 3556 3648 3627 aliarum
3697 3555 3875 3628 litte·

1060 3699 1290 3750 rarum
1334 3685 1403 3749 te
1440 3696 1787 3771 prepareS,
1819 3675 2021 3746 nobis
2047 3674 2115 3745 in
2154 3674 2474 3769 proximo
2505 3676 2945 3749 venientibus
2988 3677 3081 3750 ad
3113 3689 3339 3773 partes
3374 3679 3529 3752 Fori
3562 3679 3722 3752 Iulii
3757 3700 3878 3752 oc-

1063 3823 1430 3892 cursuruS,
1483 3799 1572 3872 de
1614 3800 1791 3871 felici
1831 3799 2138 3872 adventu
2176 3808 2409 3871 nostro
2449 3799 2844 3872 nullatenus
2875 3799 3287 3875 dubitando.

1154 3926 1403 3995 Datum
1435 3920 1626 4017 apud
1662 3922 2006 4012 Barolum,
2049 3922 2328 3995 XXVIII
2355 3923 2679 4014 januarii,
2718 3925 2861 3997 VIII
2900 3921 3302 3999 indictione.

712 4459 936 4556 {⁷⁰33}
1161 4428 1587 4512 Fridericus
1610 4487 1634 4533 ‚
1691 4426 2210 4510 Romanorum
2265 4424 2678 4534 imperator
2692 4487 2716 4534 ‚
2769 4426 3132 4537 Gregorio
3183 4452 3425 4537 papae
3485 4431 3745 4515 scribit
3797 4458 3881 4516 se

768 4567 888 4609 ¹²³³·
1057 4586 1355 4668 semper
1419 4559 1518 4641 ad
1571 4557 2089 4641 defensionem
2140 4556 2521 4639 Ecclesiae
2571 4565 2926 4665 paratum
2979 4584 3183 4666 esse,
3232 4560 3731 4672 hortaturque
3781 4590 3879 4647 ne

1054 4719 1321 4805 pacem
1357 4692 1614 4775 minus
1650 4691 2133 4772 commodam
2177 4701 2485 4799 propter
2538 4715 2759 4773 suam
2796 4691 3219 4776 absentiam
3254 4695 3685 4779 concludat.
