4500 5956
1127 638 1250 702 996
2052 639 2307 701 INDEX
2352 636 3047 699 DocuMssN'roRuu.

1153 838 1375 915 1254

1149 976 1211 1027 ι’
1224 966 1376 1027 febr.
1564 965 1740 1043 Apud
1897 998 1979 1010 —
2017 964 2354 1042 Principum
2383 968 2645 1029 dictante
2669 967 2957 1027 sententia
2974 1006 2996 1038 ,
3024 969 3448 1040 possessionem
3474 973 3705 1047 argenti
3730 971 3955 1033 fodina-

1483 1061 1829 1123 Frankfurt.
1977 1076 2112 1120 rum
2136 1067 2197 1121 et
2220 1061 2548 1123 fossionum
2575 1065 2869 1123 montium
2895 1077 2998 1137 per
3023 1061 3429 1139 Brisgauviam
3456 1079 3633 1141 super
3657 1082 3776 1143 qua
3799 1069 3954 1128 inter

1978 1159 2374 1220 marchionem
2408 1160 2484 1221 de
2508 1160 2711 1220 Baden
2744 1164 2806 1219 et
2830 1160 3102 1219 comitem
3133 1158 3208 1219 de
3247 1159 3445 1220 Urach
3480 1161 3556 1221 lis
3595 1162 3950 1236 vertebatur,

1977 1254 2055 1314 ad
2082 1255 2404 1316 Henricum
2438 1258 2777 1332 episcopum
2812 1260 2874 1314 et
2907 1255 3211 1315 ecciesiam
3252 1255 3631 1317 mensem
3666 1260 3952 1334 pertinere

1977 1350 2260 1412 dufflffnst.
3836 1363 3951 1416 629

1155 1484 1189 1534 5
1223 1473 1371 1535 febr.
1568 1469 1743 1546 Apud
1896 1501 1980 1517 —
2017 1473 2088 1532 In
2118 1473 2541 1547 protectionem
2584 1486 2754 1531 suam
2791 1472 3039 1545 suscipit
3076 1474 3496 1533 monasterium
3533 1477 3951 1536 sanctimonia-

1447 1566 1867 1627 Frankeni'urt.
1978 1570 2123 1629 lium
2151 1569 2557 1647 Himmelthai,
2586 1568 2915 1644 specialiter
2939 1568 3263 1629 concedas
3279 1575 3349 1629 ut
3366 1586 3774 1648 quaecumque
3798 1571 3952 1633 bona

1978 1681 2016 1725 a
2031 1665 2511 1726 ministerialibus
2529 1667 2654 1725 sive
2678 1663 3103 1724 inbeneficiatis
3128 1671 3233 1724 aut
3256 1668 3443 1726 servis
3466 1668 3641 1744 regiis
3667 1671 3951 1746 acquisita

1976 1767 2038 1822 et
2063 1761 2343 1838 deinceps
2366 1760 2744 1837 acquirenda,
2773 1759 2963 1820 eidem
2990 1765 3121 1819 rata
3146 1768 3547 1837 permaneant.
3833 1774 3941 1826 631

1156 1892 1190 1942 5
1222 1882 1374 1944 febr.
1563 1881 1739 1958 Apud
1897 1915 1978 1928 —
2016 1882 2336 1945 Profitetur
2383 1881 2826 1942 ministerialem
2881 1896 3057 1940 suum
3096 1881 3489 1943 Giselbertum
3530 1883 3607 1943 de
3647 1883 3949 1946 Eschborn

1459 1979 1852 2041 Frankenfort
1974 1998 2098 2042 una
2124 1998 2261 2042 cum
2289 1980 2649 2058 cunegunde
2673 1982 2859 2055 ipsius
2886 1996 3073 2039 uxore
3096 1980 3351 2041 claustro
3374 1982 3452 2043 de
3477 1981 3790 2059 Arnsburg
3813 1999 3949 2043 cur-

1482 2078 1546 2136 in
1571 2076 1821 2136 solemni
1974 2082 2097 2136 tem
2135 2077 2321 2152 ipsius
2353 2077 2418 2134 in
2456 2074 2805 2135 Herlisheim
2844 2090 2983 2134 cum
3027 2075 3301 2136 omnibus
3336 2078 3705 2153 pertinentiis
3737 2076 3814 2137 de
3850 2092 3945 2138 as·

1559 2174 1744 2233 curia.
1972 2188 2148 2232 sensu
2174 2188 2285 2231 suo
2307 2188 2412 2248 per
2431 2186 2644 2230 manus
2667 2186 2805 2230 suas
2831 2171 3271 2232 contradidisse.
3828 2182 3940 2234 632

1152 2300 1188 2352 6
1220 2291 1372 2352 febr.
1558 2291 1737 2367 Apud
1894 2326 1974 2340 —
2012 2293 2232 2354 Abbati
2259 2300 2321 2353 et
2340 2296 2657 2353 conventui
2682 2294 2754 2354 de
2776 2293 2976 2372 Porta,
2991 2292 3469 2371 Nuenburgensis
3491 2293 3791 2363 dioecesis.
3810 2313 3946 2358 con-

1449 2384 1846 2447 Fraukenfort
1970 2389 2129 2449 cedit
2152 2394 2222 2448 ut
2257 2404 2641 2465 quascunque
2675 2392 3068 2465 possessiones
3093 2405 3468 2466 quocumque
3491 2390 3665 2450 titulo
3690 2406 3728 2450 a
3750 2389 3942 2452 ildeii-

1476 2482 1542 2541 in
1568 2482 1815 2542 solemni
1972 2482 2084 2542 bus
2109 2483 2342 2557 imperii
2366 2481 2756 2556 obtinuerint,
2784 2485 2913 2544 sine
2949 2486 3109 2543 omni
3140 2482 3603 2544 contradictione
3637 2486 3700 2545 in
3731 2501 3942 2563 perpe-

1554 2582 1743 2641 curia.
1967 2585 2136 2639 tuum
2165 2578 2524 2654 possideant.
3825 2592 3938 2645 633

1144 2707 1215 2758 10
1241 2698 1392 2761 febr.
1553 2697 1731 2776 Apud
1888 2733 1963 2748 -
2008 2703 2224 2764 Notam
2252 2700 2394 2762 iacit
2413 2701 2762 2761 sententiam
2784 2701 2846 2760 in
2866 2702 3190 2777 praesentia
3214 2718 3321 2762 sua
3345 2701 3526 2763 latam
3552 2708 3613 2763 et
3635 2701 3713 2764 ab
3731 2702 3942 2765 abbate

1444 2793 1846 2858 Frankeni'ort
1968 2797 2170 2859 Sancti
2197 2798 2353 2858 Galli
2379 2796 2738 2874 publicatam
2769 2814 2787 2855 z
2825 2797 3046 2857 scilicet
3085 2798 3246 2874 quod
3279 2798 3480 2859 nullus
3521 2799 3769 2860 seculari
3813 2799 3939 2860 foro

1472 2894 1537 2951 in
1560 2893 1809 2954 solemni
1967 2897 2329 2972 proscriptus
2365 2895 2460 2953 vei
2494 2893 2888 2953 ecclesiastico
2913 2892 3142 2970 judicio
3175 2897 3720 2957 excommunicatus
3751 2894 3936 2956 facul·

1552 2994 1737 3053 curia.
1964 2999 2149 3053 tatem
2175 2991 2391 3052 habeat
2414 3007 2452 3050 a
2475 2991 2717 3050 domino
2740 3006 2848 3051 suo
2863 2992 2969 3068 Jus
2992 2990 3225 3051 feudale
3248 2992 3616 3069 exquirendi.
3820 3001 3937 3055 634

1139 3120 1210 3171 10
1240 3109 1391 3172 febr.
1553 3114 1730 3190 Apud
1885 3146 1968 3158 —
2005 3114 2227 3174 Notum
2252 3112 2396 3173 facit
2430 3113 2748 3189 universis,
2768 3113 3121 3171 sntentiam
3138 3111 3397 3174 dictante
3423 3116 3635 3173 comite
3660 3114 3937 3192 Egenone

1440 3208 1836 3271 Frankenfort
1964 3209 2040 3269 de
2065 3209 2285 3280 Urech,
2299 3225 2337 3268 a
2360 3224 2426 3268 se
2452 3205 2776 3266 diffinitum
2804 3205 2985 3266 fuisse
3009 3207 3164 3283 quod
3188 3209 3238 3267 si
3265 3213 3506 3286 treugae
3529 3209 3783 3269 violatae
3806 3209 3935 3270 i'ue-

1473 3305 1536 3363 in
1564 3306 1812 3366 solemni
1965 3306 2106 3377 rint,
2133 3305 2219 3363 illi
2248 3306 2416 3381 cujus
2436 3304 2681 3363 interest
2705 3301 2997 3363 incumbit
3020 3301 3418 3379 probatio,vel
3443 3306 3494 3364 si
3518 3310 3699 3365 testes
3720 3304 3935 3366 habere

1547 3401 1735 3459 curia.
1965 3416 2087 3459 non
2112 3402 2389 3478 potuerit,
2416 3403 2479 3460 in
2506 3399 2918 3460 monomachia
2942 3414 3080 3460 cum
3106 3416 3207 3460 reo
3231 3400 3510 3478 congredi
3531 3400 3729 3461 debet.
3818 3411 3929 3462 635

1137 3530 1203 3582 11
1236 3521 1386 3583 febr.
1545 3518 1724 3596 Apud
1883 3552 1964 3565 —
2003 3519 2458 3580 constitutiones
2503 3519 2801 3597 generales
2843 3519 3178 3599 promulgat
3223 3520 3300 3581 de
3332 3522 3498 3581 reisis
3535 3519 3786 3597 publicis
3801 3565 3822 3600 ,
3860 3523 3935 3582 de

1438 3615 1853 3679 Frankentort.
1962 3615 2295 3687 haereticis,
2324 3615 2398 3675 de
2437 3616 2799 3676 exhibitione
2825 3617 3122 3693 justitiae,
3153 3615 3227 3677 de
3261 3620 3487 3694 guerris
3523 3619 3770 3694 privatis
3811 3634 3935 3678 mo-

1960 3712 2201 3783 vendis,
2240 3710 2317 3770 de
2351 3711 2667 3772 violatione
2702 3718 3074 3791 treugarum,
3115 3711 3192 3772 de
3229 3716 3532 3773 sententiis
3559 3714 3932 3790 proscriptio-

1960 3809 2089 3882 nis,
2117 3807 2193 3867 de
2217 3809 2471 3867 monetis
2503 3806 2667 3867 falsis
2705 3813 2767 3868 et
2799 3810 3036 3886 injustis
3074 3807 3359 3868 theloneis
3398 3808 3769 3879 amovendis,
3813 3814 3927 3870 ete.

3644 3912 3929 3979 635,636

1130 4038 1155 4089 1
1169 4037 1201 4088 3
1229 4027 1385 4089 febr.
1548 4027 1726 4104 Apud
1878 4056 1958 4070 —
1996 4024 2322 4102 Postquam
2368 4024 2675 4087 conradus
2714 4024 3215 4085 Elideshemeusis
3265 4025 3569 4102 episcopus
3611 4025 3724 4084 sibi
3784 4043 3931 4087 con-

1432 4122 1831 4186 Frankeni’ort
1955 4127 2201 4199 questus
2224 4121 2405 4182 fuerit
2433 4121 2595 4198 quod
2620 4122 2781 4181 cives
2806 4120 3335 4180 Hildesheimenses
3364 4120 3658 4197 judicium
3688 4124 3931 4199 sangui-

1435 4223 1525 4281 ·in
1550 4221 1795 4281 solemni
1952 4219 2049 4278 nis
2089 4219 2456 4278 exercuerint
2494 4219 2558 4277 in
2596 4216 2835 4277 clericos
2875 4220 2935 4276 in
2980 4233 3130 4293 quos
3165 4215 3601 4295 degradationis
3640 4221 3930 4278 sententia

1546 4319 1732 4377 curia.
1953 4330 2075 4375 non
2117 4320 2508 4391 processerat,
2550 4313 2771 4374 eisdem
2816 4314 3045 4374 civibus
3088 4313 3334 4375 mandat
3375 4319 3446 4374 ut
3486 4318 3714 4374 tantam
3758 4328 3927 4390 prae·

1952 4412 2346 4487 sumptionem
2371 4409 2706 4469 emendent.
3636 4415 3779 4486 637,
3808 4415 3924 4468 633

1127 4538 1199 4590 13
1229 4528 1380 4590 febr.
1534 4529 1713 4606 Apud
1874 4563 1957 4577 —
1993 4530 2087 4591 Ad
2110 4533 2453 4607 petitionem
2481 4529 2727 4590 (imi-di
2752 4530 3083 4591 Bremensis
3107 4528 3530 4606 archiepiscopi
3546 4567 3567 4601 ,
3595 4530 3753 4588 cives
3780 4528 3921 4588 Bre-

1367 4641 1374 4646 ·
1434 4624 1845 4687 Frankentort.
1955 4642 2186 4686 menses
2220 4633 2281 4685 et
2314 4624 2627 4685 stadenses
2652 4642 2689 4684 a
2719 4628 3106 4701 praestatione
3142 4624 3397 4686 thelonei
3432 4626 3496 4683 in
3530 4625 3772 4684 civitate
3802 4623 3924 4685 Lu·

1953 4721 2141 4783 beelte
2162 4721 2441 4782 absolvit.
3807 4727 3922 4781 638
