4500 5956
712 627 904 688 lxmcr.
934 623 1030 703 9.]
1608 623 2005 686 HISTORIA
2051 624 2640 689 n1PLOMAT1cA.
3411 627 3537 691 825

807 759 1208 854 Gregorius,
1246 779 1491 832 servus
1530 779 1886 833 servorum
1923 760 2090 851 Dei,
2124 769 2292 851 etc.‚
2324 759 2731 852 FredericO,
2779 768 2912 833 etc.
2951 758 3128 832 Olim
3161 761 3363 834 nobis
3401 763 3531 834 im-

714 884 989 978 perialis
1024 882 1431 957 excellentie
1468 881 1711 955 litteris
1752 885 2162 979 presentatis
2203 886 2277 957 in
2316 885 2573 979 quibus
2617 884 2794 957 inter
2826 894 3053 958 cetera
3089 907 3230 979 que
3266 885 3356 958 de
3411 896 3532 960 tuo

713 1028 1035 1103 prooessu
1085 1004 1457 1102 magnifico
1503 1007 1978 1096 narrabantur,
2039 1010 2229 1081 venit
2277 1010 2350 1081 in
2406 1008 2713 1081 medium
2762 1008 2954 1103 quod
3005 1007 3094 1081 de
3137 1009 3528 1105 principum

711 1132 995 1206 solemni
1032 1132 1319 1206 consilio
1354 1153 1562 1227 super
1592 1133 1869 1225 negotio
1898 1133 2306 1207 Lombardie
2336 1142 2405 1206 te
2430 1133 2692 1229 precise
2726 1132 2800 1204 in
2834 1132 3154 1204 manibus
3191 1133 3522 1226 Ecclesie,

706 1257 904 1347 juxta
958 1253 1429 1349 compromissi
1481 1256 1763 1327 formam
1802 1277 2013 1350 quam
2061 1278 2105 1328 a
2160 1265 2229 1330 te
2278 1256 2665 1351 recepimus
2712 1256 2785 1327 in
2824 1256 3150 1347 Thuscia‚
3198 1278 3522 1350 poneres,

713 1378 805 1450 ita
840 1386 1076 1450 tamen
1112 1376 1304 1471 quod
1338 1378 1689 1471 negotium
1720 1379 1947 1474 ipsum
1979 1377 2071 1451 ad
2108 1380 2436 1453 honorem
2464 1390 2659 1451 tuum
2693 1387 2763 1452 et
2791 1378 3060 1475 imperii
3088 1380 3531 1454 commodum

716 1523 937 1595 usque
973 1500 1064 1574 ad
1099 1502 1418 1597 proximo
1463 1502 1784 1598 preterito
1818 1502 2205 1575 Nativitatis
2240 1502 2587 1575 dominice
2621 1501 2991 1574 terminum
3034 1503 3525 1598 compleretur;

715 1625 1021 1720 alioquin
1050 1646 1143 1697 ex
1171 1635 1340 1697 tunc
1371 1646 1459 1699 ne
1495 1626 1620 1697 tibi
1650 1636 1719 1698 et
1744 1626 2179 1722 principibus
2214 1625 2416 1699 solita
2447 1626 2677 1698 illusio
2709 1623 2902 1700 fleret
2929 1648 3049 1722 per
3080 1626 3526 1718 Lombardos,

717 1748 932 1823 velles
981 1770 1143 1820 oum
1198 1750 1504 1822 exercitu
1557 1761 1783 1844 partes
1840 1749 2113 1842 ingredi
2162 1748 2605 1840 Lombardie3
2657 1750 2822 1845 quia
2870 1751 2942 1822 in
2994 1750 3259 1823 eisdem
3298 1751 3537 1824 litteris

719 1873 871 1945 talis
901 1870 1133 1945 extitit
1176 1871 1447 1966 adjecta
1481 1872 1786 1947 conditio
1821 1895 1946 1969 per
1983 1895 2194 1967 quam
2242 1873 2808 1968 compromissum
2862 1872 3134 1968 penitus
3178 1875 3542 1947 tollebatur

718 2006 786 2068 et
819 2004 1083 2069 tantum
1120 2018 1255 2070 non
1294 1998 1664 2072 videbatur
1700 2018 1901 2092 posse
1938 1994 2294 2091 negotium
2327 1996 2710 2086 terminari,
2750 1995 3076 2068 videlicet
3118 2022 3152 2066 α
3178 1998 3273 2070 ita
3304 2006 3533 2071 tamen

719 2120 906 2215 quod
956 2121 1184 2217 ipsum
1240 2120 1593 2216 negotium
1646 2120 1737 2194 ad
1788 2120 2117 2194 honorem
2172 2129 2371 2192 tuum
2417 2129 2489 2192 et
2538 2119 2810 2215 imperii
2866 2121 3306 2193 commodum
3364 2123 3542 2198 infra

720 2242 980 2317 dictum
1013 2246 1265 2317 festum
1299 2244 1691 2317 Nativitatis
1716 2243 2062 2317 dominice
2095 2243 2652 2339 compleretur»,
2687 2264 2813 2316 nos
2838 2244 3312 2319 excellentiam
3348 2257 3535 2319 tuam

720 2367 907 2462 quod
942 2390 1154 2464 super
1196 2367 1442 2441 eodem
1488 2369 1766 2462 negotio
1799 2378 1867 2440 te
1893 2369 2102 2460 juxta
2144 2377 2589 2441 memoratam
2638 2368 2923 2442 formam
2970 2369 3235 2464 precise
3278 2379 3347 2442 et
3394 2373 3545 2444 sino

722 2492 1112 2566 conditione
1174 2493 1407 2587 aliqua
1485 2493 1556 2563 in
1624 2491 1951 2566 manibus
2017 2492 2322 2565 Ecclesie
2381 2513 2669 2588 poneres
2742 2513 2868 2588 per
2928 2490 3256 2565 dilectum
3325 2493 3545 2566 filium

723 2617 804 2689 Η.
860 2617 1266 2711 magistrum
1329 2617 1686 2713 hospitalis
1743 2619 1990 2689 Sancte
2053 2617 2266 2690 Marie
2317 2616 2893 2690 Theutonicorum
2953 2616 3243 2689 fecimus
3297 2616 3554 2690 admo-

723 2742 871 2815 neri
907 2741 1040 2839 (l),
1083 2744 1203 2838 qui
1242 2743 1335 2816 ob
1376 2741 1451 2814 id
1493 2742 1586 2816 ad
1625 2764 1752 2815 nos
1793 2766 1834 2816 a
1876 2751 1996 2815 tua
2035 2742 2447 2815 excellentia
2501 2741 2883 2814 destinatus
2935 2738 3066 2836 (2),
3118 2741 3283 2835 quia
3338 2743 3552 2813 Lom-

724 2863 922 2938 bardi
982 2864 1247 2937 diutius
1299 2869 1644 2960 expectati
1698 2866 1982 2938 nuntios
2034 2886 2199 2939 suos
2242 2865 2420 2937 infra
2473 2864 2838 2937 terminum
2875 2863 3008 2936 sibi
3052 2861 3292 2936 datum
3340 2887 3550 2960 super

722 2988 853 3061 hoc
901 2988 991 3062 ad
1043 2998 1339 3062 nostram
1398 2989 1811 3084 presentiam
1860 3011 1998 3061 non
2034 2988 2406 3079 miserunt,
2456 2986 2641 3061 dicto
2687 2987 2961 3081 negotio
3002 2987 3397 3083 imperfecto
3435 3012 3550 3062 re-

722 3112 948 3184 cessit.
1000 3111 1311 3206 Cumque
1369 3112 1548 3184 infra
1614 3134 1871 3207 paucos
1931 3110 2080 3183 dies
2148 3120 2302 3206 post
2349 3110 2568 3206 ipsius
2637 3131 2979 3183 recessum
3045 3112 3551 3186 ambassatores

654 3328 667 3345 ἱ
723 3233 1263 3308 Lombardorum
1305 3234 1396 3307 ad
1433 3234 1685 3308 Sedem
1734 3233 2193 3331 Apostolicam
2230 3233 2636 3307 accedentes
2679 3256 2755 3308 se
2799 3234 3105 3327 legitimo
3158 3235 3373 3308 fuisse
3413 3236 3545 3307 im-

726 3359 1120 3456 pedimento
1162 3359 1478 3433 detentos
1509 3358 1793 3432 firmiter
1827 3368 2209 3433 assererent
2247 3369 2317 3432 et
2350 3382 2426 3432 se
2463 3358 2554 3433 ad
2590 3359 3276 3455 compromitteudum
3310 3360 3381 3432 in
3421 3384 3548 3434 nos

733 3482 995 3577 precise
1025 3490 1299 3578 paratos
1327 3482 1672 3573 offerrent,
1707 3505 1833 3557 nos
1863 3484 2215 3579 cupientes
2243 3484 2434 3579 pacis
2450 3484 2892 3557 commodum
2925 3505 3316 3581 procurare,
3349 3506 3549 3558 com-

730 3607 1140 3702 promissum
1180 3606 1565 3702 predictum
1593 3607 1980 3702 recepimus
2014 3616 2083 3679 et
2113 3609 2454 3702 prefatum
2493 3606 2894 3702 magistrum
2926 3606 3019 3681 ad
3054 3629 3181 3681 nos
3217 3607 3556 3682 duximus

730 3724 1229 3799 revocandum.
1272 3725 1406 3811 Qui
1453 3726 1867 3799 transmissis
1911 3725 2003 3800 ad
2048 3747 2174 3799 nos
2218 3726 2460 3798 litteris
2488 3725 2681 3820 quod
2718 3728 2957 3818 jussus
2995 3748 3036 3798 a
3073 3736 3143 3798 te
3176 3727 3554 3820 cogebatur

729 3847 878 3921 sine
922 3870 1115 3922 mora
1152 3849 1414 3940 venire,
1453 3848 1545 3921 ad
1593 3858 1781 3922 tuam
1835 3850 2246 3945 presentiam
2285 3856 2390 3922 est
2424 3870 2770 3922 reversus.
2810 3849 3143 3935 Quocirca
3188 3850 3556 3921 excellen-

734 3971 895 4043 tiam
930 3981 1119 4044 tuam
1149 3971 1528 4066 rogandam
1563 3970 1896 4045 duximus
1920 3973 2248 4046 attentius
2277 3982 2346 4045 et
2370 3971 2777 4044 hortandam
2807 3981 3148 4066 quatenus
3178 3972 3545 4066 prudenter

732 4092 1101 4167 advertens
1135 4094 1326 4189 quod
1360 4093 1450 4168 ad
1488 4096 1882 4168 instantiam
1912 4105 2102 4170 tuam
2123 4150 2143 4186 ‚
2183 4095 2274 4168 de
2315 4094 2603 4168 consilio
2640 4096 2925 4166 fratrum
2962 4102 3384 4188 nostrorum,
3426 4117 3556 4190 pa-

733 4217 1180 4291 triarcharum
1216 4216 1426 4291 trium
1460 4229 1528 4293 et
1561 4221 1977 4315 prelatorum
2016 4221 2327 4294 omnium
2364 4223 2484 4315 qui
2521 4227 2715 4293 erant
2750 4218 2939 4315 apud
2973 4217 3221 4292 Sedem
3259 4219 3557 4315 Aposto-

807 4545 882 4617 (4)
917 4543 998 4601 cf.
1027 4559 1222 4618 supra,
1251 4561 1309 4619 p.
1337 4547 1444 4602 776
1472 4552 1530 4604 et
1553 4553 1666 4605 not.
1696 4553 1749 4605 4.

807 4643 885 4713 (Ξ)
915 4643 1100 4700 Mense
1121 4642 1400 4701 novembri
1420 4644 1545 4701 anni
1563 4645 1931 4720 praecedentis
1947 4647 2287 4705 normannus
2304 4646 2358 4703 iu
2380 4645 2530 4705 curia
2548 4643 2886 4721 imperatoris
2905 4644 3047 4719 apud
3071 4644 3362 4719 Augustam
3383 4646 3562 4704 adhuc

737 4740 1063 4800 morabatur.
1083 4771 1156 4784 -
1172 4740 1253 4799 ef.
1279 4756 1465 4816 supra,
1493 4759 1548 4818 p.
1575 4745 1704 4804 793.

931 4842 1041 4905 IV.
1079 4856 1189 4902 Pan
1212 4854 1259 4900 2.
3136 4849 3252 4902 10⁴
