4500 5956
1060 534 1179 595 704
2091 537 2435 598 HENRICl
2485 536 2821 597 SEPTml
3490 538 3648 615 [Anu.
3688 538 3852 599 1234.

1053 667 1200 740 tulo
1243 667 1444 740 nobis
1487 666 1835 740 humiliter
1881 669 2302 765 subplicavit
2334 680 2410 744 ut
2459 692 2541 744 ea
2576 692 2716 765 que
2761 669 2835 741 in
2888 669 3198 765 predicto
3242 670 3607 766 privilegio
3644 672 3861 744 conti-

1055 803 1304 862 nentur
1339 790 1781 884 dignaremur
1824 794 2227 867 auctoritate
2276 795 2462 887 regia
2502 793 2930 867 confirmare.
2982 794 3120 867 Nos
3157 794 3367 887 igitur
3389 794 3595 886 justis
3629 815 3861 866 eorum

1056 915 1379 1009 precibus
1415 914 1751 1006 inclinati,
1792 926 2106 1012 respectu
2148 940 2432 1013 quoque
2479 918 2911 990 servitiorum
2949 938 3086 1010 que
3132 917 3423 1011 prestitit
3456 917 3660 990 nobis
3681 917 3862 989 idem

1058 1037 1477 1133 prepositae,
1524 1038 2026 1113 ordinationem
2072 1052 2143 1115 et
2181 1051 2512 1114 statutum
2562 1042 2781 1137 ipsius
2825 1040 3167 1136 privilegii
3212 1040 3614 1113 auctoritate
3675 1040 3865 1131 regia

1057 1159 1573 1251 confirmamus,
1618 1161 1924 1236 districte
1960 1164 2349 1238 inhibentes
2384 1187 2504 1260 per
2537 1165 2755 1259 gratie
2778 1174 3006 1235 nostre
3033 1183 3279 1257 penam
3314 1183 3403 1234 ne
3435 1163 3671 1256 aliqua
3706 1182 3857 1255 per-

1058 1303 1223 1355 sona
1263 1285 1400 1355 alta
1436 1286 1546 1358 vel
1586 1284 1901 1372 humilis,
1942 1287 2398 1360 ecclesiastica
2418 1298 2487 1361 et
2505 1286 2896 1378 mundana,
2939 1295 3172 1357 contra
3200 1294 3502 1357 tenorem
3525 1284 3862 1380 privilegii

1059 1406 1392 1502 sepedicti
1454 1418 1522 1480 et
1588 1418 1886 1480 nostram
1934 1410 2518 1485 confirmationem
2565 1409 2865 1483 eundem
2920 1408 3373 1504 prepositum,
3407 1407 3771 1479 canonicos
3796 1415 3865 1477 et

1057 1531 1497 1602 emunitatem
1532 1540 1601 1602 et
1637 1531 1990 1604 ecclesiam
2028 1556 2224 1606 suam
2264 1534 2335 1605 in
2373 1533 2733 1613 advocatia
2761 1534 2874 1605 vel
2910 1532 3111 1604 bonis
3148 1532 3291 1603 suis
3326 1532 3440 1603 vel
3471 1530 3866 1603 hominibus

1058 1653 1290 1748 aliquo
1310 1654 1515 1726 modo
1532 1663 1861 1748 aggravet
1887 1665 2008 1728 aut
2030 1658 2369 1730 molestet.
2393 1639 2649 1750 Siquis
2670 1666 2897 1729 autem
2922 1655 3056 1726 hoc
3084 1663 3486 1749 attemptare
3503 1674 3868 1748 presump-

1060 1776 1257 1865 serit,
1301 1777 1842 1872 indignationem
1877 1789 2177 1852 nostram
2216 1802 2294 1852 se
2327 1780 2596 1852 noverit
2630 1779 2931 1872 graviter
2966 1777 3360 1849 incurrisse.

1156 1899 1387 1971 Testes
1413 1909 1640 1972 autem
1671 1900 1879 1993 hujus
1909 1903 2006 1974 rei
2043 1912 2209 1974 sunt
2244 1903 2343 1974 hii
2378 1931 2395 1974 z
2429 1905 2861 1975 Hermannus
2901 1901 3270 1995 episcopus
3314 1898 3820 1993 Herbipolensis
3845 1950 3865 1985 ,

1059 2022 1412 2095 Conradus
1447 2024 1665 2096 abbas
1697 2026 1926 2098 Sancti
1966 2026 2178 2116 Galli,
2221 2027 2380 2099 Otto
2411 2025 2798 2122 prepositus
2835 2024 3383 2118 Herbipolensis,
3428 2020 3870 2093 Gevehardus

1061 2166 1290 2218 comes
1324 2146 1413 2220 de
1435 2148 1893 2235 Tolensteine,
1932 2148 2289 2221 Conradus
2312 2148 2728 2242 burgravius
2752 2147 2842 2220 de
2862 2146 3329 2235 Nurenbberc,
3364 2144 3723 2216 Heinricus
3756 2143 3874 2213 ka-

1061 2272 1394 2343 merarius
1444 2272 1534 2344 de
1586 2273 2062 2363 Raveusburc,
2118 2273 2558 2348 Eberhardus
2609 2271 2701 2346 de
2751 2271 3307 2365 Hertingesberc,
3360 2269 3741 2343 Ruodolfus
3785 2266 3874 2339 de

1061 2393 1541 2486 Fonenberch,
1584 2406 1650 2468 et
1686 2396 1801 2467 alii
1834 2374 2306 2491 quamplures.

1164 2516 1335 2590 Acta
1362 2527 1523 2591 sunt
1552 2517 1680 2591 hec
1715 2541 1899 2592 anno
1917 2521 2135 2611 gratie
2163 2520 2261 2592 Μ’
2286 2518 2412 2592 CC⁰
2434 2518 2650 2589 XXX⁶
2676 2517 2854 2608 11110,
2892 2515 3262 2590 indictione
3287 2515 3468 2604 VIII,
3501 2514 3571 2585 in
3600 2513 3882 2586 civitate

1065 2640 1536 2736 Herbipolensi
1554 2695 1573 2732 ,
1617 2663 1800 2716 anno
1832 2644 2030 2738 regni
2063 2642 2278 2716 nostri
2312 2642 2530 2729 XIIII,
2574 2661 2758 2713 nono
2792 2639 3121 2719 kalendas
3154 2638 3565 2712 decembris

2275 2937 3456 2955 “mmm—-

678 3256 1004 3355 ffgggggg·
1183 3232 1590 3315 Anselmus
1645 3234 1741 3314 de
1781 3233 2172 3342 lustingen
2234 3230 2744 3313 marescalcus
2792 3239 2869 3313 et
2917 3226 3358 3312 Waltherus
3410 3227 3506 3308 de
3555 3225 3884 3307 Thann-

1076 3365 1305 3473 berg,
1345 3363 1782 3472 capellanus
1844 3363 2143 3445 Henrici
2202 3361 2724 3445 Romanorum
2786 3360 2988 3470 regis
3010 3422 3035 3468 ,
3092 3360 3358 3441 ineunt
3404 3354 3887 3439 concordiam
3949 3375 3956 3380 ·

1080 3522 1256 3578 cum
1283 3494 1968 3578 Mediolanensibus
1990 3505 2065 3577 et
2093 3493 2745 3578 ambassatoribus
2782 3491 3159 3576 societatis
3192 3489 3723 3594 Lombardiae,
3747 3484 3890 3568 sub

1080 3628 1300 3712 certis
1335 3626 1897 3711 conditionibus
1942 3625 2224 3707 ibidem
2264 3626 2673 3733 expressis,
2717 3650 2911 3734 quas
2949 3622 3210 3734 jurare
3253 3622 3639 3704 debebunt
3682 3618 3884 3700 idem

1073 3789 1207 3844 rex
1242 3771 1318 3843 et
1355 3758 1794 3844 Alemaniae
1824 3758 2228 3867 principes.

1246 3973 1520 4053 (Edlder.
1569 3974 1853 4050 Gmum,
1897 3972 2140 4031 Memor.
2187 3969 2250 4030 aa·
2294 3968 2552 4043 Milano,
2588 3975 2635 4029 t.
2676 3968 2824 4040 vn,
2870 3985 2925 4044 p.
2968 3976 3119 4040 592,
3160 3982 3194 4026 e
3237 3965 3372 4026 cod.
3419 3967 3692 4025 statutor.
3744 3959 3889 4020 bibl.

1320 4077 1626 4154 Ambros„
1652 4077 1785 4149 fol„
1814 4078 1970 4154 sign.
1999 4075 2095 4148 Β.,
2124 4085 2190 4134 n⁰
2222 4084 2319 4147 19,
2349 4074 2452 4136 fol.
2490 4081 2691 4133 44-50.
2710 4103 2792 4115 -
2817 4072 3098 4145 Snnou,
3127 4065 3348 4130 Annal.
3378 4064 3646 4147 Μῶφι,
3683 4071 3732 4125 t.
3767 4063 3890 4136 111,

1315 4199 1454 4257 pars
1490 4190 1574 4256 2⁸,
1607 4198 1667 4257 p.
1707 4190 1843 4241 153.
1872 4211 1957 4225 —-
1980 4181 2200 4252 „Pan-12,
2232 4181 2482 4238 Monam.
2520 4176 2787 4240 German.
2823 4176 3138 4254 Histor.,t.
3169 4174 3274 4249 IV,
3305 4191 3367 4250 p.
3404 4171 3569 4251 306.)

1179 4367 1256 4436 ln
1306 4366 1581 4436 nomino
1611 4364 1910 4435 Domini.
1951 4363 2154 4435 Anno
2193 4362 2539 4435 dominice
2565 4335 3048 4435 theat-nationis
3082 4359 3176 4431 M.
3208 4357 3332 4429 cc,
3364 4356 3713 4443 xxxlm,
3782 4352 3896 4425 die

1079 4488 1455 4577 dominico,
1493 4483 1701 4582 XV[I]
1736 4487 1851 4558 die
1884 4496 2042 4558 ante
2074 4485 2408 4557 kalendas
2425 4486 2765 4576 januarii,
2800 4483 3173 4556 indictione
3215 4491 3495 4567 octava,
3539 4480 3608 4550 in
3639 4475 3892 4572 palatio

1024 4674 1047 4686 ,
1079 4610 1465 4684 communis
1497 4608 1905 4699 Mediolani,
1960 4608 2285 4681 domiuus
2315 4607 2680 4682 Anselmus
2716 4608 2808 4681 de
2838 4607 3196 4699 lustingen
3234 4602 3737 4677 mareschalcus
3757 4597 3899 4670 do-
