4500 5956
1027 639 1152 701 568
2070 635 2415 697 nmmum
2466 636 2801 700 SEPTml
3487 641 3644 724 [Asu.
3683 643 3854 705 1232.

1031 773 1282 861 duces,
1345 770 1435 843 de
1483 769 1755 861 Baden‚
1805 769 1894 842 de
1948 771 2250 863 Burgaw
2301 771 2771 867 marchiones,
2829 774 2921 847 de
2972 775 3355 870 Meileburg
3391 775 3536 874 (sic)
3571 775 3709 872 (a),
3770 776 3863 852 de

1029 895 1532 986 Scowenburg,
1573 893 1663 967 de
1697 892 2030 966 Waldeck
2062 892 2377 989 comites,
2414 896 2488 969 C.
2531 897 2625 971 de
2656 900 2972 991 Durnen,
3012 899 3100 972 Η.
3141 899 3232 973 de
3263 901 3612 994 Lioeberg,
3647 901 3729 972 G.
3770 899 3861 973 de

1026 1017 1493 1115 Eppenstein‚
1530 1015 1611 1087 G.
1653 1015 1743 1089 de
1789 1018 2171 1110 Butingen,
2226 1018 2312 1091 G.
2354 1029 2423 1092 et
2460 1019 2532 1091 C.
2581 1021 2672 1094 de
2705 1021 3140 1116 Hohenloch,
3183 1023 3297 1094 W.
3339 1024 3431 1097 de
3465 1021 3853 1115 Bolanden,

1156 1143 1246 1215 de
1287 1141 1743 1234 Amxenburg
1776 1139 1908 1236 (Ρ),
2073 1141 2165 1214 de
2190 1143 2662 1240 Bapenheym,
2700 1146 2813 1217 W.
2848 1146 2939 1220 de
2963 1148 3341 1243 Lympurg,
3521 1145 3612 1220 de
3646 1147 3853 1238 Rahs,

1025 1280 1096 1340 et
1129 1265 1245 1340 alii
1278 1268 1745 1362 quamplures.

1123 1391 1373 1462 Datum
1415 1391 1601 1484 apud
1645 1389 2072 1463 Chindacum
2112 1389 2244 1487 (b),
2294 1412 2475 1464 anno
2524 1392 2798 1465 Domini
2838 1394 2934 1466 M.
2960 1393 3083 1467 CC.
3107 1394 3387 1487 XXXII,
3424 1396 3484 1468 V
3529 1395 3861 1469 kalendas

1028 1510 1227 1605 maii,
1269 1513 1647 1587 indictione
1680 1514 1764 1587 V.

1458 1807 1867 1819 ——m

662 2080 929 2188 ngffim
1138 2064 1535 2173 HenricuS,
1578 2065 2102 2150 Romanorum
2137 2095 2300 2178 rex,
2334 2070 2431 2153 de
2463 2069 2936 2178 providentia
2972 2073 3266 2155 consilii
3305 2074 3424 2158 sui
3459 2074 3864 2159 confirmat

698 2189 750 2231 ¹⁸
775 2190 894 2232 ω
1031 2200 1512 2310 privilegium
1577 2199 1787 2309 quod
1851 2199 2268 2308 imperator
2331 2212 2546 2310 pater
2624 2230 2810 2285 suus
2879 2206 3306 2314 praeposito
3373 2219 3448 2290 et
3527 2206 3859 2316 capitulo

1033 2333 1290 2415 Sancti
1328 2330 1642 2414 Servatii
1687 2332 1767 2410 in
1814 2329 2157 2440 Trajecto
2203 2359 2432 2442 super
2466 2334 2834 2417 divisione
2867 2333 3249 2420 honorum
3293 2340 3861 2449 praepositurae

1031 2476 1108 2548 et
1139 2463 1448 2575 capituli
1484 2462 1831 2546 contulit.

1191 2666 1448 2748 (Inedit.
1479 2682 1552 2727 ex
1588 2659 1856 2725 chartul.
1890 2664 2029 2725 Mu.
2061 2666 2125 2728 S.
2163 2662 2420 2727 servam
2453 2664 2728 2746 Traject„
2748 2668 2813 2727 in
2837 2665 3121 2731 Biblioth.
3154 2686 3279 2749 reg.
3309 2670 3528 2745 Paris„
3554 2677 3704 2735 tom.
3734 2672 3856 2748 ΙΙΙ,

1266 2773 1374 2835 fol.
1409 2781 1444 2833 5
1480 2773 1683 2849 recto.)

1130 2975 1465 3049 Henricus
1508 2973 1842 3068 septimus
1883 2970 2123 3045 divina
2168 2971 2448 3044 favente
2502 2972 2864 3047 clementia
2918 2972 3381 3046 Romanorum
3429 2997 3557 3048 rex
3589 2996 3862 3072 semper

1033 3109 1407 3192 augustus,
1459 3098 1806 3169 universis
1861 3095 2132 3189 imperii
2184 3093 2513 3167 fidelibus
2545 3094 2726 3168 hanc
2762 3097 3054 3169 litteram
3104 3098 3514 3193 inspecturis
3564 3100 3861 3192 gratiam

1031 3246 1228 3296 suam
1257 3232 1327 3295 et
1361 3242 1569 3295 omne
1598 3221 1886 3293 bonum.
1925 3217 2039 3291 Ad
2074 3219 2440 3311 utriusque
2483 3217 2625 3290 vite
2659 3219 3046 3292 felicitatem
3089 3222 3418 3315 prodesse
3466 3224 3671 3297 nobis
3719 3247 3859 3299 non

1035 3346 1454 3440 ambigimus
1485 3365 1660 3416 cum
1701 3344 1852 3415 loca
1898 3342 2142 3414 divino
2178 3341 2397 3412 cultui
2434 3343 2822 3436 mancipata
2849 3327 3333 3433 juvaverimus
3363 3347 3739 3442 ampliare,
3791 3358 3862 3422 et

1033 3493 1278 3545 eorum
1312 3469 1527 3563 quieti
1562 3475 1632 3539 et
1671 3464 2144 3559 tranquillitati
2179 3462 2628 3558 providemus
2667 3484 2758 3536 ne
2801 3464 3129 3540 scandala
3163 3468 3235 3538 in
3278 3469 3449 3563 ipsis
3477 3479 3548 3543 et
3581 3471 3863 3544 dissen-

1037 3596 1257 3668 tiones
1278 3593 1557 3664 valeant
1591 3588 1914 3663 suboriri.
1948 3588 2382 3684 Quapropter
2411 3584 2944 3679 significandum
2978 3587 3311 3663 duximus
3343 3593 3687 3667 universis
3720 3605 3862 3668 tam

1031 3715 1468 3816 presentibus
1495 3734 1704 3809 quam
1740 3711 1987 3783 futuris
2015 3707 2209 3805 q'uod
2239 3730 2366 3781 nos
2397 3731 2441 3782 e
2473 3710 2908 3803 providentia
2940 3714 3204 3785 consilii
3234 3716 3447 3788 nostri
3493 3717 3860 3794 conflrma-

1030 3843 1286 3915 tionem
1320 3847 1390 3913 et
1423 3836 1860 3936 privilegium
1896 3834 2086 3928 quod
2114 3831 2596 3905 serenissimus
2634 3831 2955 3906 dominus
2983 3835 3353 3931 imperator
3399 3851 3591 3932 pater
3629 3853 3864 3917 noster

1033 3965 1380 4062 preposito
1415 3971 1484 4036 et
1516 3961 1817 4058 capitulo
1842 3957 2073 4031 Sancti
2104 3957 2399 4029 Servatii
2428 3956 2501 4028 in
2535 3957 2840 4048 Trajecto
2872 3977 3082 4051 super
3125 3959 3474 4035 divisione
3518 3963 3861 4038 bonorum

1033 4088 1465 4184 prepositure
1504 4094 1574 4158 et
1625 4083 1909 4178 capituli
1969 4082 2326 4154 memorati
2380 4080 2707 4170 contulit,
2780 4079 3117 4154 habemus
3168 4094 3392 4156 ratum
3457 4088 3863 4162 auctoritate

1032 4210 1224 4303 regia
1260 4207 1762 4280 confirmantes.
1806 4205 2186 4276 Statuimus
2227 4203 2437 4297 igitur
2479 4211 2548 4275 et
2596 4201 2729 4274 sub
2777 4204 3329 4280 interminatione
3371 4209 3591 4301 gratie
3629 4221 3862 4286 nostre

1034 4330 1342 4404 districte
1377 4327 1794 4423 precipimus
1826 4335 1901 4395 ut
1936 4326 2126 4397 nulla
2175 4346 2482 4417 unquam
2525 4343 2818 4418 persona
2872 4326 3330 4401 ecclesiastica
3377 4332 3487 4403 vel
3525 4333 3861 4406 secularis

1113 4528 1203 4611 (a)
1242 4528 1377 4590 vid.
1404 4543 1603 4603 supra,
1625 4541 1684 4602 p.
1713 4532 1828 4584 272
1857 4529 1917 4585 et
1943 4530 2084 4596 273,
2107 4527 2228 4581 not.
2269 4520 2325 4582 h.
3787 4597 3790 4604 ᾗ

1118 4635 1199 4715 (h)
1243 4636 1340 4696 Slc
1365 4637 1429 4693 in
1457 4634 1757 4708 impressis
1779 4632 1927 4690 etin
1954 4631 2084 4705 ipso
2111 4628 2330 4689 codice.
2352 4627 2512 4689 Luce
2550 4632 2751 4688 tamen
2775 4628 2992 4690 clarius
3016 4630 3331 4710 legendum
3356 4633 3693 4701 Sibidatum
3722 4639 3746 4720 (
3758 4641 3857 4705 ci.

1029 4738 1279 4816 vidale);
1305 4738 1385 4801 cf.
1411 4753 1614 4817 supra,
1648 4754 1705 4815 p.
1741 4744 1881 4812 321,
1909 4739 2035 4795 not.
2073 4742 2131 4794 1.
