4500 5956
572 597 767 658 lunio.
793 593 887 671 6.]
1475 582 1867 644 HISTORIA
1920 580 2506 643 DIPLOMATICA.
3284 573 3406 635 595

574 730 746 806 dire.
781 729 872 803 Ut
907 734 1143 801 autem
1179 723 1310 795 hec
1339 719 1621 794 donatio
1652 728 1883 793 nostra
1921 728 2067 792 rata
2105 719 2180 790 in
2214 727 2623 814 perpetuum
2650 721 3089 810 permaneat,
3139 710 3397 783 litteras

573 863 841 930 nostras
867 849 1100 925 eidem
1129 844 1420 920 ecclesie
1453 843 1779 917 dedimus
1809 843 2164 938 sigillatas.

665 980 920 1051 Datum
949 971 1141 1068 apud
1171 970 1441 1066 Spiram
1460 1020 1480 1059 ‚
1524 969 1584 1039 V
1616 966 1776 1041 idus
1807 966 2197 1041 decembris
2218 1019 2238 1056 ‚
2293 964 2671 1039 indictione
2697 971 2921 1036 sexta.

684 1571 1086 1676 HenricuS,
1127 1570 1649 1653 Romanorum
1685 1593 1850 1675 rex,
1881 1565 2350 1649 Ludovicum
2385 1565 2854 1648 Francorum
2887 1592 3149 1677 regem
3184 1579 3406 1676 rogat
3450 1583 3611 1641 toire-
3649 1592 3813 1625 mum

3503 1639 3768 1689 exeuntem]

589 1714 670 1786 ut
708 1714 973 1786 contra
1010 1728 1130 1809 se,
1170 1701 1524 1785 comitem
1570 1700 2024 1783 Barrensem
2067 1709 2141 1782 et
2193 1699 2394 1781 cives
2456 1698 2822 1781 Metenses
2865 1698 3170 1782 nullum
3222 1700 3400 1809 epi-

588 1861 809 1945 scopo
860 1835 1171 1920 Metensi
1235 1835 1607 1918 auxilium
1658 1833 2052 1943 impendat
2084 1832 2205 1915 vel
2256 1831 2353 1915 ab
2398 1830 2838 1914 hominibus
2892 1833 3108 1944 regni
3145 1832 3403 1915 Fran-

589 1968 740 2052 ciae
772 1969 1111 2079 impendi
1144 1968 1555 2077 permittat.

746 2209 995 2288 (Inedit.
1034 2227 1111 2271 ex
1144 2210 1374 2270 collect.
1405 2209 1495 2270 De
1521 2208 1765 2286 Camps,
1794 2214 1838 2269 t.
1872 2207 2127 2279 LXVII,
2170 2208 2237 2266 in
2262 2205 2541 2267 Biblioth.
2575 2209 2884 2286 praecipua
2910 2205 3095 2268 Paris·
3114 2253 3132 2286 ‚
3161 2206 3266 2268 ubl
3303 2209 3407 2269 di-

822 2318 979 2378 citnr
1007 2336 1041 2374 ι
1072 2321 1227 2377 extr.
1258 2313 1341 2375 du
1362 2315 1469 2376 lib.
1500 2317 1833 2394 principum
1859 2311 1930 2375 de
1953 2311 2015 2375 la
2040 2310 2171 2375 bibl.
2209 2310 2393 2385 Colb„
2420 2320 2467 2376 t.
2499 2314 2550 2386 Ι,
2581 2314 2685 2374 sol.
2719 2321 2794 2375 26
2822 2320 3006 2375 recto.
3035 2314 3104 2392 n)

689 2529 1109 2623 LudovicuS‚
1152 2529 1275 2603 Dei
1294 2529 1516 2623 gratia
1533 2529 1947 2602 Francorum
1980 2549 2138 2620 rex,
2173 2526 2441 2600 dilectis
2467 2536 2536 2598 et
2568 2524 2892 2597 fidelibus
2907 2525 3052 2597 suis
3071 2527 3411 2599 universis

608 2651 965 2727 baronibus
999 2663 1067 2727 et
1101 2654 1497 2727 hominibus
1541 2654 1687 2725 suis
1733 2654 1825 2727 ad
1855 2674 2032 2748 quos
2075 2661 2426 2749 presentes
2480 2650 2949 2746 pervenerint,
3010 2650 3300 2723 salutem
3341 2662 3413 2724 et

611 2775 1049 2852 dilectionem.
1091 2780 1382 2853 Litteras
1412 2777 1790 2851 charissimi
1828 2776 2058 2850 fratris
2086 2786 2156 2850 et
2190 2776 2394 2849 amici
2431 2774 2646 2847 nostri
2675 2773 3112 2847 illustrissimi
3147 2776 3413 2849 Roma-

611 2921 835 2976 norum
875 2903 1061 2998 regis
1095 2913 1165 2976 et
1192 2925 1461 3000 semper
1491 2903 1771 2999 angusti
1799 2903 2185 2999 recepimus
2212 2902 2285 2973 in
2318 2902 2447 2974 hec
2481 2901 2699 2974 verba
2742 2926 2760 2971 ε

689 3028 805 3118 Η.,
846 3029 970 3100 Dei
1003 3028 1221 3122 gratia
1250 3029 1717 3102 Romanorum
1744 3050 1868 3101 rex
1903 3035 1972 3099 et
2004 3048 2276 3123 semper
2303 3034 2666 3121 angustus,
2712 3024 3113 3099 charissimo
3143 3026 3326 3100 fratri
3351 3038 3442 3100 et-

612 3150 814 3223 amico
842 3172 973 3224 sno
1002 3151 1358 3226 Ludovico
1390 3151 1636 3225 illustri
1663 3151 1946 3225 Francie
1981 3151 2127 3246 regi
2166 3151 2458 3224 salutem
2497 3160 2567 3224 et.
2602 3150 2868 3224 sincere
2896 3150 3284 3226 dilectionis
3318 3155 3421 3227 af·
3551 3155 3552 3158 ’

611 3272 874 3347 fectum.
892 3273 1066 3347 Cum
1094 3297 1222 3349 nos
1249 3275 1341 3350 de
1365 3275 1806 3373 providentia
1826 3276 2039 3350 nostri
2060 3272 2384 3374 [consilii]
2412 3276 2701 3371 principi
2720 3284 2956 3349 nostro
2969 3276 3256 3349 Metensi
3273 3279 3424 3372 epi-

612 3416 833 3494 scopo,
857 3400 1051 3472 velut
1069 3408 1385 3472 tenemur
1397 3399 1811 3474 authoritate
1827 3398 2130 3496 imperii,
2151 3399 2239 3473 de
2256 3398 2580 3473 fidelibus
2602 3398 2859 3472 nostris
2874 3400 3148 3472 civibus
3163 3400 3425 3472 Meten-

609 3520 791 3595 sibus
809 3525 1083 3621 plenam
1102 3523 1193 3597 de
1210 3523 1635 3618 quibuslibet
1662 3524 2040 3598 lesionibus
2054 3523 2584 3596 satisfactionem
2609 3524 3068 3596 voluissemus
3085 3522 3428 3630 justitiam

610 3645 931 3721 exhibere
966 3647 1101 3745 (a),
1147 3647 1334 3722 idem
1373 3649 1743 3746 episcopus
1776 3647 1942 3721 boni
1976 3669 2112 3721 non
2141 3648 2610 3740 consentien5‚
2650 3648 2776 3721 sed
2809 3649 3041 3720 omnia
3074 3647 3319 3720 volens
3353 3647 3424 3718 in

611 3773 1000 3844 strenuitate
1031 3794 1157 3845 sua
1198 3783 1268 3845 et
1304 3773 1565 3846 malitia
1599 3782 1926 3856 tractare,
1966 3794 2009 3845 a
2028 3771 2382 3863 jamdictis
2408 3772 2681 3844 civibus
2703 3772 3067 3843 recusabat
3088 3771 3440 3863 justitiam·

611 3904 980 3991 acceptare.
1020 3897 1307 3992 Propter
1339 3897 1532 3991 quod
1568 3896 2058 3971 mandavimus
2089 3894 2343 3968 dilecto
2368 3893 2558 3967 fideli
2591 3904 2823 3966 nostro
2849 3894 3081 3966 comiti
3112 3894 3425 3969 Barrensi

613 4025 673 4086 et
701 4019 1099 4114 rogavimus
1131 4020 1457 4095 eumdem
1481 4032 1559 4095 ut.
1585 4043 1820 4095 amore
1842 4021 2054 4093 nostri
2089 4020 2482 4091 memoratis
2506 4019 2781 4092 civibus
2812 4019 3196 4111 assisteret,
3243 4020 3430 4115 ipsos

614 4153 832 4215 contra
859 4141 1126 4216 dictum
1162 4145 1565 4241 episcopum
1606 4166 1734 4241 pro
1765 4144 2039 4217 viribus
2070 4142 2479 4236 adjuvando
2514 4141 2645 4239 (l).
2680 4145 2862 4218 Sane
2898 4143 3091 4239 quod
3121 4143 3433 4219 veridico

693 4316 767 4399 (a)
809 4321 930 4384 Sic.
960 4321 1374 4384 Verlslmiliter
1402 4322 1717 4402 legendum
1739 4320 2053 4384 secundum
2065 4322 2370 4405 justitiam
2395 4318 2675 4385 exhiberi.

697 4603 757 4677 (t)
796 4628 822 4660 α
852 4608 931 4666 De
948 4608 1167 4667 civitate
1186 4610 1414 4669 Metensi
1443 4626 1549 4668 non
1576 4616 1660 4669 est
1679 4612 2129 4685 praetereundum
2155 4612 2424 4684 quomodo
2450 4612 2735 4687 episcopus
2757 4611 3029 4669 lohannes
3054 4628 3154 4687 per
3175 4614 3440 4688 quoddam

640 4707 852 4763 castrum
874 4706 1057 4766 Sancti
1089 4706 1346 4767 Germani
1384 4724 1509 4768 cum
1533 4709 1868 4783 adjutoribus
1891 4710 2007 4768 suis
2031 4709 2145 4769 fere
2169 4726 2269 4784 per
2292 4711 2567 4769 biennium
2593 4711 2741 4770 cives
2765 4711 3182 4785 impugnaverit,
3222 4719 3278 4771 et
3310 4729 3443 4786 quo·
