4500 5956
1111 587 1234 649 668
2148 579 2495 643 HENRICI
2546 577 2881 641 SEPTml
3560 580 3721 657 [Asu.
3761 580 3928 644 1234.

1114 730 1310 793 catus
1333 740 1465 790 nec
1493 719 1724 812 aliqua
1751 717 2078 790 secularis
2106 737 2403 813 persona
2428 723 2653 809 preter
2679 721 2979 785 nostram
3016 710 3363 805 propriam
3404 733 3766 808 pomonam
3797 716 3935 787 ali-

1114 842 1287 939 quid
1309 843 1488 936 juris
1522 843 1634 914 vel
1663 840 1910 933 judicii
1941 840 2191 912 habeat
2225 839 2338 911 vel
2361 837 2493 909 sibi
2521 837 2593 907 in
2623 846 2972 931 posterum
3010 855 3347 929 usurpare
3373 847 3753 930 presumat.
3796 839 3933 912 Vo-

1114 970 1349 1043 lumus
1382 967 1589 1039 etiam
1625 975 1703 1037 ut
1737 965 1797 1037 si
1829 966 1988 1059 quis
2025 965 2097 1035 in
2139 964 2286 1036 vite
2322 962 2631 1058 periculo
2661 959 3072 1033 constitutus
3107 958 3179 1030 in
3203 969 3468 1031 curtem
3490 982 3615 1033 seu
3654 962 3935 1035 domum

1114 1092 1548 1165 claustralem
1582 1088 2002 1180 confugerit,
2042 1087 2140 1159 ibi
2175 1087 2268 1159 ab
2292 1087 2481 1158 omni
2516 1092 2955 1180 persecutore
2982 1089 3050 1153 et
3071 1080 3313 1173 judice
3345 1084 3432 1155 sit
3463 1106 3774 1174 securus,
3810 1106 3935 1158 nec

1109 1213 1364 1308 aliquis
1390 1233 1551 1283 eum
1578 1212 1744 1285 inde
1769 1218 2120 1305 presumat
2135 1209 2436 1283 educere
2463 1208 2819 1280 violenter.
2847 1205 3200 1278 Familiam
3225 1206 3434 1277 etiam
3452 1208 3930 1280 canonicorum

1110 1337 1346 1410 nullus
1383 1335 1634 1408 habeat
1660 1333 1978 1426 judicare
2004 1333 2138 1404 nisi
2169 1331 2430 1404 familie
2463 1329 2785 1402 dominus
2813 1329 2928 1402 vel
2958 1327 3290 1401 decanus.
3329 1329 3644 1402 Ceterum
3668 1341 3927 1421 curtes,

1110 1459 1507 1533 molendina
1553 1466 1625 1530 et
1672 1457 1915 1531 domos
1956 1478 2097 1550 que
2129 1455 2417 1528 ecclesie
2452 1453 2847 1548 supradicte
2895 1453 3010 1524 vel
3044 1452 3394 1525 canonicis
3438 1453 3823 1547 specialiter
3863 1469 3934 1528 et

1107 1582 1525 1677 integraliter
1553 1580 1896 1676 pertinere
1919 1587 2322 1663 noscuntur,
2344 1577 2437 1650 ab
2467 1577 2795 1649 omnibus
2820 1576 3151 1672 precariis
3175 1585 3245 1648 et
3278 1575 3485 1648 talliis
3511 1598 3595 1648 ac
3618 1579 3935 1650 exactio-

1109 1705 1316 1776 nibus
1342 1725 1516 1797 quas
1540 1704 1698 1776 laici
1735 1703 1905 1775 dare
1925 1703 2173 1793 solent,
2209 1702 2459 1774 liberos
2484 1721 2635 1773 esse
2667 1699 3104 1774 decernimus
3126 1708 3196 1772 et
3226 1700 3594 1773 immunes.
3613 1701 3701 1774 Ut
3727 1702 3933 1793 igitur

1112 1827 1240 1899 hec
1261 1834 1515 1899 statuta
1543 1834 1610 1897 et
1641 1826 2131 1920 prohibitiones
2151 1833 2381 1897 nostre
2405 1825 2801 1916 majestatis,
2817 1845 2991 1918 quas
3013 1832 3293 1919 propter
3309 1824 3641 1897 honorem
3662 1825 3933 1897 Domini

1110 1960 1180 2024 et
1203 1950 1295 2023 ob
1321 1951 1606 2021 salutem
1636 1959 1935 2022 nostram
1967 1969 2093 2044 pro
2130 1948 2496 2021 commodo
2530 1957 2600 2021 et
2645 1948 2937 2020 utilitate
2965 1946 3411 2020 Goslariensis
3444 1948 3734 2020 ecclesie
3765 1971 3933 2021 san-

1112 2072 1434 2159 civimus,
1463 2071 1674 2145 robur
1700 2072 2056 2145 obtineant
2088 2070 2322 2145 debite
2355 2081 2426 2144 et
2453 2081 2789 2167 perpetue
2829 2069 3195 2161 firmitatis,
3235 2072 3537 2165 presenti
3573 2072 3933 2168 privilegio

1110 2217 1228 2268 eas
1266 2196 1554 2268 fecimus
1582 2197 1932 2285 annotari,
1972 2194 2177 2288 sigilli
2209 2196 2421 2267 nostri
2447 2194 2833 2267 munimine
2854 2194 3252 2267 roborantes
3280 2193 3587 2267 easdem.

1199 2295 1437 2394 'Testes
1452 2320 1551 2391 hii
1583 2329 1743 2391 sunt
1779 2346 1797 2389 ε
1833 2319 2125 2391 Sifridus
2155 2319 2720 2414 archiepiscopus
2745 2318 3226 2410 Maguntinus‚
3261 2318 3700 2391 Burchardus
3733 2321 3932 2414 Mag-

1104 2442 1564 2535 deburgensis
1590 2442 1881 2534 electus,
1921 2443 2351 2515 venerabiles
2382 2441 2643 2516 domini
2664 2442 3044 2514 Ekebertus
3073 2441 3705 2536 Babenbergensis,
3755 2446 3934 2517 Her-

1105 2589 1400 2640 mannus
1436 2566 1982 2661 HerbipolensiS‚
2023 2565 2433 2639 Ekehardus
2464 2565 3081 2659 merseburgensis»,
3118 2566 3599 2656 Engelhardus
3620 2567 3930 2641 Nuwen·

1103 2692 1503 2787 burgensiS‚
1542 2690 1898 2764 Conradus
1923 2690 2473 2783 Osnaburgensis
2508 2689 2853 2785 episcopi,
2896 2690 3052 2761 Otto
3070 2689 3222 2762 dux
3245 2690 3563 2762 Bawarie
3590 2691 3931 2784 palatinus

1104 2836 1336 2887 comes
1365 2815 1569 2904 Beni,
1610 2813 1932 2887 Albertus
1961 2814 2111 2886 dux
2137 2814 2472 2904 Saxonie,
2510 2813 2875 2885 Heinricus
2901 2834 3132 2886 comes
3157 2812 3441 2886 Ascarie
3478 2823 3551 2887 et
3571 2815 3931 2887 Heinricus

1106 2936 1288 3011 filius
1357 2960 1561 3028 suus,
1619 2939 1979 3012 Heinricus
2027 2938 2481 3033 landgravius
2530 2937 2941 3030 Thuringie‚
2992 2938 3425 3010 Hermannus
3485 2938 3793 3012 marchio
3842 2938 3932 3013 de

1104 3060 1364 3150 Baden,
1383 3061 1744 3133 Heinricus
1759 3061 2068 3134 marchio
2096 3062 2185 3135 de
2210 3061 2458 3152 Misne,
2492 3059 2851 3132 Conradus
2874 3058 3295 3152 burgravius
3321 3061 3413 3133 de
3431 3062 3923 3153 Nuremberch‚

1101 3183 1543 3256 Burchardus
1598 3184 2018 3277 burgravius
2073 3182 2728 3276 MagdeburgensiS‚
2780 3203 3013 3254 comes
3056 3182 3251 3274 Egno
3298 3183 3388 3255 de
3430 3184 3687 3275 Urach‚
3747 3187 3931 3257 Bur-

1103 3306 1405 3378 chardus
1451 3316 1519 3379 et
1561 3307 2006 3379 Gevehardus
2053 3307 2295 3377 fratres
2333 3305 2422 3378 de
2470 3304 3000 3397 Querenvorde,
3053 3305 3209 3378 Otto
3240 3327 3471 3378 comes
3508 3307 3597 3380 de
3618 3309 3929 3381 Ravens-

1103 3429 1352 3519 berch,
1398 3430 1756 3501 Heinricus
1784 3429 1874 3502 de
1900 3430 2123 3520 Nifen‚
2162 3427 2516 3501 Conradus
2533 3429 2859 3523 pincerna
2891 3429 2981 3502 de
3007 3429 3517 3502 Wintersteden
3535 3471 3564 3515 ,-
3594 3432 3932 3504 Henricus

1104 3553 1523 3626 camerarius
1575 3553 1664 3626 de
1716 3552 2244 3644 Ravensburch,
2286 3552 2650 3625 Heinricus
2703 3553 3118 3625 marscalcus
3176 3550 3270 3625 de
3318 3553 3820 3647 Bappenheim‚
3861 3565 3928 3628 et

1104 3675 1224 3749 alii
1260 3676 1727 3771 quamplures.

1201 3797 1449 3871 Actum
1497 3819 1681 3871 anno
1738 3798 2081 3872 dominice
2124 3796 2615 3870 incarnationis
2652 3797 3016 3871 millesimo
3062 3797 3530 3873 ducentesimo
3571 3800 3922 3893 XXXII11‚

1112 3924 1319 4000 tercio
1380 3945 1598 3996 nonas
1645 3923 1837 4016 julii,
1892 3921 2272 3996 indictione
2325 3921 2655 4015 septima,
2719 3942 2902 3995 anno
2954 3943 3124 3996 vero
3175 3923 3371 4016 regni
3426 3924 3638 3998 nostri
3686 3935 3928 4019 quarto

1108 4046 1404 4120 decimo.

1204 4171 1450 4240 Datum
1482 4170 1673 4265 apud
1700 4170 2187 4261 Aldenburch,
2229 4191 2448 4261 anno,
2483 4190 2753 4259 mense,
2789 4168 3166 4243 indictione
3198 4172 3596 4266 prenotatis.

1207 4290 1498 4385 Signum
1525 4291 1786 4366 domini
1820 4294 2119 4367 Heinrici
2146 4296 2608 4366 Romanorum
2634 4292 2819 4387 regis
2850 4292 3308 4368 invictissimi.
3348 4292 3929 4392 (Monoqramma.)
