<?xml version="1.0" encoding="UTF-8"?>
<!DOCTYPE html PUBLIC "-//W3C//DTD XHTML 1.0 Transitional//EN"
    "http://www.w3.org/TR/xhtml1/DTD/xhtml1-transitional.dtd">
<html xmlns="http://www.w3.org/1999/xhtml" xml:lang="en" lang="en">
 <head>
  <title>
</title>
<meta http-equiv="Content-Type" content="text/html;charset=utf-8" />
  <meta name='ocr-system' content='tesseract 3.04.00' />
  <meta name='ocr-capabilities' content='ocr_page ocr_carea ocr_par ocr_line ocrx_word'/>
</head>
<body>
  <div class='ocr_page' id='page_1' title='image "./historiadiploma00empegoog_0014.png"; bbox 0 0 4500 5956; ppageno 0'>
   <div class='ocr_carea' id='block_1_1' title="bbox 1004 617 3814 706">
    <p class='ocr_par' dir='ltr' id='par_1_1' title="bbox 1004 617 3814 706">
     <span class='ocr_line' id='line_1_1' title="bbox 1004 617 3814 706; baseline 0.005 -28"><span class='ocrx_word' id='word_1_1' title='bbox 1004 617 1126 678; x_wconf 81' lang='lat'><strong>556</strong></span> <span class='ocrx_word' id='word_1_2' title='bbox 2043 624 2386 687; x_wconf 64' lang='lat' dir='ltr'><strong>flitmum</strong></span> <span class='ocrx_word' id='word_1_3' title='bbox 2436 625 2775 686; x_wconf 79' lang='lat' dir='ltr'>SEPTIM!</span> <span class='ocrx_word' id='word_1_4' title='bbox 3447 628 3606 706; x_wconf 68' lang='lat' dir='ltr'><strong>[Aux.</strong></span> <span class='ocrx_word' id='word_1_5' title='bbox 3645 630 3814 692; x_wconf 76' lang='lat'><strong>1231.</strong></span> 
     </span>
    </p>
   </div>
   <div class='ocr_carea' id='block_1_2' title="bbox 999 755 3823 1228">
    <p class='ocr_par' dir='ltr' id='par_1_2' title="bbox 1002 755 3823 857">
     <span class='ocr_line' id='line_1_2' title="bbox 1002 755 3823 857; baseline 0.005 -32"><span class='ocrx_word' id='word_1_6' title='bbox 1002 755 1380 848; x_wconf 78' lang='lat' dir='ltr'><strong>precariam</strong></span> <span class='ocrx_word' id='word_1_7' title='bbox 1432 766 1867 853; x_wconf 84' lang='lat' dir='ltr'><strong>extorquere.</strong></span> <span class='ocrx_word' id='word_1_8' title='bbox 1927 759 2131 845; x_wconf 92' lang='lat' dir='ltr'><strong>Quod</strong></span> <span class='ocrx_word' id='word_1_9' title='bbox 2186 760 2308 853; x_wconf 89' lang='lat' dir='ltr'><strong>qui</strong></span> <span class='ocrx_word' id='word_1_10' title='bbox 2358 760 2583 832; x_wconf 84' lang='lat' dir='ltr'><strong>facere</strong></span> <span class='ocrx_word' id='word_1_11' title='bbox 2628 760 3119 856; x_wconf 76' lang='lat' dir='ltr'>presumpserit</span> <span class='ocrx_word' id='word_1_12' title='bbox 3168 763 3653 857; x_wconf 87' lang='lat' dir='ltr'><strong>omnipotentis</strong></span> <span class='ocrx_word' id='word_1_13' title='bbox 3696 767 3823 839; x_wconf 92' lang='lat' dir='ltr'><strong>Dei</strong></span> 
     </span>
    </p>

    <p class='ocr_par' dir='ltr' id='par_1_3' title="bbox 1006 877 3815 1105">
     <span class='ocr_line' id='line_1_3' title="bbox 1006 877 3565 975; baseline 0.004 -26"><span class='ocrx_word' id='word_1_14' title='bbox 1006 877 1548 973; x_wconf 79' lang='lat' dir='ltr'><strong>indignationem</strong></span> <span class='ocrx_word' id='word_1_15' title='bbox 1588 890 1659 953; x_wconf 88' lang='lat' dir='ltr'><strong>et</strong></span> <span class='ocrx_word' id='word_1_16' title='bbox 1685 891 1986 955; x_wconf 88' lang='lat' dir='ltr'><strong>nostram</strong></span> <span class='ocrx_word' id='word_1_17' title='bbox 2017 903 2301 975; x_wconf 89' lang='lat' dir='ltr'><strong>gravem</strong></span> <span class='ocrx_word' id='word_1_18' title='bbox 2334 882 2662 955; x_wconf 86' lang='lat' dir='ltr'><strong>offensam</strong></span> <span class='ocrx_word' id='word_1_19' title='bbox 2698 905 2774 955; x_wconf 92' lang='lat' dir='ltr'><strong>se</strong></span> <span class='ocrx_word' id='word_1_20' title='bbox 2799 883 3065 956; x_wconf 90' lang='lat' dir='ltr'><strong>noverit</strong></span> <span class='ocrx_word' id='word_1_21' title='bbox 3098 883 3565 958; x_wconf 88' lang='lat' dir='ltr'><strong>incursurum.</strong></span> 
     </span>
     <span class='ocr_line' id='line_1_4' title="bbox 1098 1004 3815 1105; baseline 0.003 -29"><span class='ocrx_word' id='word_1_22' title='bbox 1098 1004 1330 1077; x_wconf 86' lang='lat' dir='ltr'><strong>Testes</strong></span> <span class='ocrx_word' id='word_1_23' title='bbox 1364 1013 1528 1077; x_wconf 90' lang='lat' dir='ltr'><strong>sunt</strong></span> <span class='ocrx_word' id='word_1_24' title='bbox 1557 1006 1656 1078; x_wconf 91' lang='lat' dir='ltr'><strong>hii</strong></span> <span class='ocrx_word' id='word_1_25' title='bbox 1681 1008 1746 1079; x_wconf 89' lang='lat' dir='ltr'><strong>S.</strong></span> <span class='ocrx_word' id='word_1_26' title='bbox 1796 1008 2338 1101; x_wconf 85' lang='lat' dir='ltr'><strong>Maguntinensis</strong></span> <span class='ocrx_word' id='word_1_27' title='bbox 2369 1006 2955 1103; x_wconf 88' lang='lat' dir='ltr'><strong>archiepiscopus,</strong></span> <span class='ocrx_word' id='word_1_28' title='bbox 2982 1009 3068 1079; x_wconf 86' lang='lat' dir='ltr'><strong>H.</strong></span> <span class='ocrx_word' id='word_1_29' title='bbox 3094 1008 3402 1083; x_wconf 90' lang='lat' dir='ltr'><strong>marchio</strong></span> <span class='ocrx_word' id='word_1_30' title='bbox 3430 1007 3520 1084; x_wconf 92' lang='lat' dir='ltr'><strong>de</strong></span> <span class='ocrx_word' id='word_1_31' title='bbox 3553 1011 3815 1105; x_wconf 90' lang='lat' dir='ltr'><strong>Baden,</strong></span> 
     </span>
    </p>

    <p class='ocr_par' dir='ltr' id='par_1_4' title="bbox 999 1126 3813 1228">
     <span class='ocr_line' id='line_1_5' title="bbox 999 1126 3813 1228; baseline 0.004 -32"><span class='ocrx_word' id='word_1_32' title='bbox 999 1126 1268 1199; x_wconf 90' lang='lat' dir='ltr'><strong>Ulricus</strong></span> <span class='ocrx_word' id='word_1_33' title='bbox 1294 1126 1385 1200; x_wconf 94' lang='lat' dir='ltr'><strong>de</strong></span> <span class='ocrx_word' id='word_1_34' title='bbox 1409 1129 1869 1221; x_wconf 83' lang='lat' dir='ltr'><strong>Husemeche‚</strong></span> <span class='ocrx_word' id='word_1_35' title='bbox 1906 1129 2253 1224; x_wconf 87' lang='lat' dir='ltr'><strong>Pilgrinus</strong></span> <span class='ocrx_word' id='word_1_36' title='bbox 2280 1129 2371 1204; x_wconf 88' lang='lat' dir='ltr'><strong>de</strong></span> <span class='ocrx_word' id='word_1_37' title='bbox 2393 1130 2804 1224; x_wconf 88' lang='lat' dir='ltr'><strong>Emeringen</strong></span> <span class='ocrx_word' id='word_1_38' title='bbox 2821 1184 2841 1221; x_wconf 89' lang='lat'><strong><em>‚</em></strong></span> <span class='ocrx_word' id='word_1_39' title='bbox 2896 1130 3289 1205; x_wconf 86' lang='lat' dir='ltr'><strong>Hawardus</strong></span> <span class='ocrx_word' id='word_1_40' title='bbox 3319 1134 3813 1228; x_wconf 86' lang='lat' dir='ltr'><strong>Musechunch,</strong></span> 
     </span>
    </p>
   </div>
   <div class='ocr_carea' id='block_1_3' title="bbox 998 1249 3817 1465">
    <p class='ocr_par' dir='ltr' id='par_1_5' title="bbox 998 1249 3817 1465">
     <span class='ocr_line' id='line_1_6' title="bbox 998 1249 2884 1350; baseline 0.003 -28"><span class='ocrx_word' id='word_1_41' title='bbox 998 1249 1268 1322; x_wconf 90' lang='lat' dir='ltr'><strong>Ulricus</strong></span> <span class='ocrx_word' id='word_1_42' title='bbox 1294 1260 1364 1321; x_wconf 89' lang='lat' dir='ltr'><strong>et</strong></span> <span class='ocrx_word' id='word_1_43' title='bbox 1393 1252 1815 1326; x_wconf 78' lang='lat' dir='ltr'><strong>wernherus</strong></span> <span class='ocrx_word' id='word_1_44' title='bbox 1844 1253 2123 1344; x_wconf 87' lang='lat' dir='ltr'><strong>notarii,</strong></span> <span class='ocrx_word' id='word_1_45' title='bbox 2167 1264 2236 1326; x_wconf 88' lang='lat' dir='ltr'><strong>et</strong></span> <span class='ocrx_word' id='word_1_46' title='bbox 2271 1254 2387 1326; x_wconf 91' lang='lat' dir='ltr'><strong>alii</strong></span> <span class='ocrx_word' id='word_1_47' title='bbox 2411 1256 2884 1350; x_wconf 78' lang='lat' dir='ltr'><strong>quamplures.</strong></span> 
     </span>
     <span class='ocr_line' id='line_1_7' title="bbox 1092 1374 3817 1465; baseline 0.004 -21"><span class='ocrx_word' id='word_1_48' title='bbox 1092 1375 1344 1445; x_wconf 88' lang='lat' dir='ltr'><strong>Datum</strong></span> <span class='ocrx_word' id='word_1_49' title='bbox 1367 1375 1618 1465; x_wconf 90' lang='lat' dir='ltr'><strong>Hallis,</strong></span> <span class='ocrx_word' id='word_1_50' title='bbox 1660 1398 1844 1448; x_wconf 90' lang='lat' dir='ltr'><strong>anno</strong></span> <span class='ocrx_word' id='word_1_51' title='bbox 1874 1374 2218 1448; x_wconf 92' lang='lat' dir='ltr'><strong>dominice</strong></span> <span class='ocrx_word' id='word_1_52' title='bbox 2255 1376 2744 1449; x_wconf 79' lang='lat' dir='ltr'><strong>incarnationis</strong></span> <span class='ocrx_word' id='word_1_53' title='bbox 2775 1378 3137 1452; x_wconf 86' lang='lat' dir='ltr'><strong>millesimo</strong></span> <span class='ocrx_word' id='word_1_54' title='bbox 3176 1379 3649 1455; x_wconf 88' lang='lat' dir='ltr'><strong>ducentesimo</strong></span> <span class='ocrx_word' id='word_1_55' title='bbox 3684 1381 3817 1454; x_wconf 88' lang='lat' dir='ltr'><strong>tri-</strong></span> 
     </span>
    </p>
   </div>
   <div class='ocr_carea' id='block_1_4' title="bbox 995 1497 3078 1597">
    <p class='ocr_par' dir='ltr' id='par_1_6' title="bbox 995 1497 3078 1597">
     <span class='ocr_line' id='line_1_8' title="bbox 995 1497 3078 1597; baseline 0.001 -27"><span class='ocrx_word' id='word_1_56' title='bbox 995 1498 1258 1590; x_wconf 89' lang='lat' dir='ltr'><strong>gesimo</strong></span> <span class='ocrx_word' id='word_1_57' title='bbox 1283 1499 1539 1594; x_wconf 88' lang='lat' dir='ltr'><strong>primo,</strong></span> <span class='ocrx_word' id='word_1_58' title='bbox 1579 1499 1891 1573; x_wconf 88' lang='lat' dir='ltr'><strong>kalendis</strong></span> <span class='ocrx_word' id='word_1_59' title='bbox 1914 1499 2211 1572; x_wconf 84' lang='lat' dir='ltr'><strong>octobris</strong></span> <span class='ocrx_word' id='word_1_60' title='bbox 2236 1497 2374 1597; x_wconf 86' lang='lat' dir='ltr'><strong>(a),</strong></span> <span class='ocrx_word' id='word_1_61' title='bbox 2412 1498 2786 1574; x_wconf 79' lang='lat' dir='ltr'><strong>indictione</strong></span> <span class='ocrx_word' id='word_1_62' title='bbox 2814 1504 3078 1595; x_wconf 88' lang='lat' dir='ltr'><strong>quinta.</strong></span> 
     </span>
    </p>
   </div>
   <div class='ocr_carea' id='block_1_5' title="bbox 608 2026 3811 2269">
    <p class='ocr_par' dir='ltr' id='par_1_7' title="bbox 608 2026 3811 2269">
     <span class='ocr_line' id='line_1_9' title="bbox 652 2026 3811 2143; baseline -0.002 -29"><span class='ocrx_word' id='word_1_63' title='bbox 652 2038 885 2143; x_wconf 51' lang='lat' dir='ltr'><strong>„ffi‚</strong></span> <span class='ocrx_word' id='word_1_64' title='bbox 1096 2026 1468 2109; x_wconf 88' lang='lat' dir='ltr'><strong>Henricus</strong></span> <span class='ocrx_word' id='word_1_65' title='bbox 1485 2089 1509 2130; x_wconf 84' lang='lat'><strong><em>,</em></strong></span> <span class='ocrx_word' id='word_1_66' title='bbox 1551 2026 2073 2110; x_wconf 89' lang='lat' dir='ltr'><strong>Romanorum</strong></span> <span class='ocrx_word' id='word_1_67' title='bbox 2108 2052 2241 2109; x_wconf 86' lang='lat' dir='ltr'><strong>rex</strong></span> <span class='ocrx_word' id='word_1_68' title='bbox 2257 2086 2282 2133; x_wconf 86' lang='lat'>,</span> <span class='ocrx_word' id='word_1_69' title='bbox 2331 2038 2597 2110; x_wconf 89' lang='lat' dir='ltr'><strong>notum</strong></span> <span class='ocrx_word' id='word_1_70' title='bbox 2644 2026 2824 2109; x_wconf 87' lang='lat' dir='ltr'><strong>facit</strong></span> <span class='ocrx_word' id='word_1_71' title='bbox 2874 2027 3085 2137; x_wconf 90' lang='lat' dir='ltr'><strong>quod</strong></span> <span class='ocrx_word' id='word_1_72' title='bbox 3137 2027 3567 2138; x_wconf 85' lang='lat' dir='ltr'><strong>Berngerus</strong></span> <span class='ocrx_word' id='word_1_73' title='bbox 3622 2026 3811 2135; x_wconf 89' lang='lat' dir='ltr'><strong>Spi-</strong></span> 
     </span>
     <span class='ocr_line' id='line_1_10' title="bbox 608 2144 3811 2269; baseline -0.002 -24"><span class='ocrx_word' id='word_1_74' title='bbox 608 2144 661 2186; x_wconf 79' lang='lat'><strong>¹⁹</strong></span> <span class='ocrx_word' id='word_1_75' title='bbox 688 2145 895 2188; x_wconf 55' lang='lat' dir='ltr'><strong>mm·</strong></span> <span class='ocrx_word' id='word_1_76' title='bbox 990 2158 1233 2241; x_wconf 86' lang='lat' dir='ltr'><strong>rensis</strong></span> <span class='ocrx_word' id='word_1_77' title='bbox 1268 2159 1666 2269; x_wconf 89' lang='lat' dir='ltr'><strong>episcopus</strong></span> <span class='ocrx_word' id='word_1_78' title='bbox 1702 2159 1845 2242; x_wconf 90' lang='lat' dir='ltr'><strong>sibi</strong></span> <span class='ocrx_word' id='word_1_79' title='bbox 1882 2159 2203 2242; x_wconf 88' lang='lat' dir='ltr'><strong>contulit</strong></span> <span class='ocrx_word' id='word_1_80' title='bbox 2238 2159 2710 2242; x_wconf 85' lang='lat' dir='ltr'><strong>advocatiam</strong></span> <span class='ocrx_word' id='word_1_81' title='bbox 2743 2159 2841 2240; x_wconf 90' lang='lat' dir='ltr'><strong>de</strong></span> <span class='ocrx_word' id='word_1_82' title='bbox 2875 2159 3228 2243; x_wconf 89' lang='lat' dir='ltr'><strong>Luzheim</strong></span> <span class='ocrx_word' id='word_1_83' title='bbox 3268 2160 3348 2240; x_wconf 93' lang='lat' dir='ltr'><strong>in</strong></span> <span class='ocrx_word' id='word_1_84' title='bbox 3387 2159 3648 2266; x_wconf 84' lang='lat' dir='ltr'><strong>feudo,</strong></span> <span class='ocrx_word' id='word_1_85' title='bbox 3676 2158 3811 2241; x_wconf 83' lang='lat' dir='ltr'><strong>tali</strong></span> 
     </span>
    </p>
   </div>
   <div class='ocr_carea' id='block_1_6' title="bbox 988 2293 3501 2402">
    <p class='ocr_par' dir='ltr' id='par_1_8' title="bbox 988 2293 3501 2402">
     <span class='ocr_line' id='line_1_11' title="bbox 988 2293 3501 2402; baseline -0 -27"><span class='ocrx_word' id='word_1_86' title='bbox 988 2304 1209 2402; x_wconf 88' lang='lat' dir='ltr'><strong>pacto</strong></span> <span class='ocrx_word' id='word_1_87' title='bbox 1246 2302 1332 2375; x_wconf 90' lang='lat' dir='ltr'><strong>ut</strong></span> <span class='ocrx_word' id='word_1_88' title='bbox 1364 2293 1567 2375; x_wconf 92' lang='lat' dir='ltr'><strong>hanc</strong></span> <span class='ocrx_word' id='word_1_89' title='bbox 1600 2293 2071 2376; x_wconf 85' lang='lat' dir='ltr'><strong>advocatiam</strong></span> <span class='ocrx_word' id='word_1_90' title='bbox 2107 2293 2324 2376; x_wconf 90' lang='lat' dir='ltr'><strong>nullo</strong></span> <span class='ocrx_word' id='word_1_91' title='bbox 2359 2294 2591 2376; x_wconf 91' lang='lat' dir='ltr'><strong>modo</strong></span> <span class='ocrx_word' id='word_1_92' title='bbox 2626 2293 2725 2376; x_wconf 89' lang='lat' dir='ltr'><strong>ab</strong></span> <span class='ocrx_word' id='word_1_93' title='bbox 2761 2293 3078 2402; x_wconf 91' lang='lat' dir='ltr'><strong>imperio</strong></span> <span class='ocrx_word' id='word_1_94' title='bbox 3115 2294 3501 2377; x_wconf 87' lang='lat' dir='ltr'><strong>alienaret.</strong></span> 
     </span>
    </p>
   </div>
   <div class='ocr_carea' id='block_1_7' title="bbox 1151 2504 3811 2691">
    <p class='ocr_par' dir='ltr' id='par_1_9' title="bbox 1151 2504 3811 2691">
     <span class='ocr_line' id='line_1_12' title="bbox 1151 2504 3811 2586; baseline 0 -20"><span class='ocrx_word' id='word_1_95' title='bbox 1151 2504 1471 2583; x_wconf 84' lang='lat' dir='ltr'><strong>(Ineditum</strong></span> <span class='ocrx_word' id='word_1_96' title='bbox 1512 2523 1591 2567; x_wconf 85' lang='lat' dir='ltr'><strong>ex</strong></span> <span class='ocrx_word' id='word_1_97' title='bbox 1633 2507 1901 2585; x_wconf 86' lang='lat' dir='ltr'><strong>originali</strong></span> <span class='ocrx_word' id='word_1_98' title='bbox 1928 2508 1990 2566; x_wconf 87' lang='lat' dir='ltr'><strong>in</strong></span> <span class='ocrx_word' id='word_1_99' title='bbox 2016 2506 2258 2568; x_wconf 83' lang='lat' dir='ltr'><strong>archivo</strong></span> <span class='ocrx_word' id='word_1_100' title='bbox 2282 2506 2595 2586; x_wconf 80' lang='lat' dir='ltr'><strong>stuttgart.</strong></span> <span class='ocrx_word' id='word_1_101' title='bbox 2602 2550 2623 2582; x_wconf 87' lang='lat'><em>,</em></span> <span class='ocrx_word' id='word_1_102' title='bbox 2667 2506 2826 2567; x_wconf 88' lang='lat' dir='ltr'><strong>unde</strong></span> <span class='ocrx_word' id='word_1_103' title='bbox 2867 2505 3084 2584; x_wconf 83' lang='lat' dir='ltr'><strong>pendet</strong></span> <span class='ocrx_word' id='word_1_104' title='bbox 3127 2507 3383 2585; x_wconf 83' lang='lat' dir='ltr'><strong>sigillum</strong></span> <span class='ocrx_word' id='word_1_105' title='bbox 3421 2521 3655 2567; x_wconf 84' lang='lat' dir='ltr'><strong>cereum</strong></span> <span class='ocrx_word' id='word_1_106' title='bbox 3695 2504 3811 2567; x_wconf 82' lang='lat' dir='ltr'><strong>filis</strong></span> 
     </span>
     <span class='ocr_line' id='line_1_13' title="bbox 1226 2610 2392 2691; baseline 0.001 -18"><span class='ocrx_word' id='word_1_107' title='bbox 1226 2614 1428 2673; x_wconf 80' lang='lat' dir='ltr'><strong>sericis</strong></span> <span class='ocrx_word' id='word_1_108' title='bbox 1451 2612 1598 2673; x_wconf 83' lang='lat' dir='ltr'><strong>flavi</strong></span> <span class='ocrx_word' id='word_1_109' title='bbox 1623 2618 1685 2673; x_wconf 87' lang='lat' dir='ltr'><strong>et</strong></span> <span class='ocrx_word' id='word_1_110' title='bbox 1707 2611 2106 2674; x_wconf 83' lang='lat' dir='ltr'><strong>amaranthlni</strong></span> <span class='ocrx_word' id='word_1_111' title='bbox 2131 2610 2392 2691; x_wconf 81' lang='lat' dir='ltr'><strong>coloris.)</strong></span> 
     </span>
    </p>
   </div>
   <div class='ocr_carea' id='block_1_8' title="bbox 976 2791 3808 3758">
    <p class='ocr_par' dir='ltr' id='par_1_10' title="bbox 976 2791 3808 3758">
     <span class='ocr_line' id='line_1_14' title="bbox 1079 2791 3804 2888; baseline -0.001 -23"><span class='ocrx_word' id='word_1_112' title='bbox 1079 2796 1164 2865; x_wconf 86' lang='lat' dir='ltr'><strong>H.</strong></span> <span class='ocrx_word' id='word_1_113' title='bbox 1203 2797 1325 2867; x_wconf 90' lang='lat' dir='ltr'><strong>Dei</strong></span> <span class='ocrx_word' id='word_1_114' title='bbox 1370 2796 1588 2888; x_wconf 88' lang='lat' dir='ltr'><strong>gratia</strong></span> <span class='ocrx_word' id='word_1_115' title='bbox 1624 2796 2087 2868; x_wconf 87' lang='lat' dir='ltr'><strong>Romanorum</strong></span> <span class='ocrx_word' id='word_1_116' title='bbox 2138 2815 2265 2865; x_wconf 84' lang='lat' dir='ltr'><strong>rex</strong></span> <span class='ocrx_word' id='word_1_117' title='bbox 2317 2813 2589 2887; x_wconf 89' lang='lat' dir='ltr'><strong>semper</strong></span> <span class='ocrx_word' id='word_1_118' title='bbox 2638 2802 3010 2886; x_wconf 87' lang='lat' dir='ltr'><strong>augustus,</strong></span> <span class='ocrx_word' id='word_1_119' title='bbox 3054 2791 3399 2864; x_wconf 88' lang='lat' dir='ltr'><strong>universis</strong></span> <span class='ocrx_word' id='word_1_120' title='bbox 3426 2801 3804 2885; x_wconf 84' lang='lat' dir='ltr'><strong>presentem</strong></span> 
     </span>
     <span class='ocr_line' id='line_1_15' title="bbox 980 2915 3808 3015; baseline 0 -24"><span class='ocrx_word' id='word_1_121' title='bbox 980 2920 1304 3015; x_wconf 83' lang='lat' dir='ltr'><strong>paginam</strong></span> <span class='ocrx_word' id='word_1_122' title='bbox 1344 2920 1753 3014; x_wconf 86' lang='lat' dir='ltr'><strong>inspecturis</strong></span> <span class='ocrx_word' id='word_1_123' title='bbox 1803 2919 2095 3012; x_wconf 83' lang='lat' dir='ltr'><strong>gratiam</strong></span> <span class='ocrx_word' id='word_1_124' title='bbox 2149 2940 2346 2992; x_wconf 91' lang='lat' dir='ltr'><strong>suam</strong></span> <span class='ocrx_word' id='word_1_125' title='bbox 2387 2929 2457 2992; x_wconf 89' lang='lat' dir='ltr'><strong>et</strong></span> <span class='ocrx_word' id='word_1_126' title='bbox 2503 2939 2707 2991; x_wconf 87' lang='lat' dir='ltr'><strong>omne</strong></span> <span class='ocrx_word' id='word_1_127' title='bbox 2747 2917 3034 2991; x_wconf 92' lang='lat' dir='ltr'><strong>bonum.</strong></span> <span class='ocrx_word' id='word_1_128' title='bbox 3093 2915 3533 2990; x_wconf 88' lang='lat' dir='ltr'><strong>Universitati</strong></span> <span class='ocrx_word' id='word_1_129' title='bbox 3582 2925 3808 2991; x_wconf 87' lang='lat' dir='ltr'><strong>vestre</strong></span> 
     </span>
     <span class='ocr_line' id='line_1_16' title="bbox 985 3040 3806 3138; baseline -0.001 -22"><span class='ocrx_word' id='word_1_130' title='bbox 985 3042 1524 3134; x_wconf 86' lang='lat' dir='ltr'><strong>significandum</strong></span> <span class='ocrx_word' id='word_1_131' title='bbox 1583 3041 1918 3115; x_wconf 83' lang='lat' dir='ltr'><strong>duximus</strong></span> <span class='ocrx_word' id='word_1_132' title='bbox 1973 3042 2168 3137; x_wconf 88' lang='lat' dir='ltr'><strong>quod</strong></span> <span class='ocrx_word' id='word_1_133' title='bbox 2226 3045 2615 3138; x_wconf 88' lang='lat' dir='ltr'><strong>Berngerus</strong></span> <span class='ocrx_word' id='word_1_134' title='bbox 2652 3042 2988 3138; x_wconf 88' lang='lat' dir='ltr'><strong>Spirensis</strong></span> <span class='ocrx_word' id='word_1_135' title='bbox 3048 3040 3446 3137; x_wconf 87' lang='lat' dir='ltr'><strong>episeopus,</strong></span> <span class='ocrx_word' id='word_1_136' title='bbox 3515 3040 3806 3113; x_wconf 90' lang='lat' dir='ltr'><strong>dilectus</strong></span> 
     </span>
     <span class='ocr_line' id='line_1_17' title="bbox 985 3162 3805 3263; baseline 0 -25"><span class='ocrx_word' id='word_1_137' title='bbox 985 3167 1306 3263; x_wconf 92' lang='lat' dir='ltr'><strong>princeps</strong></span> <span class='ocrx_word' id='word_1_138' title='bbox 1359 3176 1625 3257; x_wconf 88' lang='lat' dir='ltr'><strong>noster,</strong></span> <span class='ocrx_word' id='word_1_139' title='bbox 1683 3167 1972 3240; x_wconf 88' lang='lat' dir='ltr'><strong>contulit</strong></span> <span class='ocrx_word' id='word_1_140' title='bbox 2022 3167 2220 3239; x_wconf 88' lang='lat' dir='ltr'><strong>nobis</strong></span> <span class='ocrx_word' id='word_1_141' title='bbox 2276 3179 2345 3239; x_wconf 91' lang='lat' dir='ltr'><strong>et</strong></span> <span class='ocrx_word' id='word_1_142' title='bbox 2386 3167 2897 3239; x_wconf 89' lang='lat' dir='ltr'><strong>successoribus</strong></span> <span class='ocrx_word' id='word_1_143' title='bbox 2950 3166 3199 3238; x_wconf 91' lang='lat' dir='ltr'><strong>nostris</strong></span> <span class='ocrx_word' id='word_1_144' title='bbox 3246 3162 3680 3237; x_wconf 87' lang='lat' dir='ltr'><strong>advocatiam</strong></span> <span class='ocrx_word' id='word_1_145' title='bbox 3718 3163 3805 3238; x_wconf 90' lang='lat' dir='ltr'><strong>de</strong></span> 
     </span>
     <span class='ocr_line' id='line_1_18' title="bbox 979 3286 3803 3386; baseline -0.001 -23"><span class='ocrx_word' id='word_1_146' title='bbox 979 3290 1305 3363; x_wconf 87' lang='lat' dir='ltr'><strong>Luzheim</strong></span> <span class='ocrx_word' id='word_1_147' title='bbox 1337 3291 1408 3362; x_wconf 94' lang='lat' dir='ltr'><strong>in</strong></span> <span class='ocrx_word' id='word_1_148' title='bbox 1441 3289 1686 3379; x_wconf 84' lang='lat' dir='ltr'><strong>feudo,</strong></span> <span class='ocrx_word' id='word_1_149' title='bbox 1724 3291 1840 3362; x_wconf 86' lang='lat' dir='ltr'><strong>tali</strong></span> <span class='ocrx_word' id='word_1_150' title='bbox 1869 3291 2269 3386; x_wconf 86' lang='lat' dir='ltr'><strong>interposita</strong></span> <span class='ocrx_word' id='word_1_151' title='bbox 2294 3290 2698 3364; x_wconf 88' lang='lat' dir='ltr'><strong>condicione</strong></span> <span class='ocrx_word' id='word_1_152' title='bbox 2735 3299 2811 3362; x_wconf 91' lang='lat' dir='ltr'><strong>ut</strong></span> <span class='ocrx_word' id='word_1_153' title='bbox 2844 3288 3140 3362; x_wconf 91' lang='lat' dir='ltr'><strong>eandem</strong></span> <span class='ocrx_word' id='word_1_154' title='bbox 3173 3286 3602 3362; x_wconf 84' lang='lat' dir='ltr'><strong>advocatiam</strong></span> <span class='ocrx_word' id='word_1_155' title='bbox 3632 3290 3803 3361; x_wconf 93' lang='lat' dir='ltr'><strong>nulli</strong></span> 
     </span>
     <span class='ocr_line' id='line_1_19' title="bbox 982 3412 3803 3508; baseline 0 -23"><span class='ocrx_word' id='word_1_156' title='bbox 982 3413 1183 3486; x_wconf 88' lang='lat' dir='ltr'><strong>nobis</strong></span> <span class='ocrx_word' id='word_1_157' title='bbox 1214 3413 1416 3486; x_wconf 89' lang='lat' dir='ltr'><strong>liceat</strong></span> <span class='ocrx_word' id='word_1_158' title='bbox 1441 3413 1801 3486; x_wconf 83' lang='lat' dir='ltr'><strong>infeudare</strong></span> <span class='ocrx_word' id='word_1_159' title='bbox 1830 3414 1940 3486; x_wconf 87' lang='lat' dir='ltr'><strong>vel</strong></span> <span class='ocrx_word' id='word_1_160' title='bbox 1974 3415 2110 3487; x_wconf 89' lang='lat' dir='ltr'><strong>alio</strong></span> <span class='ocrx_word' id='word_1_161' title='bbox 2138 3415 2372 3508; x_wconf 88' lang='lat' dir='ltr'><strong>aliquo</strong></span> <span class='ocrx_word' id='word_1_162' title='bbox 2399 3412 2604 3486; x_wconf 94' lang='lat' dir='ltr'><strong>modo</strong></span> <span class='ocrx_word' id='word_1_163' title='bbox 2631 3414 2721 3485; x_wconf 91' lang='lat' dir='ltr'><strong>ab</strong></span> <span class='ocrx_word' id='word_1_164' title='bbox 2740 3414 3026 3508; x_wconf 85' lang='lat' dir='ltr'><strong>imperio</strong></span> <span class='ocrx_word' id='word_1_165' title='bbox 3047 3412 3348 3485; x_wconf 91' lang='lat' dir='ltr'><strong>alienare</strong></span> <span class='ocrx_word' id='word_1_166' title='bbox 3366 3465 3386 3500; x_wconf 90' lang='lat'>,</span> <span class='ocrx_word' id='word_1_167' title='bbox 3427 3413 3555 3486; x_wconf 89' lang='lat' dir='ltr'><strong>sed</strong></span> <span class='ocrx_word' id='word_1_168' title='bbox 3583 3413 3803 3507; x_wconf 90' lang='lat' dir='ltr'><strong>ipsam</strong></span> 
     </span>
     <span class='ocr_line' id='line_1_20' title="bbox 978 3535 3802 3633; baseline -0.001 -21"><span class='ocrx_word' id='word_1_169' title='bbox 978 3537 1071 3612; x_wconf 92' lang='lat' dir='ltr'><strong>ad</strong></span> <span class='ocrx_word' id='word_1_170' title='bbox 1104 3559 1353 3610; x_wconf 88' lang='lat' dir='ltr'><strong>manus</strong></span> <span class='ocrx_word' id='word_1_171' title='bbox 1375 3547 1639 3611; x_wconf 88' lang='lat' dir='ltr'><strong>nostras</strong></span> <span class='ocrx_word' id='word_1_172' title='bbox 1675 3559 1946 3633; x_wconf 90' lang='lat' dir='ltr'><strong>semper</strong></span> <span class='ocrx_word' id='word_1_173' title='bbox 1971 3539 2269 3611; x_wconf 92' lang='lat' dir='ltr'><strong>retinere</strong></span> <span class='ocrx_word' id='word_1_174' title='bbox 2295 3537 2699 3611; x_wconf 88' lang='lat' dir='ltr'><strong>debeamus.</strong></span> <span class='ocrx_word' id='word_1_175' title='bbox 2734 3536 2847 3608; x_wconf 89' lang='lat' dir='ltr'><strong>Ad</strong></span> <span class='ocrx_word' id='word_1_176' title='bbox 2879 3538 3078 3628; x_wconf 89' lang='lat' dir='ltr'><strong>cujus</strong></span> <span class='ocrx_word' id='word_1_177' title='bbox 3106 3537 3202 3610; x_wconf 92' lang='lat' dir='ltr'><strong>rei</strong></span> <span class='ocrx_word' id='word_1_178' title='bbox 3232 3535 3713 3609; x_wconf 84' lang='lat' dir='ltr'><strong>certitudinem</strong></span> <span class='ocrx_word' id='word_1_179' title='bbox 3733 3546 3802 3609; x_wconf 89' lang='lat' dir='ltr'><strong>et</strong></span> 
     </span>
     <span class='ocr_line' id='line_1_21' title="bbox 976 3659 3799 3758; baseline -0.001 -23"><span class='ocrx_word' id='word_1_180' title='bbox 976 3661 1187 3735; x_wconf 91' lang='lat' dir='ltr'><strong>robur</strong></span> <span class='ocrx_word' id='word_1_181' title='bbox 1222 3672 1555 3758; x_wconf 90' lang='lat' dir='ltr'><strong>perpetuo</strong></span> <span class='ocrx_word' id='word_1_182' title='bbox 1578 3661 1991 3754; x_wconf 86' lang='lat' dir='ltr'><strong>valiturum,</strong></span> <span class='ocrx_word' id='word_1_183' title='bbox 2048 3671 2433 3757; x_wconf 88' lang='lat' dir='ltr'><strong>presentem</strong></span> <span class='ocrx_word' id='word_1_184' title='bbox 2466 3660 2791 3755; x_wconf 89' lang='lat' dir='ltr'><strong>paginam</strong></span> <span class='ocrx_word' id='word_1_185' title='bbox 2825 3659 2967 3733; x_wconf 83' lang='lat' dir='ltr'><strong>fleri</strong></span> <span class='ocrx_word' id='word_1_186' title='bbox 3027 3671 3096 3733; x_wconf 88' lang='lat' dir='ltr'><strong>et</strong></span> <span class='ocrx_word' id='word_1_187' title='bbox 3143 3660 3370 3755; x_wconf 91' lang='lat' dir='ltr'><strong>sigillo</strong></span> <span class='ocrx_word' id='word_1_188' title='bbox 3424 3661 3799 3754; x_wconf 88' lang='lat' dir='ltr'><strong>majestatis</strong></span> 
     </span>
    </p>
   </div>
   <div class='ocr_carea' id='block_1_9' title="bbox 979 3785 3800 4006">
    <p class='ocr_par' dir='ltr' id='par_1_11' title="bbox 979 3785 3800 4006">
     <span class='ocr_line' id='line_1_22' title="bbox 979 3785 1900 3879; baseline -0.004 -19"><span class='ocrx_word' id='word_1_189' title='bbox 979 3794 1207 3860; x_wconf 88' lang='lat' dir='ltr'><strong>nostre</strong></span> <span class='ocrx_word' id='word_1_190' title='bbox 1239 3786 1529 3859; x_wconf 84' lang='lat' dir='ltr'><strong>fecimus</strong></span> <span class='ocrx_word' id='word_1_191' title='bbox 1560 3785 1900 3879; x_wconf 88' lang='lat' dir='ltr'><strong>insigniri.</strong></span> 
     </span>
     <span class='ocr_line' id='line_1_23' title="bbox 1072 3907 3800 4006; baseline -0.001 -24"><span class='ocrx_word' id='word_1_192' title='bbox 1072 3912 1321 3982; x_wconf 91' lang='lat' dir='ltr'><strong>Datum</strong></span> <span class='ocrx_word' id='word_1_193' title='bbox 1350 3911 1542 4006; x_wconf 88' lang='lat' dir='ltr'><strong>apud</strong></span> <span class='ocrx_word' id='word_1_194' title='bbox 1571 3910 1948 4003; x_wconf 87' lang='lat' dir='ltr'><strong>Augustam</strong></span> <span class='ocrx_word' id='word_1_195' title='bbox 1967 3962 1987 3999; x_wconf 88' lang='lat'><strong><em>‚</em></strong></span> <span class='ocrx_word' id='word_1_196' title='bbox 2025 3930 2208 3982; x_wconf 92' lang='lat' dir='ltr'><strong>anno</strong></span> <span class='ocrx_word' id='word_1_197' title='bbox 2233 3908 2578 3981; x_wconf 90' lang='lat' dir='ltr'><strong>dominice</strong></span> <span class='ocrx_word' id='word_1_198' title='bbox 2613 3908 3098 3982; x_wconf 89' lang='lat' dir='ltr'><strong>incarnationis</strong></span> <span class='ocrx_word' id='word_1_199' title='bbox 3134 3908 3492 3982; x_wconf 90' lang='lat' dir='ltr'><strong>millesimo</strong></span> <span class='ocrx_word' id='word_1_200' title='bbox 3531 3907 3800 3982; x_wconf 91' lang='lat' dir='ltr'><strong>ducen-</strong></span> 
     </span>
    </p>
   </div>
   <div class='ocr_carea' id='block_1_10' title="bbox 977 4031 3549 4129">
    <p class='ocr_par' dir='ltr' id='par_1_12' title="bbox 977 4031 3549 4129">
     <span class='ocr_line' id='line_1_24' title="bbox 977 4031 3549 4129; baseline 0 -24"><span class='ocrx_word' id='word_1_201' title='bbox 977 4033 1217 4105; x_wconf 86' lang='lat' dir='ltr'><strong>tesimo</strong></span> <span class='ocrx_word' id='word_1_202' title='bbox 1252 4034 1571 4106; x_wconf 73' lang='lat' dir='ltr'><strong>vicesimo</strong></span> <span class='ocrx_word' id='word_1_203' title='bbox 1609 4033 1711 4129; x_wconf 81' lang='lat' dir='ltr'><strong>(l)</strong></span> <span class='ocrx_word' id='word_1_204' title='bbox 1738 4035 1993 4129; x_wconf 88' lang='lat' dir='ltr'><strong>primo,</strong></span> <span class='ocrx_word' id='word_1_205' title='bbox 2028 4034 2211 4105; x_wconf 89' lang='lat' dir='ltr'><strong>Xllll</strong></span> <span class='ocrx_word' id='word_1_206' title='bbox 2236 4031 2568 4106; x_wconf 88' lang='lat' dir='ltr'><strong>kalendas</strong></span> <span class='ocrx_word' id='word_1_207' title='bbox 2605 4034 3036 4125; x_wconf 78' lang='lat' dir='ltr'><strong>novembriS,</strong></span> <span class='ocrx_word' id='word_1_208' title='bbox 3074 4031 3447 4104; x_wconf 88' lang='lat' dir='ltr'><strong>indictione</strong></span> <span class='ocrx_word' id='word_1_209' title='bbox 3464 4034 3549 4105; x_wconf 90' lang='lat' dir='ltr'><strong>V.</strong></span> 
     </span>
    </p>
   </div>
   <div class='ocr_carea' id='block_1_11' title="bbox 977 4207 3794 4392">
    <p class='ocr_par' dir='ltr' id='par_1_13' title="bbox 977 4207 3794 4392">
     <span class='ocr_line' id='line_1_25' title="bbox 1061 4207 3794 4289; baseline 0.001 -22"><span class='ocrx_word' id='word_1_210' title='bbox 1061 4207 1147 4287; x_wconf 83' lang='lat' dir='ltr'><strong>(a)</strong></span> <span class='ocrx_word' id='word_1_211' title='bbox 1192 4210 1263 4270; x_wconf 94' lang='lat' dir='ltr'><strong>In</strong></span> <span class='ocrx_word' id='word_1_212' title='bbox 1309 4208 1558 4268; x_wconf 86' lang='lat' dir='ltr'><strong>Besoldo</strong></span> <span class='ocrx_word' id='word_1_213' title='bbox 1599 4209 1812 4268; x_wconf 73' lang='lat' dir='ltr'><strong>decimo</strong></span> <span class='ocrx_word' id='word_1_214' title='bbox 1839 4207 2115 4270; x_wconf 70' lang='lat' dir='ltr'><strong>kalendas</strong></span> <span class='ocrx_word' id='word_1_215' title='bbox 2141 4208 2401 4271; x_wconf 73' lang='lat' dir='ltr'><strong>octobris.</strong></span> <span class='ocrx_word' id='word_1_216' title='bbox 2434 4211 2517 4273; x_wconf 82' lang='lat' dir='ltr'><strong>At</strong></span> <span class='ocrx_word' id='word_1_217' title='bbox 2553 4229 2631 4272; x_wconf 85' lang='lat' dir='ltr'><strong>ex</strong></span> <span class='ocrx_word' id='word_1_218' title='bbox 2668 4213 2965 4289; x_wconf 84' lang='lat' dir='ltr'><strong>originali,</strong></span> <span class='ocrx_word' id='word_1_219' title='bbox 2995 4217 3066 4270; x_wconf 87' lang='lat' dir='ltr'><strong>ut</strong></span> <span class='ocrx_word' id='word_1_220' title='bbox 3106 4227 3216 4271; x_wconf 90' lang='lat' dir='ltr'><strong>nos</strong></span> <span class='ocrx_word' id='word_1_221' title='bbox 3255 4212 3487 4271; x_wconf 86' lang='lat' dir='ltr'><strong>monuit</strong></span> <span class='ocrx_word' id='word_1_222' title='bbox 3527 4211 3794 4286; x_wconf 86' lang='lat' dir='ltr'><strong>Kausler,</strong></span> 
     </span>
     <span class='ocr_line' id='line_1_26' title="bbox 977 4311 2087 4392; baseline -0.003 -15"><span class='ocrx_word' id='word_1_223' title='bbox 977 4316 1323 4391; x_wconf 85' lang='lat' dir='ltr'><strong>simpliciter</strong></span> <span class='ocrx_word' id='word_1_224' title='bbox 1350 4311 1608 4374; x_wconf 76' lang='lat' dir='ltr'><strong>kalendis</strong></span> <span class='ocrx_word' id='word_1_225' title='bbox 1635 4315 1951 4392; x_wconf 83' lang='lat' dir='ltr'><strong>legendum</strong></span> <span class='ocrx_word' id='word_1_226' title='bbox 1976 4322 2087 4374; x_wconf 80' lang='lat' dir='ltr'><strong>est.</strong></span> 
     </span>
    </p>
   </div>
   <div class='ocr_carea' id='block_1_12' title="bbox 978 4551 3834 4725">
    <p class='ocr_par' dir='ltr' id='par_1_14' title="bbox 978 4551 3834 4725">
     <span class='ocr_line' id='line_1_27' title="bbox 1049 4551 3834 4627; baseline 0 -20"><span class='ocrx_word' id='word_1_227' title='bbox 1049 4551 1125 4627; x_wconf 77' lang='lat' dir='ltr'><strong>(t)</strong></span> <span class='ocrx_word' id='word_1_228' title='bbox 1162 4551 1252 4609; x_wconf 91' lang='lat' dir='ltr'><strong>Sic</strong></span> <span class='ocrx_word' id='word_1_229' title='bbox 1294 4552 1350 4607; x_wconf 91' lang='lat' dir='ltr'><strong>in</strong></span> <span class='ocrx_word' id='word_1_230' title='bbox 1392 4551 1665 4624; x_wconf 85' lang='lat' dir='ltr'><strong>originali,</strong></span> <span class='ocrx_word' id='word_1_231' title='bbox 1691 4551 1787 4608; x_wconf 85' lang='lat' dir='ltr'><strong>sed</strong></span> <span class='ocrx_word' id='word_1_232' title='bbox 1814 4551 2097 4624; x_wconf 85' lang='lat' dir='ltr'><strong>legendum</strong></span> <span class='ocrx_word' id='word_1_233' title='bbox 2126 4554 2408 4608; x_wconf 75' lang='lat' dir='ltr'><strong>tricesimo.</strong></span> <span class='ocrx_word' id='word_1_234' title='bbox 2437 4554 2645 4627; x_wconf 87' lang='lat' dir='ltr'><strong>Nempe</strong></span> <span class='ocrx_word' id='word_1_235' title='bbox 2676 4553 2915 4611; x_wconf 87' lang='lat' dir='ltr'><strong>notarius</strong></span> <span class='ocrx_word' id='word_1_236' title='bbox 2959 4553 3014 4610; x_wconf 91' lang='lat' dir='ltr'><strong>in</strong></span> <span class='ocrx_word' id='word_1_237' title='bbox 3052 4554 3323 4612; x_wconf 90' lang='lat' dir='ltr'><strong>notatione</strong></span> <span class='ocrx_word' id='word_1_238' title='bbox 3362 4554 3486 4610; x_wconf 90' lang='lat' dir='ltr'><strong>anni</strong></span> <span class='ocrx_word' id='word_1_239' title='bbox 3522 4552 3795 4610; x_wconf 86' lang='lat' dir='ltr'><strong>evidenter</strong></span> <span class='ocrx_word' id='word_1_240' title='bbox 3829 4565 3834 4570; x_wconf 81' lang='grc'><em>·</em></span> 
     </span>
     <span class='ocr_line' id='line_1_28' title="bbox 978 4648 3795 4725; baseline -0.001 -16"><span class='ocrx_word' id='word_1_241' title='bbox 978 4649 1216 4722; x_wconf 87' lang='lat' dir='ltr'><strong>erravit,</strong></span> <span class='ocrx_word' id='word_1_242' title='bbox 1263 4655 1379 4706; x_wconf 89' lang='lat' dir='ltr'><strong>tum</strong></span> <span class='ocrx_word' id='word_1_243' title='bbox 1404 4664 1474 4706; x_wconf 85' lang='lat' dir='ltr'><strong>ex</strong></span> <span class='ocrx_word' id='word_1_244' title='bbox 1502 4648 1805 4706; x_wconf 88' lang='lat' dir='ltr'><strong>indictionis</strong></span> <span class='ocrx_word' id='word_1_245' title='bbox 1829 4663 2053 4706; x_wconf 86' lang='lat' dir='ltr'><strong>numero</strong></span> <span class='ocrx_word' id='word_1_246' title='bbox 2068 4690 2084 4720; x_wconf 82' lang='lat'>,</span> <span class='ocrx_word' id='word_1_247' title='bbox 2120 4653 2233 4705; x_wconf 86' lang='lat' dir='ltr'><strong>tum</strong></span> <span class='ocrx_word' id='word_1_248' title='bbox 2267 4651 2394 4724; x_wconf 91' lang='lat' dir='ltr'><strong>quia</strong></span> <span class='ocrx_word' id='word_1_249' title='bbox 2415 4651 2746 4725; x_wconf 86' lang='lat' dir='ltr'><strong>Berengerus</strong></span> <span class='ocrx_word' id='word_1_250' title='bbox 2772 4668 2912 4710; x_wconf 90' lang='lat' dir='ltr'><strong>anno</strong></span> <span class='ocrx_word' id='word_1_251' title='bbox 2940 4654 3070 4710; x_wconf 72' lang='lat'><strong>⁴22⁴</strong></span> <span class='ocrx_word' id='word_1_252' title='bbox 3114 4651 3349 4710; x_wconf 91' lang='lat' dir='ltr'><strong>nondum</strong></span> <span class='ocrx_word' id='word_1_253' title='bbox 3377 4650 3641 4725; x_wconf 87' lang='lat' dir='ltr'><strong>Spirensis</strong></span> <span class='ocrx_word' id='word_1_254' title='bbox 3673 4649 3795 4724; x_wconf 91' lang='lat' dir='ltr'><strong>epi—</strong></span> 
     </span>
    </p>
   </div>
   <div class='ocr_carea' id='block_1_13' title="bbox 970 4754 1330 4823">
    <p class='ocr_par' dir='ltr' id='par_1_15' title="bbox 970 4754 1330 4823">
     <span class='ocr_line' id='line_1_29' title="bbox 970 4754 1330 4823; baseline -0.014 -14"><span class='ocrx_word' id='word_1_255' title='bbox 970 4764 1172 4823; x_wconf 85' lang='lat' dir='ltr'><strong>scopus</strong></span> <span class='ocrx_word' id='word_1_256' title='bbox 1196 4754 1330 4804; x_wconf 88' lang='lat' dir='ltr'><strong>erat.</strong></span> 
     </span>
    </p>
   </div>
  </div>
 </body>
</html>
