4500 5956
1088 576 1089 579 ¹
1140 589 1264 651 778
2135 592 2570 660 Butuntum
2615 596 2965 662 saeuum
3586 596 3752 683 [An.
3786 598 3964 665 1235.

1143 725 1612 823 compellendo
1639 725 1772 825 (l).
1794 729 2047 802 Verum
2070 750 2261 824 cum,
2285 732 2466 806 sicut
2495 734 2914 830 accepimus,
2949 755 2992 808 a
3023 729 3227 806 vobis
3255 752 3379 829 per
3410 731 3815 826 hujusmodi
3845 734 3968 806 lit-

1141 861 1322 925 teras
1347 850 1578 923 nullus
1602 849 1881 924 habitus
1903 852 1992 924 sit
2013 875 2410 951 processus,
2450 878 2578 930 nos
2607 857 2851 930 merito
2875 854 3247 954 providere
3269 855 3583 929 volentes
3606 876 3697 928 ne
3718 856 3849 950 ipsi
3874 856 3966 930 de

1138 983 1328 1048 tante
1355 974 1752 1047 temeritatis
1772 996 2064 1050 excessu
2087 1034 2105 1065 ,
2145 978 2361 1072 digne
2383 1001 2524 1053 non
2554 981 2779 1054 solum
2809 980 2882 1051 in
2914 979 3221 1072 clericis,
3250 978 3378 1054 sed
3405 979 3614 1052 etiam
3638 979 3712 1051 in
3745 978 3963 1074 laycis

1139 1097 1559 1173 correctione
1583 1097 1786 1172 solita
1819 1099 2169 1194 castigari,
2203 1103 2562 1175 materiam
2584 1103 2889 1177 habeant
2911 1102 3254 1197 gloriandi
3270 1157 3290 1194 ,
3324 1101 3493 1198 quin
3518 1100 3660 1175 imo
3683 1110 3762 1175 nt
3782 1123 3959 1197 pena

1140 1221 1231 1296 de
1262 1222 1585 1318 preterito
1612 1221 1802 1319 ipsos
1836 1233 2077 1297 cautos
2099 1223 2351 1299 efficiat
2379 1225 2475 1300 de
2502 1226 2776 1321 futuro,
2804 1226 2929 1323 qui
2953 1226 3018 1301 si
3045 1226 3284 1302 oculos
3310 1226 3405 1301 ad
3436 1225 3718 1323 superni
3745 1225 3958 1322 equi-

1137 1354 1345 1420 tatem
1368 1344 1629 1439 judicis
1657 1345 2074 1441 erexissent,
2108 1369 2247 1423 nou
2285 1348 2507 1423 filium
2551 1350 2626 1422 in
2665 1350 3209 1449 persecutionem
3241 1348 3413 1424 tanti
3452 1349 3664 1445 patris
3701 1369 3956 1421 accen-

1134 1470 1340 1561 dere,
1391 1468 1519 1546 sed
1548 1489 1673 1565 pro
1706 1468 1897 1544 illins
1929 1469 2378 1569 deprimenda
2412 1474 2763 1571 protervia
2808 1473 3036 1551 omnis
3077 1466 3435 1568 vigilantia
3473 1472 3786 1546 studium
3830 1471 3954 1546 de·

1131 1592 1449 1665 buissent
1512 1593 1743 1689 potius
1802 1592 2293 1693 assumpsisse,
2349 1594 2796 1697 precipiendo
2866 1594 3277 1673 mandamus
3343 1605 3689 1694 quatenus
3747 1618 3955 1692 snper

1130 1712 1485 1813 premissis
1516 1716 1705 1791 circa
1730 1714 2122 1815 episcopos,
2164 1719 2485 1794 abbatem
2512 1730 2579 1795 et
2604 1722 2974 1796 canonicos
3002 1731 3414 1797 memoratos
3430 1775 3450 1812 ,
3482 1741 3747 1794 necnon
3771 1718 3956 1793 circa

1126 1838 1653 1913 Vormacensem
1683 1840 1975 1914 electum
2002 1840 2107 1939 (2)
2149 1851 2219 1917 et
2249 1842 2651 1939 magistrum
2699 1844 3097 1920 Devardum
3145 1845 3554 1919 canonicum
3599 1840 3950 1939 Herbipo-

1128 1962 1416 2055 lensem,
1460 1963 1586 2057 qui
1623 1985 1782 2036 cum
1818 1963 2149 2061 predictis
2187 1969 2685 2063 presumpsisse
2727 1969 2976 2042 similia
3019 1970 3445 2057 referuntur,
3480 1975 3638 2065 post
3668 1986 3960 2062 suscep·

1031 2196 1037 2201 Ι
1128 2086 1383 2160 tionem
1402 2088 1823 2182 presentium
1829 2089 2037 2181 juxta
2058 2090 2367 2187 priorum
2387 2092 2874 2166 continentiam
2889 2093 3262 2166 litterarum
3282 2091 3472 2165 omni
3495 2090 3951 2188 appellatione

806 3178 956 3221 Ani-ss
967 3205 983 3227 .

712 3232 768 3276 26
788 3231 1069 3286 septembris.

1128 2210 1507 2306 postposita
1553 2211 1687 2283 sub
1732 2205 2125 2307 Apostolica
2175 2196 2569 2289 obedientia
2619 2210 3047 2311 procedatis3
3100 2214 3294 2310 quod
3337 2236 3546 2310 snper
3599 2212 3951 2310 premissis

1127 2333 1531 2406 inveneritis
1558 2386 1581 2426 ,
1668 2334 1870 2408 nobis
1957 2336 2207 2409 vestris
2294 2337 2536 2411 litteris
2609 2339 2790 2412 infra
2871 2338 3135 2413 dictum
3210 2337 3581 2413 terminum
3657 2336 3949 2411 fideliter

1123 2458 1546 2552 expressuri.

1222 2581 1474 2655 Datum
1504 2580 1751 2655 Assisii
1766 2636 1786 2670 ,
1821 2581 1979 2658 vm
2011 2581 2339 2659 calendas
2366 2580 2702 2679 octobris,
2736 2583 3180 2682 pontificatus
3211 2583 3428 2659 nostri
3458 2604 3645 2659 anno
3673 2584 3796 2657 IX.

1233 3166 1647 3275 Gregorius
1698 3191 1900 3276 papa
1951 3166 2430 3275 patriarchae
2479 3167 2952 3253 Antiocheno
3007 3167 3332 3252 mandat
3387 3176 3476 3253 ut
3525 3163 3945 3251 rectoribus

1128 3297 1505 3383 societatis
1565 3293 2079 3383 Lombardiae
2142 3297 2518 3384 kalendas
2565 3300 2994 3386 decembris
3043 3300 3394 3412 proximo
3445 3298 3746 3383 futuras
3805 3321 3946 3408 pro

1195 3650 1271 3725 (l)
1309 3650 1388 3708 Cf.
1415 3665 1599 3725 supra,
1630 3666 1686 3724 p.
1717 3653 1844 3720 532,
1872 3645 2081 3710 litteras
2102 3668 2277 3727 papae
2299 3653 2455 3711 datas
2473 3654 2698 3727 Perusii,
2729 3658 2797 3711 ⁴3
2826 3654 3023 3713 martii.

1195 3747 1268 3824 (2)
1304 3747 1384 3806 De
1409 3746 1600 3806 itinere
1639 3743 1876 3807 Landolfl
1919 3745 1988 3808 ad
2034 3749 2243 3808 curiam
2288 3750 2584 3808 Romanam
2626 3750 2765 3809 hanc
2808 3750 3130 3810 mentionem
3161 3747 3429 3809 habemns
3463 3745 3520 3807 in
3555 3746 3756 3807 Annei.
3791 3745 3948 3805 War-

1120 3854 1280 3920 met„
1328 3862 1421 3921 ap.
1461 3848 1767 3921 Βοεωιιι,
1802 3848 2025 3918 Fontes,
2054 3854 2097 3906 t.
2126 3848 2199 3921 Π,
2225 3864 2282 3923 p.
2318 3852 2456 3908 ωδε
2486 3850 2844 3909 «Tr-aditum
2875 3859 3010 3908 vero
3053 3848 3258 3909 domini
3298 3846 3538 3907 landolfi
3573 3847 3816 3923 qiiscopi
3851 3847 3950 3920 qni

1122 3946 1384 4004 honorem
1415 3945 1677 4004 ecclesiae
1701 3960 1836 4004 suae
1866 3945 2098 4004 totaliter
2132 3945 2501 4020 relinquentes
2530 3946 2710 4021 ipsum
2741 3947 3181 4021 insequebantur,
3209 3950 3268 4006 et
3286 3946 3414 4020 qula
3436 3945 3510 4003 ad
3529 3944 3640 4004 boc
3671 3942 3952 4004 &astabant

1121 4043 1265 4117 quod
1286 4042 1536 4101 dominus
1558 4043 1839 4101 Heinricus
1864 4043 1933 4101 de
1955 4042 2188 4101 Catanen
2211 4044 2640 4119 prothonotarius
2656 4044 2816 4119 (idem
2837 4044 3067 4103 fortasse
3089 4044 3156 4101 de
3173 4057 3289 4119 quo
3309 4057 3494 4117 supra,
3514 4057 3571 4115 p.
3598 4043 3724 4114 355,
3748 4046 3859 4098 not.
3888 4041 3942 4113 t)

1121 4155 1155 4196 a
1196 4137 1412 4198 domino
1455 4139 1779 4215 imperatore
1827 4142 2111 4217 episcopus
2145 4139 2559 4200 wormatiensis
2596 4142 3038 4214 constitueretur,
3080 4139 3200 4198 ideo
3236 4135 3515 4197 habebant
3548 4137 3753 4196 litteras
3788 4152 3944 4211 quas-

1123 4249 1354 4309 cumque
1383 4233 1667 4310 volebant,
1707 4239 1889 4296 statim
1926 4236 2294 4312 procurabant
2326 4236 2533 4297 litteras
2573 4233 2646 4297 ad
2680 4235 2825 4298 cives
2855 4242 2919 4296 ut
2955 4234 3232 4297 dominum
3266 4237 3580 4312 episcopum
3621 4251 3655 4293 a
3695 4233 3814 4294 loco
3856 4231 3952 4293 illo

1122 4334 1449 4393 unanimlter
1488 4342 1846 4394 removerent.
1893 4336 2053 4407 Quod
2089 4334 2239 4394 cives
2278 4331 2457 4394 facere
2499 4335 2902 4395 inclusi-unu...
2941 4336 3150 4395 videns
3186 4335 3326 4392 baec
3367 4333 3619 4392 dommus
3662 4332 3950 4408 episcopus

1123 4431 1358 4489 breviter
1391 4447 1454 4489 se
1493 4432 1815 4506 expediens,
1840 4448 1953 4491 uua
1982 4446 2111 4491 cum
2146 4431 2551 4492 venerabilibus
2585 4434 2832 4508 patribus
2867 4433 3088 4493 domino
3120 4432 3365 4492 Conrado
3400 4432 3470 4490 de
3506 4431 3662 4489 Thau
3707 4428 3949 4503 Spirensi

1122 4526 1375 4602 episcopo
1392 4533 1447 4583 et
1470 4527 1687 4586 domIno
1711 4530 2018 4588 Hermanno
2038 4527 2412 4603 Herbipolensi
2433 4529 2708 4604 episcopo,
2723 4530 2817 4605 qui
2840 4529 2897 4587 in
2916 4530 3108 4588 eadem
3130 4528 3506 4603 dampnatione
3528 4532 3706 4597 erant,
3725 4524 3951 4582 accessit

1122 4624 1194 4682 ad
1221 4623 1423 4681 curiam
1444 4624 1760 4683 Romanam.
1780 4644 1809 4678 n
1831 4623 1914 4683 Ex
1938 4623 2132 4684 litteris
2158 4641 2333 4701 papae
2364 4625 2469 4684 iter
2498 4625 2734 4685 Landolfi
2761 4642 2865 4687 non
2891 4633 3016 4686 ante
3040 4624 3202 4686 finem
3226 4624 3536 4687 novembris
3563 4617 3764 4682 mensis
3789 4637 3946 4695 repo·

1123 4720 1357 4780 nendum
1379 4734 1500 4780 essa
1524 4733 1824 4782 censemus.
