4500 5956
984 588 1107 652 866
1995 593 2430 657 rnlnltntct
2480 594 2825 658 saeuum
3421 595 3585 673 [Anu.
3623 594 3797 657 1236.

990 722 1332 813 tersbach,
1374 721 1678 795 decimas
1707 723 1779 796 in
1818 723 2080 798 eisdem
2115 729 2397 822 prefatis
2432 730 2691 801 villulis
2721 750 2802 802 ac
2828 728 2966 802 alia
2996 728 3181 801 bona
3216 749 3344 802 sua
3374 750 3513 823 que
3549 730 3620 801 in
3651 750 3801 823 pre-

991 846 1165 920 senti
1192 851 1380 939 juste
1415 856 1648 919 tenent
1697 856 1767 920 et
1800 848 2155 944 possident
2201 860 2272 924 et
2317 853 2389 924 in
2425 863 2626 926 antea
2652 853 2840 945 justo
2875 851 3347 946 acquisitionis
3384 853 3583 926 titulo
3610 862 3805 948 pote-

989 980 1153 1042 runt
1216 969 1551 1065 adipisci,
1619 972 1754 1044 sub
1813 982 2044 1046 nostra
2107 984 2178 1046 et
2229 974 2501 1071 imperii
2558 975 2977 1071 protectione
3039 976 3428 1071 recepimus
3477 975 3796 1072 speciali3

991 1095 1397 1167 mandantes
1440 1104 1508 1167 et
1555 1094 2004 1191 precipientes
2041 1098 2469 1172 universitati
2507 1107 2735 1174 vestre
2770 1097 3054 1172 firmiter
3092 1110 3164 1171 et
3199 1098 3505 1173 districte
3541 1109 3619 1171 ut
3651 1098 3802 1170 nul·

992 1220 1103 1290 lus
1131 1218 1220 1289 sit
1254 1218 1356 1311 (a)
1388 1219 1511 1312 qui
1549 1219 1930 1316 predictum
1967 1211 2436 1317 prepositum,
2472 1233 2928 1315 conventum,
2969 1222 3463 1297 monasterium
3504 1232 3574 1296 et
3617 1222 3804 1295 bona

991 1344 1297 1437 ipsorum
1355 1351 1589 1415 contra
1648 1346 1982 1439 presentis
2053 1349 2494 1441 protectionis
2550 1358 2851 1423 tenorem
2908 1357 3161 1422 temere
3208 1347 3606 1442 perturbare
3652 1369 3807 1443 pre-

990 1477 1241 1538 sumat.
1281 1466 1486 1551 Quod
1527 1467 1651 1559 qui
1701 1469 2188 1563 presumpserit
2236 1471 2784 1564 indignationem
2819 1471 3033 1545 nostri
3065 1471 3387 1544 culminis
3433 1491 3509 1543 se
3542 1470 3811 1544 noverit

992 1591 1382 1662 iucurrisse.
1438 1589 1550 1664 Ad
1599 1591 1808 1685 hujus
1864 1592 1962 1664 rei
2016 1594 2417 1666 memoriam
2470 1605 2540 1666 et
2595 1595 2808 1667 robur
2865 1595 2938 1665 in
2996 1606 3346 1690 posterum
3392 1595 3802 1681 valiturum,

993 1735 1275 1812 presens
1306 1715 1637 1809 scriptum
1672 1713 1818 1787 fieri
1843 1716 2179 1810 jussimus
2207 1719 2437 1811 sigillo
2474 1729 2706 1792 nostro
2751 1720 3122 1792 munitum.

1088 1841 1340 1911 Datum
1383 1837 1575 1934 apud
1623 1839 2039 1934 Herbipolim
2060 1893 2080 1932 ,
2123 1863 2306 1915 anuo
2347 1841 2693 1916 dominice
2733 1842 3222 1915 incarnationis
3266 1841 3623 1914 millesimo
3678 1841 3810 1914 du·

993 1963 1366 2037 centesimo
1402 1964 1742 2037 tricesimo
1778 1975 2013 2057 sexto,
2062 1987 2300 2040 mense
2332 1967 2536 2060 maii,
2585 1987 2766 2041 none
2801 1965 3220 2041 indictionis.

1425 2280 2589 2293 —mm—--—-.—-—

1095 2543 1561 2650 FridericuS,
1619 2544 2142 2630 Romanorum
2207 2547 2651 2657 imperator,
2707 2547 3180 2632 abbatissam
3233 2559 3307 2632 et
3359 2557 3815 2632 conventum

990 2676 1513 2760 Porcetensem
1558 2676 1784 2787 juxta
1838 2678 2414 2791 Aquisgranum
2468 2705 2645 2764 cum
2689 2681 3052 2765 omnibus
3105 2679 3544 2765 monasterii
3597 2678 3818 2761 bonis

996 2809 1140 2893 sub
1178 2833 1319 2893 sua
1355 2821 1428 2893 et
1462 2809 1759 2920 imperii
1796 2811 2260 2920 protectione
2303 2812 2590 2922 recipit.

1165 3026 1358 3107 (Edit.
1390 3045 1489 3107 ap.
1518 3029 1745 3103 Lumo,
1763 3027 2176 3104 ueremur-cleto,
2204 3036 2255 3094 t.
2282 3031 2510 3106 xvm,
2535 3047 2598 3108 p.
2621 3039 2856 3094 808.—
2879 3030 3071 3106 me,
3093 3027 3292 3093 omli.
3319 3024 3818 3101 von-Bwueloeid,

1243 3152 1306 3212 p.
1337 3135 1504 3213 231.)

1104 3322 1517 3415 Fridericus,
1554 3323 1676 3396 Dei
1709 3324 1928 3417 gratia
1971 3323 2432 3396 Romanorum
2460 3324 2825 3419 imperator
2859 3341 3130 3418 semper
3163 3328 3533 3416 augustus,
3570 3319 3830 3393 Hieru-

1010 3450 1221 3521 salem
1251 3455 1319 3519 et
1348 3446 1577 3518 Sicilie
1610 3467 1763 3520 rex.
1805 3447 1932 3518 Per
1961 3467 2243 3542 presens
2275 3447 2606 3542 scriptum
2639 3456 2879 3520 notum
2918 3445 3067 3519 fieri
3110 3446 3436 3520 volumus
3485 3443 3830 3517 universis

1010 3571 1335 3647 fidelibus
1370 3570 1621 3642 nostris
1653 3572 1923 3666 imperii
1954 3581 2093 3643 tam
2132 3572 2567 3667 presentibus
2599 3594 2811 3669 quam
2838 3571 3089 3644 futuris
3118 3570 3313 3665 quod
3335 3592 3429 3643 ex
3464 3576 3660 3666 parte
3694 3588 3830 3643 ve-

1013 3695 1339 3771 nerabilis
1361 3694 1706 3768 abbatisse
1732 3704 1800 3768 et
1835 3704 2219 3769 conventus
2245 3697 2675 3771 Porcetensis
2697 3698 2902 3789 juxta
2925 3695 3179 3790 Aquis,
3220 3693 3686 3766 cisterciensis
3710 3714 3833 3764 or-

1013 3822 1235 3912 dinis,
1276 3818 1584 3893 fidelium
1626 3828 2044 3910 nostrorum,
2097 3829 2330 3895 nostre
2376 3820 2506 3894 fuit
2537 3820 2933 3894 celsitudini
2980 3819 3332 3891 humiliter
3371 3817 3832 3912 supplicatum

1013 3957 1093 4021 ut
1122 3957 1257 4020 tam
1293 3945 1481 4040 ipsas
1507 3965 1719 4038 quam
1744 3944 2235 4017 monasterium
2258 3952 2327 4016 et
2360 3944 2547 4018 bona
2572 3943 2967 4018 monasterii
3002 3942 3316 4034 ejusdem
3340 3941 3475 4014 sub
3503 3950 3738 4014 nostra
3768 3947 3836 4013 et

1016 4070 1287 4166 imperii
1320 4068 1742 4165 protectione
1764 4068 1856 4141 de
1893 4077 2123 4140 nostra
2151 4064 2371 4163 gratia
2401 4067 2707 4163 mcipere
2734 4066 3207 4161 dignaremur.
3242 4065 3383 4138 Nos
3413 4064 3625 4158 igitur
3651 4064 3834 4159 ipsa·

1018 4217 1175 4268 rum
1196 4193 1470 4268 devotis
1502 4192 2118 4288 supplicationibus
2146 4192 2678 4266 misericorditer
2710 4200 2782 4265 et
2814 4190 3185 4285 benignius
3221 4187 3564 4278 inclinati,
3615 4185 3839 4260 dictas

1020 4317 1436 4391 abbatissam
1499 4327 1569 4389 et
1625 4327 2042 4390 conventum
2101 4316 2342 4392 fideles
2398 4326 2662 4390 nostras
2711 4325 2780 4390 et
2840 4314 3331 4389 monasterium
3392 4312 3620 4406 ipsum
3679 4329 3837 4382 cum

1022 4442 1347 4515 omnibus
1377 4442 1522 4512 suis
1556 4461 1698 4534 que
1740 4441 1809 4511 in
1850 4442 2341 4536 presentiarum
2373 4444 2561 4535 juste
2598 4450 2781 4515 tenet
2811 4450 2878 4515 et
2912 4437 3222 4536 possidet
3253 4446 3495 4531 etque
3527 4434 3601 4507 in
3637 4441 3839 4506 antea

1107 4615 1189 4698 (a)
1231 4618 1552 4680 Erroneam
1592 4621 1911 4681 certissime
1952 4622 2259 4683 lectionem
2288 4625 2472 4683 mere
2495 4616 2761 4701 firmiter
2792 4617 3153 4683 considerare
3185 4612 3384 4678 mum
3415 4613 3523 4687 sit,
3564 4626 3725 4673 nunc
3762 4608 3840 4671 ad

1019 4726 1255 4789 solitam
1282 4724 1534 4787 formam
1559 4726 1914 4789 reducimus.
