4500 5956
1123 613 1245 673 ’100
2157 606 2501 668 rismum
2551 606 2887 666 SEP'rml
3559 612 3726 690 [Anu.
3764 614 3934 675 1234.
4014 698 4026 709 .

1122 741 1525 823 Bernheim
1542 802 1565 847 ,
1608 739 2094 822 Huttenheim
2138 749 2215 822 et
2266 740 2344 819 in
2402 737 2570 819 aliis
2622 737 2973 845 pluribus
3009 739 3504 849 renuncians,
3546 769 3939 827 reservans

1124 882 1380 955 tamen
1426 872 1607 980 jura
1656 872 1735 952 in
1788 872 1969 955 villa
2035 869 2527 955 Gochesheim
2551 929 2574 969 ,
2630 867 3043 954 Wilhelmo
3087 869 3183 952 de
3236 870 3664 981 Wimpina,
3725 874 3939 956 buti-

1125 1003 1369 1111 glario
1403 1004 1499 1086 de
1533 1003 1601 1087 N
1604 1002 2014 1112 urenberg,
2054 1013 2130 1084 et
2177 1002 2347 1083 aliis
2401 1000 2734 1082 scultetis
2769 999 3050 1082 ibidem
3088 1001 3534 1110 designatis,
3576 1006 3936 1115 praecipit

1122 1144 1209 1215 ut
1246 1133 1344 1216 ab
1370 1134 1580 1216 omni
1617 1135 2060 1243 gravamine
2096 1132 2551 1215 abstineant.

1284 1357 1478 1438 (Edit.
1518 1374 1614 1435 ap.
1662 1357 2012 1429 Lunmm,
2059 1355 2268 1436 Antiq.
2315 1351 2513 1415 Poeld.
2537 1396 2557 1427 ,
2595 1371 2654 1430 Ρ.
2696 1362 2836 1415 257.
2866 1386 2948 1399 —-
2986 1354 3223 1427 Lumo,
3252 1352 3667 1433 Res‘cltsarclziv,
3706 1363 3748 1416 t.
3788 1356 3929 1432 VII,

1359 1479 1415 1538 p.
1454 1469 1604 1535 3283
1635 1460 1811 1520 ambo
1837 1477 1979 1519 vero
2008 1476 2312 1535 perperam
2344 1469 2418 1518 23
2439 1452 2726 1518 novembr.
2749 1458 3078 1533 —Knmffi
3107 1457 3397 1539 Antiquit.
3431 1460 3583 1520 Hist.
3611 1461 3931 1539 Francon„

1360 1571 1408 1625 t.
1440 1566 1551 1634 m,
1581 1583 1643 1642 Ρ.
1678 1574 1817 1625 283.
1847 1597 1929 1608 —
1954 1564 2212 1623 Menum.
2245 1565 2440 1636 Boica,
2485 1568 2534 1622 t.
2572 1564 2766 1638 XXX,
2796 1580 2930 1639 pars
2956 1571 3035 1636 1⁸,
3064 1579 3127 1640 Ρ.
3177 1572 3317 1638 221,
3348 1574 3415 1623 n⁰
3451 1574 3592 1644 725,
3622 1582 3699 1625 ex
3745 1569 3933 1644 origi-

1363 1669 1483 1729 nali
1530 1673 1700 1746 cujus
1725 1669 1983 1747 sigillum
2008 1670 2207 1745 periit,
2233 1675 2573 1729 remanente
2603 1674 2768 1744 parte
2799 1668 3034 1728 filorum
3060 1670 3380 1729 sericorum
3404 1669 3568 1729 rubri
3596 1676 3657 1730 et
3682 1670 3932 1731 subflavi

1361 1776 1595 1836 coloris.
1610 1777 2089 1836 -Memoratum
2116 1777 2295 1835 etiam
2319 1792 2396 1835 ex
2421 1775 2710 1835 Leukfeld
2735 1791 2831 1851 ap.
2851 1776 3258 1848 Pras-menn,
3291 1772 3390 1834 Ad
3423 1775 3787 1852 vitriarium,
3807 1782 3854 1835 t.
3876 1777 3928 1850 1,

1358 1896 1422 1955 Ρ.
1461 1879 1664 1958 1180.)

1217 2091 1294 2161 In
1330 2091 1608 2163 nomine
1653 2090 1951 2163 Domini.
1994 2088 2241 2162 Amen.
2293 2089 2650 2162 Heinricus
2674 2142 2695 2181 ,
2748 2089 2874 2161 Dei
2920 2091 3135 2184 gratia
3187 2091 3650 2162 Romanorum
3686 2112 3812 2162 rex
3864 2100 3931 2163 et

1120 2234 1392 2307 semper
1445 2224 1819 2306 augustnS‚
1874 2213 2139 2286 dilectis
2181 2212 2504 2286 fidelibus
2532 2213 2676 2284 suis
2724 2212 3158 2286 Willehelmo
3184 2212 3277 2286 de
3317 2213 3678 2309 Winpina,
3742 2266 3759 2284 .
3824 2269 3840 2284 .
3905 2268 3921 2283 .

1118 2334 1484 2430 butiglario
1519 2335 1607 2409 de
1638 2336 2076 2429 Nurenberg,
2136 2391 2154 2407 .
2218 2390 2236 2406 .
2302 2388 2319 2406 .
2374 2336 2450 2408 in
2480 2336 2915 2429 Rotenburg,
2976 2390 2994 2406 .
3058 2391 3075 2408 .
3138 2389 3156 2406 .
3214 2336 3287 2406 in
3314 2335 3559 2425 Hallis,
3622 2389 3640 2406 .
3704 2388 3722 2406 .
3781 2389 3799 2406 .
3856 2337 3924 2407 in

1120 2460 1572 2548 Swinfurthe‚
1614 2514 1631 2530 .
1656 2513 1673 2530 .
1694 2512 1712 2530 .
1746 2460 1819 2530 in
1846 2458 2300 2552 Kungesberg
2329 2467 2401 2530 et
2437 2511 2454 2527 .
2477 2511 2495 2528 .
2520 2512 2537 2527 .
2571 2458 2643 2529 in
2680 2458 3158 2530 Leukersheim
3197 2459 3504 2530 scultetis
3537 2468 3607 2529 et
3642 2458 3793 2530 aliis
3828 2461 3928 2531 of·

1118 2580 1363 2655 ficiatis
1397 2584 1541 2654 suis
1573 2583 1864 2676 gratiam
1894 2604 2091 2654 suam
2115 2591 2185 2654 et
2217 2602 2422 2653 omne
2456 2581 2742 2654 bonum.
2775 2580 2946 2652 Cum
2972 2580 3263 2653 dilectus
3294 2581 3708 2653 venerabilis
3739 2580 3925 2675 prin-

1117 2727 1278 2800 ceps
1314 2715 1544 2779 noster
1577 2705 1899 2777 dominns
1934 2706 2366 2778 Hermannus
2395 2704 2903 2799 Herbipolensis
2937 2704 3304 2799 episcopus
3342 2704 3601 2798 pluries
3625 2703 3714 2775 sit
3749 2720 3940 2775 con-'

1116 2839 1401 2923 questus
1449 2851 1524 2902 se
1580 2840 1648 2900 et
1701 2850 1865 2901 suos
1920 2849 2045 2925 per
2093 2849 2219 2900 vos
2281 2829 2352 2900 in
2395 2828 2628 2901 multis
2673 2827 2945 2921 fatigari
2988 2835 3058 2898 et
3089 2825 3442 2922 impediri,
3493 2826 3820 2898 videlicet
3852 2827 3924 2900 in

1109 2953 1586 3047 jurisdictione
1611 2973 1739 3024 sua
1768 2953 1927 3026 etin
1955 2952 2137 3024 villis
2155 2951 2680 3046 Damphesdorf,
2709 2949 3183 3041 Gochesheim‚
3211 2948 3517 3038 Urheim,
3534 2948 3920 3041 Bernbeim,

1113 3077 1560 3160 Hutenheim‚
1615 3077 1788 3148 etin
1830 3076 1984 3147 aliis
2019 3076 2333 3170 pluribus
2370 3075 2557 3147 villis
2591 3075 2726 3146 sibi
2768 3084 2837 3147 et
2882 3074 3168 3147 ecclesie
3216 3096 3343 3146 sue
3378 3073 3822 3145 attinentibus
3851 3073 3923 3142 in

1116 3198 1407 3269 servicio
1443 3197 1762 3292 speciali,
1818 3198 1890 3267 in
1935 3197 2102 3270 villa
2137 3197 2573 3268 Tutensteten
2608 3198 2679 3268 in
2713 3221 2852 3293 qua
2885 3199 3153 3271 forense
3182 3196 3462 3290 signum
3490 3205 3592 3268 est
3624 3204 3925 3269 erectum

1115 3328 1352 3392 contra
1382 3327 1614 3390 nostra
1653 3327 1942 3409 statuta,
1981 3319 2052 3390 in
2083 3329 2358 3391 moneta
2392 3328 2559 3414 aput
2601 3320 3026 3410 Swinfurth,
3073 3319 3145 3389 in
3195 3327 3402 3392 strata
3435 3317 3731 3411 ibidem,
3788 3339 3925 3412 que

1114 3442 1496 3514 declinatur
1542 3452 1777 3514 contra
1803 3443 1958 3533 jus,
2011 3442 2081 3513 in
2114 3443 2330 3514 centis
2362 3443 2785 3535 quibuslibet
2813 3443 3108 3515 ducatus
3134 3442 3357 3537 ipsius
3386 3463 3527 3535 que
3574 3449 3924 3513 mutantur

1110 3574 1180 3639 et
1210 3565 1709 3660 impediuntur,
1752 3566 1825 3636 in
1860 3565 2340 3637 vocationibus
2370 3586 2821 3660 personarum
2849 3564 3284 3660 synodalium
3307 3563 3397 3637 ad
3426 3565 3736 3636 civitates
3761 3585 3919 3637 nos·

1109 3700 1252 3762 tras
1286 3699 1355 3761 et
1395 3688 1489 3761 ad
1522 3697 1791 3771 centaS,
1831 3687 1902 3759 in
1930 3709 2141 3760 censu
2169 3689 2581 3760 rusticorum
2614 3690 2737 3784 qui
2768 3688 2999 3762 adhuc
3044 3688 3401 3783 recipitur,
3452 3689 3522 3760 in
3562 3690 3709 3761 foro
3757 3697 3924 3782 aput

1111 3812 1584 3885 Windesheim
1618 3810 1808 3906 quod
1840 3812 2171 3884 hactenus
2203 3811 2611 3906 impeditum
2648 3821 2786 3900 est,
2843 3813 2914 3883 in
2948 3812 3554 3906 pignoracionibus
3580 3833 3719 3905 que
3749 3810 3922 3883 fiunt

1114 3946 1312 4010 extra
1342 3937 1654 4009 civitates
1684 3945 1950 4007 nostras
1985 3935 2057 4006 in
2096 3935 2353 4008 ducatu
2392 3935 2642 4031 ipsius,
2695 3934 2765 4006 in
2806 3935 3071 4025 judicio
3103 3934 3194 4008 de
3229 3935 3451 4007 feodis
3499 3944 3568 4007 et
3600 3935 3920 4030 proprie-

1108 4060 1366 4132 tatibus
1404 4059 1595 4154 quod
1626 4060 1828 4131 vobis
1859 4059 2241 4147 assumitis,
2282 4060 2353 4130 in
2392 4058 2911 4130 detenciouibus
2950 4058 3356 4130 clericorum
3403 4078 3579 4151 quos
3620 4058 3917 4152 compel-

1105 4183 1245 4253 litis
1276 4191 1455 4254 stare
1479 4181 1747 4273 judicio
1778 4181 2099 4271 seculari,
2137 4182 2208 4252 in
2234 4181 2706 4253 exactionibus
2728 4181 2923 4253 factis
2942 4182 3015 4251 in
3046 4182 3388 4272 cenobiis,
3426 4180 3498 4252 in
3525 4179 3918 4251 hominibus

1107 4303 1228 4396 qui
1262 4313 1576 4374 tenentur
1609 4304 1683 4373 in
1713 4303 2145 4394 civitatibuS,
2183 4305 2257 4373 in
2283 4302 2554 4395 judicio
2585 4313 2656 4374 et
2687 4304 2952 4398 placitis
2988 4304 3427 4398 generalibus
3467 4325 3606 4397 que
3640 4303 3712 4373 in
3761 4303 3915 4395 qui·

1105 4423 1401 4495 busdam
1436 4424 1603 4496 locis
1634 4423 1976 4513 indicitis,
2016 4435 2088 4496 et
2116 4424 2186 4494 in
2221 4425 2544 4496 omnibus
2577 4426 3045 4516 libertatibuS,
3078 4425 3676 4519 jurisdictionibus
3710 4434 3781 4498 et
3802 4426 3919 4516 ju-

1105 4544 1299 4615 ribus
1371 4545 1516 4616 snis
1573 4556 1640 4618 et
1700 4537 2053 4636 suorum,'
2084 4567 2222 4638 que
2273 4545 2659 4620 diminuere
2700 4548 3078 4640 videmini3
3133 4570 3260 4621 nos
3309 4550 3651 4620 intuentes
3702 4548 3917 4643 ipsius

1103 4667 1334 4740 fidelia
1363 4669 1696 4765 obsequia
1723 4690 1861 4764 que
1896 4671 2097 4742 nobis
2130 4671 2446 4743 exhibuit
2495 4681 2563 4744 et
2594 4673 2882 4745 exhibet
2930 4675 3384 4762 incessanter,
3432 4672 3917 4745 renunciamus
