4500 5956
1745 634 2360 697 ADDITAMENTA.
3350 636 3474 698 949

652 779 959 841 semotus
1017 789 1176 841 cum
1232 767 1545 841 exercitu
1604 791 1733 842 suo
1785 779 1855 841 et
1909 770 2482 843 Cremonensibus
2538 778 2607 841 et
2659 768 3140 840 parmensibus
3192 779 3261 841 et
3312 769 3466 843 aliis

652 888 842 983 apud
874 889 1167 961 Godium
1202 886 1302 984 (a)
1334 899 1404 961 et
1433 889 1700 964 Voltam
1742 892 2187 966 Mantuanam
2229 902 2418 964 trans
2450 892 2729 965 Mantue
2762 887 2918 986 (sic)
2953 898 3466 966 castrametatus

650 1031 777 1104 per
816 1011 995 1084 duos
1030 1012 1182 1085 dies
1228 1012 1638 1086 devastavit.
1690 1015 1777 1086 Et
1815 1015 1979 1089 inde
2021 1037 2178 1088 cum
2223 1015 2535 1087 exercitu
2575 1014 2765 1109 apud
2813 1014 3264 1088 Marchariam
3310 1038 3465 1088 cas-

652 1142 834 1206 trum
906 1135 1187 1209 Mantue
1245 1137 1597 1230 pervenit,
1663 1146 1733 1209 et
1779 1137 2015 1210 habito
2083 1138 2237 1233 ipso
2295 1147 2514 1210 castro
2577 1137 2768 1232 apud
2822 1137 3117 1209 Mosium
3171 1149 3467 1210 castrum

653 1258 884 1331 Brixie
921 1260 994 1329 iu
1043 1280 1185 1353 quo
1226 1259 1497 1354 pedites
1545 1260 1916 1333 Mediolani
1960 1261 2248 1335 aderant
2294 1262 2709 1356 properavit.
2771 1261 2906 1345 Qui
2949 1260 3218 1355 pedites
3266 1272 3467 1336 nocte

652 1383 970 1476 proxima
1013 1382 1108 1479 (b)
1154 1382 1244 1455 de
1297 1384 1571 1455 castello
1620 1383 2053 1457 absentantes
2106 1383 2284 1457 illud
2331 1384 2722 1478 imperatori
2763 1383 3239 1478 relinquerunt
3280 1385 3457 1483 (sic).

653 1505 738 1576 Et
779 1505 946 1579 inde
1003 1528 1129 1601 per
1184 1506 1653 1601 episcopatum
1709 1508 1989 1581 Mantue
2055 1528 2279 1601 usque
2321 1506 2413 1579 ad
2467 1507 2811 1579 civitatem
2866 1506 3254 1580 devastavit
3302 1532 3465 1583 mo-

654 1650 797 1700 ram
848 1629 945 1702 ibi
995 1629 1254 1701 faciens
1310 1651 1433 1723 per
1489 1629 1614 1703 XV
1658 1628 1833 1702 djae.
1897 1629 1982 1701 Et
2042 1629 2382 1726 impositis
2441 1629 2776 1702 custodiis
2832 1629 2902 1700 in
2958 1629 3125 1724 ipsis
3173 1634 3469 1706 castellis

655 1773 779 1847 per
820 1760 1101 1847 pontem
1149 1752 1239 1826 de
1280 1752 1661 1826 Marcharia
1708 1754 2047 1827 transiens
2095 1754 2291 1826 venit
2343 1751 2768 1825 Cremonam.
2808 1752 2977 1824 Cum
3032 1755 3215 1826 enim
3262 1757 3469 1830 vellet

653 1876 931 1971 Papiam
976 1874 1066 1971 (c)
1128 1875 1501 1970 proficisci,
1558 1876 2106 1950 Mediolanenses
2166 1897 2325 1947 cum
2379 1875 2678 1964 carocio,
2719 1873 3143 1966 Laudenses,
3184 1877 3469 1950 Vercel-

656 1999 903 2088 lenseS,
940 2000 1419 2090 NovarienseS,
1462 1999 1751 2073 Cumani
1780 1999 1904 2096 (d),
1942 1998 2524 2091 Alexandrienses
2567 2009 2637 2071 et
2669 1999 2782 2070 alii
2810 1998 2903 2097 (e)
2935 1999 3127 2094 apud
3156 2001 3466 2075 Laudam

655 2124 941 2216 Vegiam
977 2122 1141 2196 fixis
1190 2125 1566 2220 temptoriis
1597 2126 2027 2223 resistebant.-
2070 2126 2437 2220 Propterea
2485 2125 2839 2212 Paduam,
2884 2125 3260 2214 Vicentini,
3304 2131 3466 2202 Ter-

653 2246 1430 2337 vexani,comesSanct1
1448 2249 1801 2339 Bonifach
1816 2250 2133 2353 marchio
2155 2247 2246 2352 de
2271 2250 2392 2320 Est
2411 2271 2571 2321 cum
2590 2249 2964 2336 veneticis,
2983 2249 3116 2321 illis
3140 2250 3228 2323 de
3247 2253 3469 2326 Feltro

654 2379 723 2441 et
752 2369 1078 2442 Citadella
1116 2380 1182 2442 et
1216 2372 1398 2462 aliis,
1434 2378 1730 2446 cast-rum
1742 2348 2027 2475 Ripalte
2059 2340 2330 2444 verone
2359 2342 2788 2477 obsedebant
2813 2370 2984 2467 (sic).
3014 2373 3258 2446 Unde
3239 2397 3467 2470 impe-

656 2502 838 2565 rator
859 2494 1147 2566 volens
1119 2495 1479 2586 Juvamin'a
1499 2506 1801 2590 prestare
1818 2495 2135 2584 Yzolino,
2158 2517 2395 2568 mense
2418 2470 2815 2569 novembris
2842 2496 3141 2590 proximi
3165 2499 3470 2590 quadam

656 2615 770 2688 die
799 2618 984 2690 circa
1016 2639 1344 2713 vesperas
1379 2627 1608 2691 motus
1642 2641 1685 2692 a
1711 2618 2045 2693 Cremona
2071 2640 2233 2691 cum
2266 2619 2573 2692 exercitu
2606 2619 2944 2691 Veronam
2977 2623 3372 2715 properavit
3404 2632 3473 2695 et

655 2762 810 2812 cum
845 2741 1133 2813 Yzolino
1162 2745 1370 2835 juxta
1401 2745 1782 2817 exercitum
1821 2743 2260 2816 inimicorum
2295 2765 2422 2815 sua
2458 2753 2678 2815 castra
2711 2743 2967 2836 posuit.
3011 2744 3472 2836 Intelligentes

651 2865 962 2938 Paduani
997 2875 1068 2940 et
1113 2867 1320 2940 ceteri
1364 2868 1841 2964 imperatorem
1877 2868 2246 2942 advenisse
2267 2921 2287 2956 ‚
2319 2868 2548 2940 statim
2579 2867 2782 2939 motis
2815 2888 3054 2939 eorum
3093 2870 3471 2963 temptoriis

651 2989 743 3062 ad
787 2990 1065 3085 propria
1096 3001 1428 3087 oeperunt
1455 3014 1783 3066 remeare.
1831 2994 2013 3065 Dum
2051 3002 2285 3066 autem
2324 2992 2427 3063 sic
2461 2992 2886 3083 recederent,
2920 2992 3245 3065 Yzolinus
3281 2996 3472 3088 cogi-

654 3114 824 3185 tavit
882 3114 1235 3188 civitatem
1298 3116 1585 3189 Vicentii
1645 3138 1891 3212 capere
1938 3138 2165 3212 posse.
2226 3116 2652 3189 Festinanter
2721 3138 2881 3188 cum
2927 3117 3074 3189 suis
3137 3116 3473 3192 militibus

652 3238 970 3331 equitans
994 3239 1342 3313 civitatem
1372 3240 1662 3314 Vioentii
1701 3241 2007 3333 intravit,
2032 3248 2401 3336 postquam
2435 3237 2526 3335 (s)
2564 3239 2886 3312 concives
2911 3238 3005 3312 ad
3034 3240 3254 3335 ipsam
3275 3263 3473 3314 acce-

655 3360 893 3434 derent
922 3362 1299 3453 civitatem,
1325 3360 1449 3460 [et]
1478 3365 1707 3459 ignem
1729 3385 2057 3457 magnum
2089 3365 2164 3436 in
2192 3363 2415 3459 ipsam
2441 3363 2792 3436 civitatem
2817 3364 3158 3457 apposuit.
3181 3364 3476 3458 Cognos-

653 3494 885 3557 centes
915 3507 1084 3558 vero
1111 3487 1455 3560 vicentini
1481 3510 1524 3560 a
1556 3489 1761 3582 longe
1788 3509 2026 3562 eorum
2053 3488 2406 3561 civitatem
2438 3496 2707 3582 captam
2738 3487 2910 3578 fore,
2941 3496 3197 3561 terrore
3221 3511 3475 3583 magno

650 3610 987 3704 perterriti
1020 3608 1114 3683 ad
1146 3611 1319 3682 alias
1359 3620 1591 3707 partes
1640 3611 2089 3686 diverterunt.
2134 3611 2403 3685 Eodem
2444 3631 2682 3683 mense
2728 3610 3155 3700 novembriS,
3203 3612 3476 3684 Salien-

652 3755 903 3825 guerra
955 3755 1116 3806 cum
1156 3735 1705 3808 Ferrariensibus
1747 3736 1979 3831 paruit
2025 3734 2368 3808 mandatis
2416 3733 2868 3828 imperatoris.
2918 3733 3241 3805 Similiter
3284 3734 3475 3807 Ghe-

654 3856 801 3927 cius
831 3857 925 3930 de
948 3856 1231 3929 Camino
1264 3878 1424 3929 cum
1456 3857 1615 3930 aliis
1656 3857 1747 3930 de
1794 3858 2074 3931 Camino
2118 3878 2357 3930 eorum
2393 3864 2615 3928 castra
2658 3855 3054 3950 imperatori
3102 3854 3468 3948 dederunt,

654 3978 1129 4076 episcopatum
1173 3980 1467 4054 Trivixii
1502 4004 1728 4076 usque
1769 3980 1863 4055 ad
1904 3981 2255 4053 civitatem
2285 3979 2743 4053 devastantes.
2777 3979 2854 4049 In
2893 3978 3208 4073 proximo
3237 4001 3475 4053 meuse

737 4219 821 4299 (a)
865 4222 939 4282 In
964 4221 1166 4283 codice
1196 4220 1424 4284 Gudim.

735 4324 822 4406 (b)
863 4329 937 4388 In
964 4328 1164 4389 codlee
1187 4330 1476 4403 proximo.

735 4431 811 4511 (c)
854 4434 927 4492 In
956 4434 1155 4495 codice
1173 4435 1388 4514 Papia.

738 4535 824 4614 (cl)
866 4539 940 4599 In
967 4541 1170 4602 codice
1200 4539 1495 4601 Cumanis.

736 4640 813 4722 (e)
854 4645 927 4704 In
955 4647 1156 4707 codice
1180 4643 1331 4707 aliis.

740 4749 831 4829 (f)
877 4752 996 4814 Sic.
1026 4753 1266 4816 Rectius
1284 4760 1486 4816 tamen
1511 4759 1840 4834 antequam.
