4500 5956
556 538 753 596 tamer.
789 533 873 616 7.]
1472 526 1864 589 HISTORIA
1913 523 2496 592 numonm'rmA.
3270 532 3391 595 667

562 690 844 776 proavo
901 687 1041 745 suo
1086 660 1468 743 Friderico
1503 658 1538 741 1
1588 660 2042 769 imperatore
2101 663 2488 745 indultum
2550 661 2951 746 confirmat
2965 724 2989 771 ‚
3037 666 3384 749 eamdem

561 797 825 882 eximit
868 795 969 878 ab
1028 793 1240 877 omni
1297 792 1835 876 advocatorum
1889 795 2284 878 vexatione
2304 859 2328 904 ,
2377 796 2827 906 diversaque
2872 797 3050 906 jura
3102 798 3385 884 ibidem

564 954 919 1040 expressa
970 925 1329 1009 ecclesiae
1362 933 1439 1007 et
1471 926 1856 1008 canonicis
1890 937 2205 1010 renovat
2238 927 2355 1009 vel
2392 927 2761 1011 concedit.

726 1118 935 1197 (Edid.
963 1116 1360 1189 nnnnocms,
1386 1115 1674 1196 antiquit.
1712 1112 1963 1191 Gestar„
1993 1111 2099 1177 lib.
2129 1116 2252 1191 111,
2281 1132 2341 1193 p.
2376 1115 2537 1193 2⁴8.)

659 1281 740 1351 In
784 1278 1066 1352 nomine
1116 1285 1353 1350 sancte
1375 1285 1449 1350 et
1489 1276 1851 1351 individue
1893 1278 2262 1349 Trinitatis.
2311 1277 2670 1349 Heinricus
2720 1279 3053 1372 septimus
3075 1336 3092 1366 ‚
3150 1279 3392 1356 divina

570 1405 841 1476 favente
872 1401 1235 1475 clementia
1266 1402 1728 1473 Romanorum
1767 1422 1898 1473 rex
1936 1409 2008 1473 et
2038 1421 2307 1496 semper
2342 1409 2704 1494 augustus.
2737 1400 2880 1473 Etsi
2917 1402 3227 1474 omnium
3264 1425 3394 1477 ec-

571 1526 930 1599 clesiarum
975 1524 1402 1619 profectibus
1442 1523 1799 1596 intendere
1847 1523 2267 1615 debeamus,
2319 1524 2592 1595 illarum
2637 1534 2867 1597 tamen
2903 1526 3286 1599 commodis
3328 1538 3399 1601 et

574 1648 979 1721 utilitatibus
1012 1668 1142 1720 nos
1176 1646 1507 1719 convenit
1534 1646 1907 1742 specialius
1947 1647 2315 1742 providere
2367 1668 2509 1740 que
2552 1647 2751 1719 nobis
2786 1657 2856 1720 et
2901 1649 3188 1744 imperio
3225 1672 3397 1746 spe—

574 1772 832 1845 cialiter
863 1782 1029 1843 sunt
1060 1771 1410 1845 adstricte.
1453 1769 1629 1841 Hinc
1664 1778 1769 1842 est
1801 1769 1993 1864 quod
2029 1790 2156 1842 nos
2192 1770 2541 1843 universis
2581 1771 3016 1865 presentibus
3047 1782 3116 1844 et
3152 1773 3404 1847 futuris

575 1899 895 1969 volumus
929 1895 1079 1967 fieri
1118 1895 1558 1968 manifestum
1594 1893 1786 1987 quod
1824 1914 1948 1966 nos
1978 1894 2367 1966 libertatem
2392 1903 2464 1966 et
2494 1895 2783 1989 gratiam
2819 1917 2960 1988 que
2993 1897 3273 1990 provisa
3302 1906 3407 1971 est

577 2029 801 2093 nostre
835 2019 1248 2092 Goslariensi
1285 2017 1571 2091 ecclesie
1598 2039 1722 2112 per
1752 2018 2193 2112 privilegium
2227 2019 2468 2112 proavi
2494 2018 2703 2091 nostri
2726 2018 2888 2092 dive
2914 2020 3405 2095 recordationis

576 2143 924 2238 quondam
953 2141 1285 2215 Friderici
1313 2142 1749 2239 imperatoris
1786 2151 2022 2215 contra
2058 2141 2608 2236 importunitates
2643 2144 3057 2238 multiplices
3090 2154 3158 2217 et
3200 2167 3408 2240 pres-

579 2290 770 2340 suras
804 2289 985 2361 quas
1013 2266 1333 2339 advocati
1361 2267 1512 2358 ejus
1559 2266 1630 2338 in
1671 2265 1892 2361 ipsam
1923 2276 2431 2340 consueverant
2455 2286 2817 2360 exercere,
2857 2269 3178 2342 videlicet
3204 2270 3411 2344 here-

579 2392 820 2467 ditates
868 2403 939 2465 et
987 2392 1316 2486 reliquias
1360 2392 1651 2463 litonum
1688 2391 1976 2464 ecclesie
2040 2392 2170 2464 sibi
2217 2401 2455 2465 contra
2501 2392 2848 2484 justiciam
2901 2393 3301 2489 usurpando
3346 2405 3416 2468 et

580 2516 865 2589 locando
898 2537 1180 2589 mansos
1202 2517 1408 2589 novis
1430 2515 1692 2588 colonis
1718 2516 1792 2586 in
1829 2514 2047 2610 ipsius
2083 2516 2374 2589 ecclesie
2409 2514 2869 2611 prejudicium
2902 2524 2972 2588 et
2995 2538 3408 2609 gravamen3

578 2641 973 2713 auctoritate
1006 2640 1198 2734 regia
1230 2641 1321 2714 de
1358 2640 1572 2712 totins
1597 2640 1810 2711 nostri
1843 2639 2111 2713 consilii
2148 2640 2584 2735 providentia
2618 2639 2952 2712 duximus
2987 2639 3415 2713 confirman-

582 2763 776 2856 dam,
821 2765 957 2837 sub
995 2764 1283 2837 obtentu
1321 2764 1539 2859 gratie
1569 2772 1803 2836 nostre
1845 2763 2127 2836 firmiter
2172 2763 2560 2836 inhibentes
2603 2785 2692 2834 ne
2721 2763 2880 2857 quis
2912 2765 3415 2859 cujuscumque

582 2887 989 2961 conditionis
1025 2891 1160 2962 alta
1199 2909 1495 2984 persona
1522 2888 1638 2961 vel
1672 2887 1990 2978 humilis,
2045 2887 2506 2961 ecclesiastica
2551 2887 2662 2959 vel
2708 2886 3096 2980 mundana,
3138 2888 3414 2963 liberta·

584 3014 764 3086 tibus
796 3013 1147 3109 privilegii
1179 3014 1495 3106 ejusdem
1528 3014 1763 3108 aliquo
1800 3014 2008 3087 modo
2041 3013 2375 3107 derogare
2405 3022 2757 3107 presumat
2809 3013 2921 3084 vel
2960 3013 3131 3086 alias
3179 3025 3418 3088 contra

585 3147 886 3211 tenorem
916 3137 1137 3232 ipsius
1177 3137 1542 3210 ecclesiam
1579 3135 1836 3209 audeat
1867 3138 2254 3209 molestare.
2276 3138 2621 3227 preterea,
2667 3135 2848 3207 sicut
2882 3135 2954 3206 in¹
2997 3136 3149 3230 ipso
3191 3137 3419 3231 privi-

587 3261 762 3355 legio
814 3271 1080 3334 constat
1113 3283 1270 3334 esse
1303 3261 1729 3356 prohibitum
1785 3271 1854 3333 et
1910 3270 2269 3353 statutum,
2307 3261 2409 3333 sic
2452 3269 2520 3333 et
2564 3280 2690 3332 nos
2717 3259 2808 3333 de
2835 3280 3020 3333 novo
3052 3262 3441 3346 statuimus⁵

587 3385 970 3458 inhibentes
1002 3394 1117 3474 nt,
1159 3386 1331 3479 quia
1362 3385 1683 3459 advocati
1722 3386 1989 3480 pridem
2027 3385 2120 3458 ad
2153 3385 2595 3458 ecclesiarum
2643 3384 3110 3457 defensionem
3156 3387 3415 3480 provisi

588 3509 736 3581 facti
774 3518 938 3581 sunt
971 3511 1042 3580 in
1077 3510 1426 3604 plerisque
1453 3510 1621 3582 locis
1670 3530 1764 3582 ex
1799 3508 2272 3581 defensoribus
2310 3508 2717 3599 offensores,
2762 3529 2851 3579 ne
2878 3530 3087 3603 super
3121 3508 3306 3580 bona
3340 3509 3414 3581 in

586 3633 814 3706 Werre
838 3655 981 3727 que
1014 3633 1105 3706 ad
1140 3633 1502 3707 ecclesiam
1538 3632 1762 3728 ipsam
1799 3642 2111 3728 spectant
2140 3634 2255 3706 vel
2285 3653 2723 3727 quecumque
2756 3632 2891 3703 alia
2923 3653 3062 3703 non
3089 3630 3412 3704 habentia

589 3757 953 3830 advocatos
974 3810 994 3845 ,
1035 3777 1174 3850 que
1211 3756 1302 3829 ad
1335 3777 1617 3852 presens
1651 3756 1860 3829 habet
1894 3757 2184 3830 ecclesia
2218 3764 2593 3831 memorata
2620 3755 2732 3827 vel
2764 3754 2838 3825 in
2871 3756 3176 3826 futurum
3217 3776 3409 3849 pres-

591 3888 765 3952 tante
793 3881 1091 3953 Domino
1111 3880 1317 3974 justis
1347 3879 1575 3953 modis
1596 3880 1848 3975 poterit
1879 3879 2197 3976 adipisci,
2218 3881 2473 3975 aliquis
2498 3878 2903 3952 admittatur
2916 3887 3037 3948 aut
3055 3878 3273 3972 possit
3291 3889 3412 3951 aut

593 4003 830 4078 debeat
861 4004 1011 4077 fieri
1062 4003 1469 4077 advocatus.
1520 4004 1767 4077 Nullus
1816 4005 2025 4078 etiam
2075 4004 2256 4077 alins
2288 4025 2499 4097 quam
2549 4022 2931 4099 yconomus
2970 4001 3259 4074 ecclesie
3294 4002 3407 4074 cui

593 4130 947 4201 commissa
981 4128 1236 4200 fuerint
1271 4128 1419 4223 ipsa
1456 4128 1675 4217 bona,
1713 4137 2117 4224 potestatem
2145 4127 2396 4201 habeat
2435 4127 2507 4198 in
2546 4125 2681 4198 illis
2712 4124 2979 4219 aliquid
3009 4123 3401 4199 ordinandi.

594 4249 689 4323 Ad
717 4253 850 4324 hec
881 4252 1232 4324 libertates
1261 4252 1515 4346 pariter
1543 4261 1613 4325 et
1629 4253 1924 4324 honores
1949 4273 2306 4325 concessos
2329 4249 2637 4345 predicte
2665 4249 2953 4322 ecclesie
2975 4259 3044 4321 et
3061 4251 3409 4323 canonicis

596 4370 874 4446 illibatos
902 4395 1039 4447 non
1072 4376 1298 4447 solum
1330 4396 1766 4464 conservare,
1803 4376 1929 4448 sed
1956 4377 2161 4448 etiam
2192 4376 2352 4448 totis
2389 4374 2638 4447 nostris
2672 4372 3039 4447 desideriis
3075 4374 3406 4469 ampliare

597 4496 944 4590 volumus;
985 4506 1363 4571 statuentes
1396 4508 1475 4570 ut
1503 4500 1708 4590 juxta
1743 4512 2046 4572 tenorem
2080 4499 2429 4594 privilegii
2460 4499 2742 4572 alterius
2765 4494 2957 4592 quod
2985 4494 3275 4569 indulsit
3302 4499 3405 4571 eis

599 4617 949 4715 imperator
971 4622 1350 4718 predictus,
1386 4623 1460 4695 in
1496 4625 1806 4696 curtibus
1834 4625 2318 4698 claustralibus
2339 4624 2448 4697 vel
2480 4624 2552 4695 in
2588 4622 2909 4696 domibus
2933 4622 3168 4693 nullus
3188 4621 3406 4695 advo-
