4500 5956
532 586 724 645 imur.
760 582 848 658 7.]
1424 579 1818 641 uisi-oum
1866 577 2454 639 mnouATch.
3233 582 3349 646 εει

627 717 923 808 Signum
955 712 1219 787 domiui
1256 711 1553 808 Philippi
1583 712 1874 787 secundi
1899 714 2362 785 Romanorum
2392 712 2578 806 regis
2602 712 3062 786 invictissimi.
3104 713 3355 810 (Mono-

525 836 894 936 qramma.)

621 964 771 1058 Ego
801 957 1167 1033 Cunradus
1198 957 1573 1052 imperialis
1605 957 1766 1031 aule
1799 957 2246 1031 cancellarius
2270 958 2667 1051 recognovi.

624 1086 797 1158 Acta
826 1093 993 1157 sunt
1015 1083 1149 1154 hec
1178 1090 1513 1175 regnante
1553 1080 1839 1154 domino
1878 1081 2193 1176 Philippo
2225 1084 2532 1155 secundo
2579 1084 3067 1177 gloriosissimo
3098 1086 3349 1158 Roma·

533 1230 773 1281 norum
800 1229 1003 1301 rege,
1045 1226 1230 1278 anno
1263 1205 1354 1276 ab
1382 1205 1851 1277 incarnatione
1881 1204 2155 1276 Domini
2180 1204 2387 1294 MCC,
2440 1227 2623 1277 anno
2656 1207 2852 1299 regni
2883 1208 3036 1299 ejus
3073 1210 3293 1281 tertio.

623 1334 871 1404 Datum
899 1352 1026 1427 per
1060 1351 1308 1403 manus
1334 1328 1570 1401 Sifridi
1597 1329 1849 1423 regalis
1878 1330 2036 1402 aule
2060 1329 2591 1424 prothonotarii,
2655 1333 2847 1425 apud
2882 1332 3185 1425 Ulmam,
3229 1334 3349 1405 1111

533 1454 861 1527 kalendas
897 1453 1284 1528 decembris
1305 1508 1324 1538 ,
1358 1452 1736 1526 indictione
1758 1454 1870 1524 111.

621 1578 758 1649 Nos
786 1577 1021 1671 itaque
1051 1574 1483 1649 attendentes
1514 1583 1987 1670 paupertatem
2010 1575 2408 1648 monasterii
2451 1575 2799 1668 prelibati,
2838 1576 3169 1671 prelibato
3192 1599 3348 1673 pre·

534 1700 744 1794 posito
774 1710 847 1772 et
868 1700 1193 1771 fratribus
1217 1698 1504 1772 vivifice
1532 1698 1769 1769 Crucis
1802 1697 1992 1792 apud
2024 1698 2407 1793 Augustam
2433 1698 2925 1791 obligationem
2961 1710 3031 1771 et
3069 1721 3348 1773 conces-

531 1824 784 1895 sionem
812 1825 1063 1896 l'actam
1095 1821 1360 1895 eisdem
1413 1822 1820 1896 auctoritate
1869 1823 2060 1915 regia
2106 1820 2596 1894 confirmamus
2630 1832 2701 1894 et
2751 1824 3083 1918 presentis
3113 1824 3350 1919 scripti

530 1947 903 2041 patrocinio
934 1946 1469 2018 communimus.
1507 1947 1899 2018 Statuentes
1931 1955 2008 2017 ut
2037 1946 2229 2018 nulla
2255 1967 2587 2039 umquam
2614 1966 2909 2041 persona
2929 1947 3214 2020 humilis
3235 1948 3350 2020 vel

528 2071 681 2158 alta,
723 2068 1185 2141 ecclesiastica
1217 2069 1330 2141 vel
1367 2067 1722 2142 mundana
1740 2123 1759 2156 ,
1801 2068 2145 2164 predictos
2184 2068 2607 2165 prepositum
2660 2077 2730 2140 et
2773 2071 3014 2143 fratres
3060 2072 3350 2144 ecclesie

528 2203 871 2285 prenotate
899 2201 1249 2287 presumat
1276 2212 1490 2286 super
1517 2192 1938 2282 obligatione
1967 2202 2038 2265 et
2069 2193 2515 2266 concessione
2554 2214 2636 2263 ac
2670 2202 2902 2264 nostra
2940 2192 3344 2285 hujusmodi

528 2314 1038 2387 confirmatione
1068 2314 1182 2386 vel
1217 2314 1468 2387 audeat
1521 2314 1887 2411 impedire.
1931 2316 2134 2399 Quod
2182 2315 2308 2409 qui
2354 2316 2588 2387 fecerit
2629 2314 3175 2408 indignationem
3222 2318 3347 2391 Dei

526 2448 888 2532 nostreque
936 2435 1367 2510 celsitudinis
1414 2439 1895 2532 gravissimam
1943 2438 2273 2511 offensam
2315 2459 2393 2511 se
2436 2438 2704 2511 noverit
2751 2439 3213 2512 incursurum.
3258 2441 3347 2513 Ut

530 2572 751 2635 autem
785 2584 1077 2658 presens
1104 2564 1360 2657 pagina
1395 2563 1821 2637 inviolabilis
1845 2572 2325 2653 conservetur,
2367 2563 2591 2659 ipsam
2624 2562 2850 2654 sigillo
2884 2572 3114 2636 nostre
3138 2564 3346 2636 celsi-

532 2684 781 2758 tudinis
817 2686 1110 2758 fecimus
1143 2688 1476 2761 roborari.

615 2810 846 2881 Testes
860 2810 1026 2881 sunt
1039 2808 1139 2881 bii
1159 2835 1177 2880 ε
1202 2862 1221 2882 .
1235 2864 1253 2882 .
1265 2865 1283 2883 .
1309 2811 1876 2907 archiepiscopus
1893 2810 2366 2904 Maguntinus,
2384 2808 2811 2902 Eggebertus
2826 2807 3346 2903 Babenbergen-

528 2931 652 3022 sis,
690 2933 1055 3006 Heinricus
1092 2933 1497 3009 Eistetensis
1528 2935 1866 3031 episcopi,
1903 2934 2265 3008 Heinricus
2287 2932 2595 3005 marchio
2617 2931 2708 3005 de
2741 2934 3083 3026 Burgove,
3116 2952 3347 3006 comes

525 3056 749 3150 Egeno
785 3058 875 3132 de
905 3060 1244 3153 Vriburg,
1284 3081 1522 3133 comes
1559 3060 2020 3133 Hartmannus
2053 3059 2144 3133 de
2174 3058 2520 3152 Quiburg,
2581 3078 2812 3130 comes
2840 3056 3220 3132 Ruodolfus
3256 3058 3348 3132 de

526 3181 1091 3276 Raprehtswilar,
1137 3184 1501 3256 Heinricus
1539 3183 1630 3257 de
1663 3182 1922 3273 Nissen,
1966 3192 2037 3257 et
2066 3183 2183 3254 alii
2219 3183 2688 3277 quamplureS.

612 3305 901 3399 Signum
935 3305 1200 3380 domini
1236 3305 1542 3378 Heinrici
1570 3305 1697 3379 Dei
1733 3307 1952 3399 gratia
1977 3308 2438 3379 Romanorum
2471 3306 2654 3400 regis
2687 3303 3148 3377 invictissimi.
3187 3301 3349 3400 (Mo-

527 3430 962 3522 noymmma.)

611 3550 780 3623 Acta
820 3559 983 3623 sunt
1033 3550 1165 3623 bec
1206 3572 1392 3625 anuo
1436 3551 1788 3625 dominice
1837 3552 2325 3625 incarnationis
2344 3553 2440 3627 Μ.
2475 3552 2601 3625 CC.
2630 3553 2978 3645 xxxnll,
3017 3563 3345 3647 regnante

526 3672 770 3746 domno
820 3674 1145 3747 Heinrico
1171 3731 1188 3762 ,
1256 3676 1758 3770 gloriosissimo
1792 3679 2256 3749 Romanorum
2304 3699 2467 3771 rege
2489 3731 2509 3769 ,
2559 3677 2768 3750 tercio
2806 3676 3138 3750 kalendas
3175 3698 3347 3771 sep-

527 3798 822 3889 tembris,
856 3798 1235 3872 indictione
1261 3800 1578 3894 septima.
2847 3811 2850 3814 ’

615 3922 856 3994 Datum
883 3921 1076 4018 apud
1097 3923 1600 4019 Nuoerinberg,
1638 3946 1846 4016 anno,
1886 3946 2146 4016 mense,
2189 3924 2562 3998 indictione
2590 3922 2987 4020 prenotatis,
3023 3921 3334 3995 feliciter.

521 4043 757 4118 Amen.
1268 4055 1273 4060 “

616 4521 984 4607 Henricus
1008 4585 1032 4632 ,
1099 4524 1623 4610 Romanorum
1685 4553 1821 4610 rex
1836 4588 1860 4635 ,
1922 4526 2278 4610 Conrado
2331 4527 2683 4636 episcopo
2734 4526 3335 4610 Hildeshemensi
3442 4550 3696 4658 3:132...

514 4653 769 4737 scribit
822 4657 1213 4766 quomodo
1261 4685 1559 4769 semper
1613 4660 1995 4743 mandatis
2048 4659 2289 4769 patris
2327 4660 2445 4743 sui
2481 4659 2847 4743 obedierit
2889 4670 2964 4742 et
3012 4685 3154 4768 pro
3198 4660 3334 4768 ip-
3403 4659 3432 4701 ²
3449 4659 3730 4711 mmm·-

666 4790 771 4851 lv.
813 4810 929 4856 Pm
954 4813 999 4855 2.
2942 4801 3018 4852 86
