<?xml version="1.0" encoding="UTF-8"?>
<!DOCTYPE html PUBLIC "-//W3C//DTD XHTML 1.0 Transitional//EN"
    "http://www.w3.org/TR/xhtml1/DTD/xhtml1-transitional.dtd">
<html xmlns="http://www.w3.org/1999/xhtml" xml:lang="en" lang="en">
 <head>
  <title>
</title>
<meta http-equiv="Content-Type" content="text/html;charset=utf-8" />
  <meta name='ocr-system' content='tesseract 3.04.00' />
  <meta name='ocr-capabilities' content='ocr_page ocr_carea ocr_par ocr_line ocrx_word'/>
</head>
<body>
  <div class='ocr_page' id='page_1' title='image "./historiadiploma00empegoog_0273.png"; bbox 0 0 4500 5956; ppageno 0'>
   <div class='ocr_carea' id='block_1_1' title="bbox 0 2065 31 2730">
    <p class='ocr_par' dir='ltr' id='par_1_1' title="bbox 0 2065 31 2730">
     <span class='ocr_line' id='line_1_1' title="bbox 0 2065 31 2730; textangle 90"><span class='ocrx_word' id='word_1_1' title='bbox 24 2721 25 2730; x_wconf 25' lang='lat'>,</span> <span class='ocrx_word' id='word_1_2' title='bbox 24 2671 27 2700; x_wconf 86' lang='lat'><em>-</em></span> <span class='ocrx_word' id='word_1_3' title='bbox 0 2213 31 2642; x_wconf 46' lang='lat' dir='ltr'>-r--ffl-——ffl-v&#39;</span> <span class='ocrx_word' id='word_1_4' title='bbox 0 2065 5 2196; x_wconf 43' lang='lat' dir='ltr'>—ff‘</span> 
     </span>
    </p>
   </div>
   <div class='ocr_carea' id='block_1_2' title="bbox 809 620 3634 714">
    <p class='ocr_par' dir='ltr' id='par_1_2' title="bbox 809 620 3634 714">
     <span class='ocr_line' id='line_1_2' title="bbox 809 620 3634 714; baseline -0.002 -21"><span class='ocrx_word' id='word_1_5' title='bbox 809 633 1008 694; x_wconf 66' lang='lat' dir='ltr'>lxma.</span> <span class='ocrx_word' id='word_1_6' title='bbox 1037 626 1124 714; x_wconf 77' lang='grc'>9.]</span> <span class='ocrx_word' id='word_1_7' title='bbox 1709 623 2104 686; x_wconf 77' lang='lat' dir='ltr'>111sTORm</span> <span class='ocrx_word' id='word_1_8' title='bbox 2150 620 2735 686; x_wconf 67' lang='lat' dir='ltr'>nlvnous&#39;rlcs.</span> <span class='ocrx_word' id='word_1_9' title='bbox 3513 623 3634 686; x_wconf 82' lang='lat'>815</span> 
     </span>
    </p>
   </div>
   <div class='ocr_carea' id='block_1_3' title="bbox 807 755 3653 4803">
    <p class='ocr_par' dir='ltr' id='par_1_3' title="bbox 807 755 3653 4803">
     <span class='ocr_line' id='line_1_3' title="bbox 811 755 3622 854; baseline -0.002 -15"><span class='ocrx_word' id='word_1_10' title='bbox 811 774 878 839; x_wconf 75' lang='lat' dir='ltr'>ct</span> <span class='ocrx_word' id='word_1_11' title='bbox 909 762 1147 837; x_wconf 76' lang='lat' dir='ltr'>Sicilie</span> <span class='ocrx_word' id='word_1_12' title='bbox 1173 782 1329 835; x_wconf 82' lang='lat' dir='ltr'>rex.</span> <span class='ocrx_word' id='word_1_13' title='bbox 1369 757 1481 832; x_wconf 87' lang='lat' dir='ltr'>Ad</span> <span class='ocrx_word' id='word_1_14' title='bbox 1517 779 1881 832; x_wconf 91' lang='lat' dir='ltr'>commune</span> <span class='ocrx_word' id='word_1_15' title='bbox 1911 760 2173 832; x_wconf 89' lang='lat' dir='ltr'>bonum</span> <span class='ocrx_word' id='word_1_16' title='bbox 2201 758 2393 854; x_wconf 87' lang='lat' dir='ltr'>pacis</span> <span class='ocrx_word' id='word_1_17' title='bbox 2436 767 2505 831; x_wconf 76' lang='lat' dir='ltr'>et</span> <span class='ocrx_word' id='word_1_18' title='bbox 2539 779 2664 854; x_wconf 85' lang='lat' dir='ltr'>pro</span> <span class='ocrx_word' id='word_1_19' title='bbox 2699 755 3031 853; x_wconf 80' lang='lat' dir='ltr'>sopienda</span> <span class='ocrx_word' id='word_1_20' title='bbox 3037 810 3622 835; x_wconf 88' lang='grc'><strong>........</strong></span> 
     </span>
     <span class='ocr_line' id='line_1_4' title="bbox 811 880 3627 980; baseline -0.001 -20"><span class='ocrx_word' id='word_1_21' title='bbox 811 888 1133 980; x_wconf 75' lang='lat' dir='ltr'>majestas</span> <span class='ocrx_word' id='word_1_22' title='bbox 1158 883 1366 957; x_wconf 85' lang='lat' dir='ltr'>simul</span> <span class='ocrx_word' id='word_1_23' title='bbox 1391 891 1463 955; x_wconf 75' lang='lat' dir='ltr'>et</span> <span class='ocrx_word' id='word_1_24' title='bbox 1492 880 1773 955; x_wconf 80' lang='lat' dir='ltr'>devotio</span> <span class='ocrx_word' id='word_1_25' title='bbox 1787 883 1981 975; x_wconf 82' lang='lat' dir='ltr'>juste</span> <span class='ocrx_word' id='word_1_26' title='bbox 2003 882 2423 955; x_wconf 81' lang='lat' dir='ltr'>conveniunt</span> <span class='ocrx_word' id='word_1_27' title='bbox 2445 892 2517 954; x_wconf 84' lang='lat' dir='ltr'>et</span> <span class='ocrx_word' id='word_1_28' title='bbox 2531 902 2674 954; x_wconf 89' lang='lat' dir='ltr'>non</span> <span class='ocrx_word' id='word_1_29' title='bbox 2694 881 2930 953; x_wconf 89' lang='lat' dir='ltr'>minus</span> <span class='ocrx_word' id='word_1_30' title='bbox 2955 880 3396 956; x_wconf 81' lang='lat' dir='ltr'>concordiam</span> <span class='ocrx_word' id='word_1_31' title='bbox 3418 904 3627 978; x_wconf 88' lang='lat' dir='ltr'>quam</span> 
     </span>
     <span class='ocr_line' id='line_1_5' title="bbox 807 1005 3632 1104; baseline -0.001 -21"><span class='ocrx_word' id='word_1_32' title='bbox 807 1010 1140 1104; x_wconf 80' lang='lat' dir='ltr'>justitiam</span> <span class='ocrx_word' id='word_1_33' title='bbox 1174 1007 1704 1102; x_wconf 79' lang='lat' dir='ltr'>amplectuntur,</span> <span class='ocrx_word' id='word_1_34' title='bbox 1733 1013 1815 1076; x_wconf 88' lang='lat' dir='ltr'>ut</span> <span class='ocrx_word' id='word_1_35' title='bbox 1840 1005 2053 1101; x_wconf 82' lang='lat' dir='ltr'>digna</span> <span class='ocrx_word' id='word_1_36' title='bbox 2084 1006 2175 1078; x_wconf 83' lang='lat' dir='ltr'>sit</span> <span class='ocrx_word' id='word_1_37' title='bbox 2209 1005 2558 1100; x_wconf 78' lang='lat' dir='ltr'>regnantis</span> <span class='ocrx_word' id='word_1_38' title='bbox 2583 1005 2903 1096; x_wconf 79' lang='lat' dir='ltr'>majestas</span> <span class='ocrx_word' id='word_1_39' title='bbox 2933 1013 3006 1076; x_wconf 86' lang='lat' dir='ltr'>et</span> <span class='ocrx_word' id='word_1_40' title='bbox 3039 1005 3368 1100; x_wconf 87' lang='lat' dir='ltr'>principis</span> <span class='ocrx_word' id='word_1_41' title='bbox 3406 1007 3632 1080; x_wconf 83' lang='lat' dir='ltr'>devo-</span> 
     </span>
     <span class='ocr_line' id='line_1_6' title="bbox 812 1128 3627 1228; baseline -0 -23"><span class='ocrx_word' id='word_1_42' title='bbox 812 1133 1017 1206; x_wconf 79' lang='lat' dir='ltr'>tionis</span> <span class='ocrx_word' id='word_1_43' title='bbox 1043 1131 1353 1228; x_wconf 78' lang='lat' dir='ltr'>provisio</span> <span class='ocrx_word' id='word_1_44' title='bbox 1383 1129 1807 1202; x_wconf 81' lang='lat' dir='ltr'>laudabilius</span> <span class='ocrx_word' id='word_1_45' title='bbox 1833 1151 1959 1224; x_wconf 89' lang='lat' dir='ltr'>per</span> <span class='ocrx_word' id='word_1_46' title='bbox 1988 1128 2550 1224; x_wconf 84' lang='lat' dir='ltr'>compositionem</span> <span class='ocrx_word' id='word_1_47' title='bbox 2589 1128 2661 1200; x_wconf 90' lang='lat' dir='ltr'>in</span> <span class='ocrx_word' id='word_1_48' title='bbox 2692 1129 2803 1201; x_wconf 89' lang='lat' dir='ltr'>his</span> <span class='ocrx_word' id='word_1_49' title='bbox 2838 1149 2978 1222; x_wconf 89' lang='lat' dir='ltr'>que</span> <span class='ocrx_word' id='word_1_50' title='bbox 3019 1130 3179 1221; x_wconf 89' lang='lat' dir='ltr'>jure</span> <span class='ocrx_word' id='word_1_51' title='bbox 3214 1130 3472 1203; x_wconf 80' lang='lat' dir='ltr'>feudali</span> <span class='ocrx_word' id='word_1_52' title='bbox 3505 1131 3627 1204; x_wconf 88' lang='lat' dir='ltr'>de·</span> 
     </span>
     <span class='ocr_line' id='line_1_7' title="bbox 813 1251 3630 1347; baseline -0.002 -16"><span class='ocrx_word' id='word_1_53' title='bbox 813 1257 1065 1331; x_wconf 68' lang='lat' dir='ltr'>bantur</span> <span class='ocrx_word' id='word_1_54' title='bbox 1094 1310 1117 1328; x_wconf 83' lang='lat'><strong>.</strong></span> <span class='ocrx_word' id='word_1_55' title='bbox 1148 1308 1173 1326; x_wconf 92' lang='lat'><strong>.</strong></span> <span class='ocrx_word' id='word_1_56' title='bbox 1203 1309 1220 1326; x_wconf 93' lang='lat'><strong>.</strong></span> <span class='ocrx_word' id='word_1_57' title='bbox 1253 1292 1277 1327; x_wconf 88' lang='lat'>.-</span> <span class='ocrx_word' id='word_1_58' title='bbox 1313 1307 1332 1326; x_wconf 91' lang='lat'><strong>.</strong></span> <span class='ocrx_word' id='word_1_59' title='bbox 1369 1307 1389 1325; x_wconf 90' lang='lat'><strong>.</strong></span> <span class='ocrx_word' id='word_1_60' title='bbox 1427 1253 1691 1327; x_wconf 84' lang='lat' dir='ltr'>serenis</span> <span class='ocrx_word' id='word_1_61' title='bbox 1725 1251 2086 1326; x_wconf 82' lang='lat' dir='ltr'>affectibus</span> <span class='ocrx_word' id='word_1_62' title='bbox 2109 1274 2324 1347; x_wconf 88' lang='lat' dir='ltr'>quam</span> <span class='ocrx_word' id='word_1_63' title='bbox 2353 1252 2722 1326; x_wconf 83' lang='lat' dir='ltr'>eminentia</span> <span class='ocrx_word' id='word_1_64' title='bbox 2747 1252 3004 1345; x_wconf 86' lang='lat' dir='ltr'>jurium</span> <span class='ocrx_word' id='word_1_65' title='bbox 3034 1253 3425 1326; x_wconf 86' lang='lat' dir='ltr'>convenire.</span> <span class='ocrx_word' id='word_1_66' title='bbox 3457 1255 3630 1326; x_wconf 86' lang='lat' dir='ltr'>Hinc</span> 
     </span>
     <span class='ocr_line' id='line_1_8' title="bbox 815 1376 3630 1476; baseline -0.001 -23"><span class='ocrx_word' id='word_1_67' title='bbox 815 1390 916 1454; x_wconf 79' lang='lat' dir='ltr'>cst</span> <span class='ocrx_word' id='word_1_68' title='bbox 938 1381 1155 1476; x_wconf 81' lang='lat' dir='ltr'>igitur</span> <span class='ocrx_word' id='word_1_69' title='bbox 1176 1377 1369 1475; x_wconf 79' lang='lat' dir='ltr'>quod</span> <span class='ocrx_word' id='word_1_70' title='bbox 1394 1399 1556 1450; x_wconf 91' lang='lat' dir='ltr'>cum</span> <span class='ocrx_word' id='word_1_71' title='bbox 1587 1376 1710 1450; x_wconf 92' lang='lat' dir='ltr'>diu</span> <span class='ocrx_word' id='word_1_72' title='bbox 1741 1378 2205 1450; x_wconf 84' lang='lat' dir='ltr'>controversia</span> <span class='ocrx_word' id='word_1_73' title='bbox 2223 1377 2427 1450; x_wconf 82' lang='lat' dir='ltr'>suerit</span> <span class='ocrx_word' id='word_1_74' title='bbox 2452 1377 2632 1449; x_wconf 84' lang='lat' dir='ltr'>inter</span> <span class='ocrx_word' id='word_1_75' title='bbox 2650 1395 2894 1448; x_wconf 83' lang='lat' dir='ltr'>nosex</span> <span class='ocrx_word' id='word_1_76' title='bbox 2917 1384 3112 1471; x_wconf 83' lang='lat' dir='ltr'>parte</span> <span class='ocrx_word' id='word_1_77' title='bbox 3143 1398 3281 1450; x_wconf 89' lang='lat' dir='ltr'>una</span> <span class='ocrx_word' id='word_1_78' title='bbox 3315 1387 3384 1449; x_wconf 72' lang='lat' dir='ltr'>et</span> <span class='ocrx_word' id='word_1_79' title='bbox 3416 1377 3630 1451; x_wconf 83' lang='lat' dir='ltr'>dilec-</span> 
     </span>
     <span class='ocr_line' id='line_1_9' title="bbox 815 1498 3630 1599; baseline -0.001 -23"><span class='ocrx_word' id='word_1_80' title='bbox 815 1514 962 1576; x_wconf 79' lang='lat' dir='ltr'>tum</span> <span class='ocrx_word' id='word_1_81' title='bbox 980 1503 1359 1599; x_wconf 85' lang='lat' dir='ltr'>principem</span> <span class='ocrx_word' id='word_1_82' title='bbox 1376 1510 1687 1574; x_wconf 78' lang='lat' dir='ltr'>nostrum</span> <span class='ocrx_word' id='word_1_83' title='bbox 1705 1499 2149 1574; x_wconf 85' lang='lat' dir='ltr'>Bertholdum</span> <span class='ocrx_word' id='word_1_84' title='bbox 2162 1499 2627 1573; x_wconf 83' lang='lat' dir='ltr'>venerabilem</span> <span class='ocrx_word' id='word_1_85' title='bbox 2642 1498 3209 1594; x_wconf 73' lang='lat' dir='ltr'>Arge-utinensem</span> <span class='ocrx_word' id='word_1_86' title='bbox 3228 1502 3630 1597; x_wconf 87' lang='lat' dir='ltr'>episcopum</span> 
     </span>
     <span class='ocr_line' id='line_1_10' title="bbox 817 1622 3627 1722; baseline -0 -23"><span class='ocrx_word' id='word_1_87' title='bbox 817 1648 941 1722; x_wconf 84' lang='lat' dir='ltr'>pro</span> <span class='ocrx_word' id='word_1_88' title='bbox 974 1634 1169 1722; x_wconf 81' lang='lat' dir='ltr'>parte</span> <span class='ocrx_word' id='word_1_89' title='bbox 1197 1646 1327 1698; x_wconf 78' lang='lat' dir='ltr'>sua</span> <span class='ocrx_word' id='word_1_90' title='bbox 1358 1633 1433 1697; x_wconf 85' lang='lat' dir='ltr'>et</span> <span class='ocrx_word' id='word_1_91' title='bbox 1466 1624 1757 1698; x_wconf 76' lang='lat' dir='ltr'>ecclesie</span> <span class='ocrx_word' id='word_1_92' title='bbox 1785 1646 1915 1698; x_wconf 85' lang='lat' dir='ltr'>sue</span> <span class='ocrx_word' id='word_1_93' title='bbox 1943 1645 2037 1697; x_wconf 86' lang='lat' dir='ltr'>ex</span> <span class='ocrx_word' id='word_1_94' title='bbox 2074 1624 2286 1697; x_wconf 84' lang='lat' dir='ltr'>altera</span> <span class='ocrx_word' id='word_1_95' title='bbox 2320 1623 2413 1697; x_wconf 88' lang='lat' dir='ltr'>de</span> <span class='ocrx_word' id='word_1_96' title='bbox 2446 1623 2656 1697; x_wconf 83' lang='lat' dir='ltr'>feudo</span> <span class='ocrx_word' id='word_1_97' title='bbox 2688 1622 2877 1718; x_wconf 92' lang='lat' dir='ltr'>quod</span> <span class='ocrx_word' id='word_1_98' title='bbox 2911 1645 3035 1696; x_wconf 81' lang='lat' dir='ltr'>noe</span> <span class='ocrx_word' id='word_1_99' title='bbox 3069 1645 3196 1719; x_wconf 84' lang='lat' dir='ltr'>pro</span> <span class='ocrx_word' id='word_1_100' title='bbox 3229 1634 3424 1720; x_wconf 81' lang='lat' dir='ltr'>parte</span> <span class='ocrx_word' id='word_1_101' title='bbox 3470 1648 3627 1721; x_wconf 91' lang='lat' dir='ltr'>pro·</span> 
     </span>
     <span class='ocr_line' id='line_1_11' title="bbox 817 1746 3637 1844; baseline 0 -22"><span class='ocrx_word' id='word_1_102' title='bbox 817 1750 1198 1844; x_wconf 79' lang='lat' dir='ltr'>genitorum</span> <span class='ocrx_word' id='word_1_103' title='bbox 1220 1757 1607 1822; x_wconf 67' lang='lat' dir='ltr'>nosu&#39;orum</span> <span class='ocrx_word' id='word_1_104' title='bbox 1628 1748 1703 1819; x_wconf 91' lang='lat' dir='ltr'>in</span> <span class='ocrx_word' id='word_1_105' title='bbox 1725 1747 1931 1820; x_wconf 87' lang='lat' dir='ltr'>bouis</span> <span class='ocrx_word' id='word_1_106' title='bbox 1946 1747 2259 1838; x_wconf 85' lang='lat' dir='ltr'>ejusdem</span> <span class='ocrx_word' id='word_1_107' title='bbox 2278 1746 2564 1820; x_wconf 86' lang='lat' dir='ltr'>ecclesie</span> <span class='ocrx_word' id='word_1_108' title='bbox 2585 1747 3047 1841; x_wconf 76' lang='lat' dir='ltr'>contingebat,</span> <span class='ocrx_word' id='word_1_109' title='bbox 3069 1757 3140 1820; x_wconf 80' lang='lat' dir='ltr'>et</span> <span class='ocrx_word' id='word_1_110' title='bbox 3155 1748 3369 1820; x_wconf 83' lang='lat' dir='ltr'>multa</span> <span class='ocrx_word' id='word_1_111' title='bbox 3394 1750 3637 1822; x_wconf 78' lang='lat' dir='ltr'>fuisset</span> 
     </span>
     <span class='ocr_line' id='line_1_12' title="bbox 818 1870 3634 1967; baseline 0 -23"><span class='ocrx_word' id='word_1_112' title='bbox 818 1893 939 1966; x_wconf 89' lang='lat' dir='ltr'>pro</span> <span class='ocrx_word' id='word_1_113' title='bbox 963 1881 1270 1967; x_wconf 81' lang='lat' dir='ltr'>tempore</span> <span class='ocrx_word' id='word_1_114' title='bbox 1290 1871 1457 1944; x_wconf 86' lang='lat' dir='ltr'>hinc</span> <span class='ocrx_word' id='word_1_115' title='bbox 1484 1870 1657 1944; x_wconf 91' lang='lat' dir='ltr'>inde</span> <span class='ocrx_word' id='word_1_116' title='bbox 1684 1870 2011 1962; x_wconf 78' lang='lat' dir='ltr'>turbatio,</span> <span class='ocrx_word' id='word_1_117' title='bbox 2038 1879 2117 1943; x_wconf 79' lang='lat' dir='ltr'>ut</span> <span class='ocrx_word' id='word_1_118' title='bbox 2149 1871 2328 1943; x_wconf 82' lang='lat' dir='ltr'>felici</span> <span class='ocrx_word' id='word_1_119' title='bbox 2358 1881 2662 1967; x_wconf 84' lang='lat' dir='ltr'>tempore</span> <span class='ocrx_word' id='word_1_120' title='bbox 2692 1880 2924 1943; x_wconf 84' lang='lat' dir='ltr'>nostro</span> <span class='ocrx_word' id='word_1_121' title='bbox 2947 1880 3015 1943; x_wconf 76' lang='lat' dir='ltr'>ct</span> <span class='ocrx_word' id='word_1_122' title='bbox 3038 1871 3294 1944; x_wconf 84' lang='lat' dir='ltr'>diebus</span> <span class='ocrx_word' id='word_1_123' title='bbox 3324 1872 3634 1966; x_wconf 81' lang='lat' dir='ltr'>ejusdem</span> 
     </span>
     <span class='ocr_line' id='line_1_13' title="bbox 817 1991 3642 2100; baseline 0 -32"><span class='ocrx_word' id='word_1_124' title='bbox 817 1995 1117 2091; x_wconf 81' lang='lat' dir='ltr'>episcopi</span> <span class='ocrx_word' id='word_1_125' title='bbox 1140 2003 1530 2091; x_wconf 74' lang='lat' dir='ltr'>pacaretur,</span> <span class='ocrx_word' id='word_1_126' title='bbox 1551 1993 1817 2088; x_wconf 81' lang='lat' dir='ltr'>dignati</span> <span class='ocrx_word' id='word_1_127' title='bbox 1839 2015 2087 2067; x_wconf 83' lang='lat' dir='ltr'>sumus</span> <span class='ocrx_word' id='word_1_128' title='bbox 2108 1993 2458 2100; x_wconf 71' lang='lat' dir='ltr'>inflectere</span> <span class='ocrx_word' id='word_1_129' title='bbox 2477 1994 2814 2086; x_wconf 81' lang='lat' dir='ltr'>animum,</span> <span class='ocrx_word' id='word_1_130' title='bbox 2845 1991 3166 2092; x_wconf 80' lang='lat' dir='ltr'>[nosque]</span> <span class='ocrx_word' id='word_1_131' title='bbox 3193 2005 3264 2067; x_wconf 85' lang='lat' dir='ltr'>et</span> <span class='ocrx_word' id='word_1_132' title='bbox 3289 1994 3473 2072; x_wconf 81' lang='lat' dir='ltr'>idem</span> <span class='ocrx_word' id='word_1_133' title='bbox 3498 1997 3642 2091; x_wconf 80' lang='lat' dir='ltr'>epi-</span> 
     </span>
     <span class='ocr_line' id='line_1_14' title="bbox 817 2116 3644 2215; baseline 0 -24"><span class='ocrx_word' id='word_1_134' title='bbox 817 2139 1069 2215; x_wconf 78' lang='lat' dir='ltr'>scopus</span> <span class='ocrx_word' id='word_1_135' title='bbox 1099 2118 1351 2191; x_wconf 86' lang='lat' dir='ltr'>eadem</span> <span class='ocrx_word' id='word_1_136' title='bbox 1386 2116 1943 2191; x_wconf 79' lang='lat' dir='ltr'>consideratione</span> <span class='ocrx_word' id='word_1_137' title='bbox 1983 2116 2241 2190; x_wconf 76' lang='lat' dir='ltr'>ductus</span> <span class='ocrx_word' id='word_1_138' title='bbox 2282 2117 2378 2191; x_wconf 82' lang='lat' dir='ltr'>ad</span> <span class='ocrx_word' id='word_1_139' title='bbox 2421 2116 2882 2212; x_wconf 79' lang='lat' dir='ltr'>subscriptam</span> <span class='ocrx_word' id='word_1_140' title='bbox 2928 2118 3491 2213; x_wconf 82' lang='lat' dir='ltr'>compositionem</span> <span class='ocrx_word' id='word_1_141' title='bbox 3544 2118 3644 2192; x_wconf 84' lang='lat' dir='ltr'>de</span> 
     </span>
     <span class='ocr_line' id='line_1_15' title="bbox 819 2240 3642 2336; baseline 0 -24"><span class='ocrx_word' id='word_1_142' title='bbox 819 2242 1167 2314; x_wconf 84' lang='lat' dir='ltr'>communi</span> <span class='ocrx_word' id='word_1_143' title='bbox 1190 2251 1263 2315; x_wconf 70' lang='lat' dir='ltr'>et</span> <span class='ocrx_word' id='word_1_144' title='bbox 1282 2241 1582 2335; x_wconf 75' lang='lat' dir='ltr'>gratuita</span> <span class='ocrx_word' id='word_1_145' title='bbox 1600 2242 1957 2314; x_wconf 77' lang='lat' dir='ltr'>voluntate</span> <span class='ocrx_word' id='word_1_146' title='bbox 1974 2240 2209 2313; x_wconf 81' lang='lat' dir='ltr'>debita</span> <span class='ocrx_word' id='word_1_147' title='bbox 2230 2241 2634 2313; x_wconf 65' lang='lat' dir='ltr'>solennitate</span> <span class='ocrx_word' id='word_1_148' title='bbox 2654 2240 3135 2329; x_wconf 70' lang='lat' dir='ltr'>convenimus,</span> <span class='ocrx_word' id='word_1_149' title='bbox 3158 2250 3362 2336; x_wconf 79' lang='lat' dir='ltr'>prout</span> <span class='ocrx_word' id='word_1_150' title='bbox 3386 2241 3642 2335; x_wconf 83' lang='lat' dir='ltr'>legitur</span> 
     </span>
     <span class='ocr_line' id='line_1_16' title="bbox 818 2363 3638 2460; baseline 0.001 -25"><span class='ocrx_word' id='word_1_151' title='bbox 818 2364 889 2436; x_wconf 88' lang='lat' dir='ltr'>in</span> <span class='ocrx_word' id='word_1_152' title='bbox 913 2364 1267 2459; x_wconf 83' lang='lat' dir='ltr'>sequenti.</span> <span class='ocrx_word' id='word_1_153' title='bbox 1293 2365 1519 2437; x_wconf 86' lang='lat' dir='ltr'>Primo</span> <span class='ocrx_word' id='word_1_154' title='bbox 1546 2364 1783 2459; x_wconf 78' lang='lat' dir='ltr'>itaque</span> <span class='ocrx_word' id='word_1_155' title='bbox 1818 2363 2001 2436; x_wconf 86' lang='lat' dir='ltr'>idem</span> <span class='ocrx_word' id='word_1_156' title='bbox 2027 2363 2392 2460; x_wconf 84' lang='lat' dir='ltr'>episcopus</span> <span class='ocrx_word' id='word_1_157' title='bbox 2418 2384 2549 2458; x_wconf 90' lang='lat' dir='ltr'>pro</span> <span class='ocrx_word' id='word_1_158' title='bbox 2564 2372 2757 2458; x_wconf 78' lang='lat' dir='ltr'>parte</span> <span class='ocrx_word' id='word_1_159' title='bbox 2780 2384 2908 2436; x_wconf 79' lang='lat' dir='ltr'>sua</span> <span class='ocrx_word' id='word_1_160' title='bbox 2935 2371 3004 2436; x_wconf 86' lang='lat' dir='ltr'>et</span> <span class='ocrx_word' id='word_1_161' title='bbox 3033 2365 3319 2437; x_wconf 76' lang='lat' dir='ltr'>ecclesie</span> <span class='ocrx_word' id='word_1_162' title='bbox 3345 2386 3474 2438; x_wconf 85' lang='lat' dir='ltr'>sue</span> <span class='ocrx_word' id='word_1_163' title='bbox 3493 2387 3638 2438; x_wconf 79' lang='lat' dir='ltr'>nna</span> 
     </span>
     <span class='ocr_line' id='line_1_17' title="bbox 821 2486 3637 2581; baseline 0.001 -22"><span class='ocrx_word' id='word_1_164' title='bbox 821 2508 974 2559; x_wconf 81' lang='lat' dir='ltr'>cum</span> <span class='ocrx_word' id='word_1_165' title='bbox 1007 2487 1358 2562; x_wconf 87' lang='lat' dir='ltr'>communi</span> <span class='ocrx_word' id='word_1_166' title='bbox 1393 2508 1680 2560; x_wconf 87' lang='lat' dir='ltr'>assensu</span> <span class='ocrx_word' id='word_1_167' title='bbox 1713 2488 1999 2560; x_wconf 75' lang='lat' dir='ltr'>fratrum</span> <span class='ocrx_word' id='word_1_168' title='bbox 2031 2508 2316 2560; x_wconf 74' lang='lat' dir='ltr'>morum</span> <span class='ocrx_word' id='word_1_169' title='bbox 2362 2487 2569 2561; x_wconf 85' lang='lat' dir='ltr'>totins</span> <span class='ocrx_word' id='word_1_170' title='bbox 2605 2486 2925 2581; x_wconf 77' lang='lat' dir='ltr'>capituli,</span> <span class='ocrx_word' id='word_1_171' title='bbox 2970 2488 3307 2559; x_wconf 82' lang='lat' dir='ltr'>concessit</span> <span class='ocrx_word' id='word_1_172' title='bbox 3338 2488 3536 2560; x_wconf 84' lang='lat' dir='ltr'>nobis</span> <span class='ocrx_word' id='word_1_173' title='bbox 3566 2498 3637 2561; x_wconf 84' lang='lat' dir='ltr'>et</span> 
     </span>
     <span class='ocr_line' id='line_1_18' title="bbox 819 2608 3641 2707; baseline 0 -23"><span class='ocrx_word' id='word_1_174' title='bbox 819 2611 1217 2685; x_wconf 75' lang='lat' dir='ltr'>masculinis</span> <span class='ocrx_word' id='word_1_175' title='bbox 1254 2608 1633 2684; x_wconf 81' lang='lat' dir='ltr'>heredibus</span> <span class='ocrx_word' id='word_1_176' title='bbox 1675 2611 1929 2683; x_wconf 86' lang='lat' dir='ltr'>nostris</span> <span class='ocrx_word' id='word_1_177' title='bbox 1966 2609 2043 2682; x_wconf 89' lang='lat' dir='ltr'>in</span> <span class='ocrx_word' id='word_1_178' title='bbox 2089 2620 2498 2707; x_wconf 71' lang='lat' dir='ltr'>perpetuum</span> <span class='ocrx_word' id='word_1_179' title='bbox 2546 2610 2619 2681; x_wconf 88' lang='lat' dir='ltr'>iu</span> <span class='ocrx_word' id='word_1_180' title='bbox 2657 2619 2920 2682; x_wconf 83' lang='lat' dir='ltr'>rectum</span> <span class='ocrx_word' id='word_1_181' title='bbox 2963 2609 3247 2682; x_wconf 76' lang='lat' dir='ltr'>feudum</span> <span class='ocrx_word' id='word_1_182' title='bbox 3290 2611 3641 2685; x_wconf 83' lang='lat' dir='ltr'>civitatem</span> 
     </span>
     <span class='ocr_line' id='line_1_19' title="bbox 819 2731 3642 2831; baseline 0 -23"><span class='ocrx_word' id='word_1_183' title='bbox 819 2734 1225 2808; x_wconf 74' lang='lat' dir='ltr'>Mulhausen</span> <span class='ocrx_word' id='word_1_184' title='bbox 1252 2756 1414 2808; x_wconf 88' lang='lat' dir='ltr'>cum</span> <span class='ocrx_word' id='word_1_185' title='bbox 1436 2737 1597 2829; x_wconf 87' lang='lat' dir='ltr'>jure</span> <span class='ocrx_word' id='word_1_186' title='bbox 1615 2742 2019 2831; x_wconf 77' lang='lat' dir='ltr'>patronatus</span> <span class='ocrx_word' id='word_1_187' title='bbox 2037 2733 2353 2827; x_wconf 83' lang='lat' dir='ltr'>ejusdem</span> <span class='ocrx_word' id='word_1_188' title='bbox 2379 2733 2694 2826; x_wconf 84' lang='lat' dir='ltr'>ecclesie,</span> <span class='ocrx_word' id='word_1_189' title='bbox 2734 2731 3047 2826; x_wconf 85' lang='lat' dir='ltr'>decimis,</span> <span class='ocrx_word' id='word_1_190' title='bbox 3089 2735 3435 2826; x_wconf 85' lang='lat' dir='ltr'>censibus,</span> <span class='ocrx_word' id='word_1_191' title='bbox 3476 2757 3642 2809; x_wconf 82' lang='lat' dir='ltr'>&lt;mm</span> 
     </span>
     <span class='ocr_line' id='line_1_20' title="bbox 819 2856 3631 2954; baseline -0.001 -22"><span class='ocrx_word' id='word_1_192' title='bbox 819 2858 1210 2953; x_wconf 76' lang='lat' dir='ltr'>advocatia,</span> <span class='ocrx_word' id='word_1_193' title='bbox 1259 2858 1568 2954; x_wconf 76' lang='lat' dir='ltr'>judicio,</span> <span class='ocrx_word' id='word_1_194' title='bbox 1630 2858 2072 2951; x_wconf 66' lang='lat' dir='ltr'>nemon-ibae,</span> <span class='ocrx_word' id='word_1_195' title='bbox 2133 2858 2356 2954; x_wconf 62' lang='grc' dir='ltr'>εει-ΞΒ,</span> <span class='ocrx_word' id='word_1_196' title='bbox 2413 2856 2941 2954; x_wconf 77' lang='lat' dir='ltr'>piscationibnS,</span> <span class='ocrx_word' id='word_1_197' title='bbox 2998 2859 3246 2953; x_wconf 79' lang='lat' dir='ltr'>pratis,</span> <span class='ocrx_word' id='word_1_198' title='bbox 3317 2859 3631 2953; x_wconf 87' lang='lat' dir='ltr'>pascuis,</span> 
     </span>
     <span class='ocr_line' id='line_1_21' title="bbox 822 2982 3639 3078; baseline 0 -21"><span class='ocrx_word' id='word_1_199' title='bbox 822 2983 1016 3057; x_wconf 73' lang='lat' dir='ltr'>terris</span> <span class='ocrx_word' id='word_1_200' title='bbox 1050 2984 1254 3057; x_wconf 81' lang='lat' dir='ltr'>cultis</span> <span class='ocrx_word' id='word_1_201' title='bbox 1294 2992 1368 3057; x_wconf 81' lang='lat' dir='ltr'>et</span> <span class='ocrx_word' id='word_1_202' title='bbox 1396 2983 1677 3057; x_wconf 87' lang='lat' dir='ltr'>incultis</span> <span class='ocrx_word' id='word_1_203' title='bbox 1723 2991 1798 3056; x_wconf 82' lang='lat' dir='ltr'>et</span> <span class='ocrx_word' id='word_1_204' title='bbox 1831 3005 1989 3056; x_wconf 89' lang='lat' dir='ltr'>cum</span> <span class='ocrx_word' id='word_1_205' title='bbox 2026 2984 2215 3056; x_wconf 89' lang='lat' dir='ltr'>omni</span> <span class='ocrx_word' id='word_1_206' title='bbox 2260 2983 2551 3055; x_wconf 84' lang='lat' dir='ltr'>utilitate</span> <span class='ocrx_word' id='word_1_207' title='bbox 2597 2990 2968 3078; x_wconf 83' lang='lat' dir='ltr'>apparente</span> <span class='ocrx_word' id='word_1_208' title='bbox 3002 2982 3115 3055; x_wconf 85' lang='lat' dir='ltr'>vel</span> <span class='ocrx_word' id='word_1_209' title='bbox 3152 2983 3406 3055; x_wconf 82' lang='lat' dir='ltr'>latente</span> <span class='ocrx_word' id='word_1_210' title='bbox 3449 3005 3639 3057; x_wconf 85' lang='lat' dir='ltr'>nunc</span> 
     </span>
     <span class='ocr_line' id='line_1_22' title="bbox 820 3103 3648 3204; baseline -0 -22"><span class='ocrx_word' id='word_1_211' title='bbox 820 3109 1158 3183; x_wconf 79' lang='lat' dir='ltr'>existente</span> <span class='ocrx_word' id='word_1_212' title='bbox 1202 3110 1317 3183; x_wconf 82' lang='lat' dir='ltr'>vel</span> <span class='ocrx_word' id='word_1_213' title='bbox 1350 3109 1607 3199; x_wconf 80' lang='lat' dir='ltr'>futura,</span> <span class='ocrx_word' id='word_1_214' title='bbox 1651 3130 1813 3182; x_wconf 87' lang='lat' dir='ltr'>cum</span> <span class='ocrx_word' id='word_1_215' title='bbox 1844 3108 2169 3182; x_wconf 88' lang='lat' dir='ltr'>omnibus</span> <span class='ocrx_word' id='word_1_216' title='bbox 2210 3103 2785 3204; x_wconf 84' lang='lat' dir='ltr'>possessionibus,</span> <span class='ocrx_word' id='word_1_217' title='bbox 2809 3107 3189 3201; x_wconf 79' lang='lat' dir='ltr'>juribuset</span> <span class='ocrx_word' id='word_1_218' title='bbox 3214 3109 3648 3203; x_wconf 80' lang='lat' dir='ltr'>pertinentiis</span> 
     </span>
     <span class='ocr_line' id='line_1_23' title="bbox 821 3226 3640 3324; baseline 0.001 -25"><span class='ocrx_word' id='word_1_219' title='bbox 821 3230 964 3301; x_wconf 87' lang='lat' dir='ltr'>suis</span> <span class='ocrx_word' id='word_1_220' title='bbox 1009 3229 1217 3324; x_wconf 85' lang='lat' dir='ltr'>pleno</span> <span class='ocrx_word' id='word_1_221' title='bbox 1255 3230 1417 3321; x_wconf 85' lang='lat' dir='ltr'>jure</span> <span class='ocrx_word' id='word_1_222' title='bbox 1460 3228 1659 3301; x_wconf 87' lang='lat' dir='ltr'>nobis</span> <span class='ocrx_word' id='word_1_223' title='bbox 1703 3227 1797 3301; x_wconf 87' lang='lat' dir='ltr'>de</span> <span class='ocrx_word' id='word_1_224' title='bbox 1849 3237 2079 3304; x_wconf 81' lang='lat' dir='ltr'>cetero</span> <span class='ocrx_word' id='word_1_225' title='bbox 2129 3226 2646 3323; x_wconf 82' lang='lat' dir='ltr'>possidendam.</span> <span class='ocrx_word' id='word_1_226' title='bbox 2688 3229 2858 3300; x_wconf 80' lang='lat' dir='ltr'>Item</span> <span class='ocrx_word' id='word_1_227' title='bbox 2915 3228 3255 3302; x_wconf 79' lang='lat' dir='ltr'>concessit</span> <span class='ocrx_word' id='word_1_228' title='bbox 3308 3229 3508 3302; x_wconf 76' lang='lat' dir='ltr'>nobis</span> <span class='ocrx_word' id='word_1_229' title='bbox 3565 3230 3640 3302; x_wconf 82' lang='lat' dir='ltr'>in</span> 
     </span>
     <span class='ocr_line' id='line_1_24' title="bbox 822 3349 3647 3445; baseline 0.001 -21"><span class='ocrx_word' id='word_1_230' title='bbox 822 3361 1085 3424; x_wconf 80' lang='lat' dir='ltr'>rectum</span> <span class='ocrx_word' id='word_1_231' title='bbox 1118 3349 1409 3428; x_wconf 83' lang='lat' dir='ltr'>feudum</span> <span class='ocrx_word' id='word_1_232' title='bbox 1445 3359 1751 3425; x_wconf 80' lang='lat' dir='ltr'>castrum</span> <span class='ocrx_word' id='word_1_233' title='bbox 1782 3361 1852 3424; x_wconf 75' lang='lat' dir='ltr'>st</span> <span class='ocrx_word' id='word_1_234' title='bbox 1881 3351 2121 3424; x_wconf 79' lang='lat' dir='ltr'>villam</span> <span class='ocrx_word' id='word_1_235' title='bbox 2138 3350 2498 3425; x_wconf 81' lang='lat' dir='ltr'>Newenbn</span> <span class='ocrx_word' id='word_1_236' title='bbox 2507 3374 2592 3445; x_wconf 81' lang='lat' dir='ltr'>rg</span> <span class='ocrx_word' id='word_1_237' title='bbox 2609 3373 2765 3423; x_wconf 91' lang='lat' dir='ltr'>cum</span> <span class='ocrx_word' id='word_1_238' title='bbox 2789 3351 3174 3426; x_wconf 86' lang='lat' dir='ltr'>advocatiis</span> <span class='ocrx_word' id='word_1_239' title='bbox 3194 3354 3647 3427; x_wconf 85' lang='lat' dir='ltr'>cenobiorum</span> 
     </span>
     <span class='ocr_line' id='line_1_25' title="bbox 822 3472 3649 3570; baseline 0.002 -27"><span class='ocrx_word' id='word_1_240' title='bbox 822 3472 892 3545; x_wconf 89' lang='lat' dir='ltr'>iu</span> <span class='ocrx_word' id='word_1_241' title='bbox 925 3473 1179 3548; x_wconf 83' lang='lat' dir='ltr'>Seldeu</span> <span class='ocrx_word' id='word_1_242' title='bbox 1196 3487 1269 3548; x_wconf 83' lang='lat' dir='ltr'>et</span> <span class='ocrx_word' id='word_1_243' title='bbox 1291 3473 1903 3547; x_wconf 71' lang='lat' dir='ltr'>iuvilmmscellen</span> <span class='ocrx_word' id='word_1_244' title='bbox 1923 3482 1994 3546; x_wconf 76' lang='lat' dir='ltr'>et</span> <span class='ocrx_word' id='word_1_245' title='bbox 2021 3495 2181 3546; x_wconf 82' lang='lat' dir='ltr'>cnm</span> <span class='ocrx_word' id='word_1_246' title='bbox 2198 3475 2362 3566; x_wconf 84' lang='lat' dir='ltr'>jure</span> <span class='ocrx_word' id='word_1_247' title='bbox 2385 3482 2786 3570; x_wconf 80' lang='lat' dir='ltr'>patronatus</span> <span class='ocrx_word' id='word_1_248' title='bbox 2811 3475 3289 3570; x_wconf 83' lang='lat' dir='ltr'>ecclesiarum,</span> <span class='ocrx_word' id='word_1_249' title='bbox 3322 3477 3649 3549; x_wconf 85' lang='lat' dir='ltr'>villarum</span> 
     </span>
     <span class='ocr_line' id='line_1_26' title="bbox 822 3596 3648 3693; baseline 0.001 -25"><span class='ocrx_word' id='word_1_250' title='bbox 822 3597 1081 3670; x_wconf 75' lang='lat' dir='ltr'>scilicet</span> <span class='ocrx_word' id='word_1_251' title='bbox 1114 3596 1624 3690; x_wconf 71' lang='lat' dir='ltr'>Anmutingen,</span> <span class='ocrx_word' id='word_1_252' title='bbox 1660 3597 2016 3691; x_wconf 81' lang='lat' dir='ltr'>Teningen</span> <span class='ocrx_word' id='word_1_253' title='bbox 2047 3606 2118 3671; x_wconf 84' lang='lat' dir='ltr'>et</span> <span class='ocrx_word' id='word_1_254' title='bbox 2149 3597 2632 3688; x_wconf 79' lang='lat' dir='ltr'>Newenburg‚</span> <span class='ocrx_word' id='word_1_255' title='bbox 2668 3608 2741 3671; x_wconf 82' lang='lat' dir='ltr'>et</span> <span class='ocrx_word' id='word_1_256' title='bbox 2767 3598 3156 3693; x_wconf 76' lang='lat' dir='ltr'>quicquid·</span> <span class='ocrx_word' id='word_1_257' title='bbox 3127 3601 3306 3691; x_wconf 67' lang='lat' dir='ltr'>juris</span> <span class='ocrx_word' id='word_1_258' title='bbox 3331 3600 3589 3675; x_wconf 79' lang='lat' dir='ltr'>habet</span> <span class='ocrx_word' id='word_1_259' title='bbox 3569 3623 3648 3672; x_wconf 85' lang='lat' dir='ltr'>m</span> 
     </span>
     <span class='ocr_line' id='line_1_27' title="bbox 824 3718 3653 3817; baseline 0.001 -24"><span class='ocrx_word' id='word_1_260' title='bbox 824 3718 1085 3795; x_wconf 58' lang='lat' dir='ltr'>euoem</span> <span class='ocrx_word' id='word_1_261' title='bbox 1110 3720 1297 3794; x_wconf 80' lang='lat' dir='ltr'>villis</span> <span class='ocrx_word' id='word_1_262' title='bbox 1323 3742 1603 3794; x_wconf 79' lang='lat' dir='ltr'>necnon</span> <span class='ocrx_word' id='word_1_263' title='bbox 1622 3743 1785 3793; x_wconf 85' lang='lat' dir='ltr'>cum</span> <span class='ocrx_word' id='word_1_264' title='bbox 1815 3722 2004 3794; x_wconf 84' lang='lat' dir='ltr'>omni</span> <span class='ocrx_word' id='word_1_265' title='bbox 2023 3725 2206 3815; x_wconf 84' lang='lat' dir='ltr'>jure,</span> <span class='ocrx_word' id='word_1_266' title='bbox 2230 3721 2785 3817; x_wconf 80' lang='lat' dir='ltr'>possessionibus</span> <span class='ocrx_word' id='word_1_267' title='bbox 2807 3732 2878 3795; x_wconf 78' lang='lat' dir='ltr'>et</span> <span class='ocrx_word' id='word_1_268' title='bbox 2903 3722 3333 3817; x_wconf 77' lang='lat' dir='ltr'>pertinentiis</span> <span class='ocrx_word' id='word_1_269' title='bbox 3357 3724 3530 3814; x_wconf 89' lang='lat' dir='ltr'>suis,</span> <span class='ocrx_word' id='word_1_270' title='bbox 3549 3723 3653 3796; x_wconf 78' lang='lat' dir='ltr'>ita·</span> 
     </span>
     <span class='ocr_line' id='line_1_28' title="bbox 826 3842 3649 3940; baseline -0 -23"><span class='ocrx_word' id='word_1_271' title='bbox 826 3843 1028 3937; x_wconf 78' lang='lat' dir='ltr'>plane</span> <span class='ocrx_word' id='word_1_272' title='bbox 1055 3852 1125 3916; x_wconf 84' lang='lat' dir='ltr'>et</span> <span class='ocrx_word' id='word_1_273' title='bbox 1150 3843 1429 3937; x_wconf 78' lang='lat' dir='ltr'>integre</span> <span class='ocrx_word' id='word_1_274' title='bbox 1452 3842 2097 3938; x_wconf 76' lang='lat' dir='ltr'>quemadmodum</span> <span class='ocrx_word' id='word_1_275' title='bbox 2078 3865 2228 3940; x_wconf 73' lang='lat' dir='ltr'>ipse</span> <span class='ocrx_word' id='word_1_276' title='bbox 2258 3855 2326 3917; x_wconf 86' lang='lat' dir='ltr'>et</span> <span class='ocrx_word' id='word_1_277' title='bbox 2347 3843 2631 3917; x_wconf 72' lang='lat' dir='ltr'>ecelcffia</span> <span class='ocrx_word' id='word_1_278' title='bbox 2659 3865 2787 3917; x_wconf 86' lang='lat' dir='ltr'>sua</span> <span class='ocrx_word' id='word_1_279' title='bbox 2819 3864 2901 3915; x_wconf 87' lang='lat' dir='ltr'>ea</span> <span class='ocrx_word' id='word_1_280' title='bbox 2931 3865 3152 3938; x_wconf 80' lang='lat' dir='ltr'>usque</span> <span class='ocrx_word' id='word_1_281' title='bbox 3176 3843 3388 3917; x_wconf 89' lang='lat' dir='ltr'>modo</span> <span class='ocrx_word' id='word_1_282' title='bbox 3408 3855 3649 3917; x_wconf 76' lang='lat' dir='ltr'>tenue-</span> 
     </span>
     <span class='ocr_line' id='line_1_29' title="bbox 826 3963 3648 4062; baseline 0.001 -27"><span class='ocrx_word' id='word_1_283' title='bbox 826 3963 999 4057; x_wconf 86' lang='lat' dir='ltr'>rint,</span> <span class='ocrx_word' id='word_1_284' title='bbox 1039 3967 1359 4062; x_wconf 80' lang='lat' dir='ltr'>exceptis</span> <span class='ocrx_word' id='word_1_285' title='bbox 1395 3967 1965 4043; x_wconf 71' lang='lat' dir='ltr'>ministerialibus</span> <span class='ocrx_word' id='word_1_286' title='bbox 1991 3968 2352 4061; x_wconf 85' lang='lat' dir='ltr'>utriusque</span> <span class='ocrx_word' id='word_1_287' title='bbox 2386 3988 2597 4038; x_wconf 78' lang='lat' dir='ltr'>sexus</span> <span class='ocrx_word' id='word_1_288' title='bbox 2633 3966 2952 4040; x_wconf 81' lang='lat' dir='ltr'>militaris</span> <span class='ocrx_word' id='word_1_289' title='bbox 3000 3966 3437 4039; x_wconf 76' lang='lat' dir='ltr'>conditionis.</span> <span class='ocrx_word' id='word_1_290' title='bbox 3477 3968 3648 4040; x_wconf 83' lang='lat' dir='ltr'>Item</span> 
     </span>
     <span class='ocr_line' id='line_1_30' title="bbox 825 4088 3648 4185; baseline -0 -23"><span class='ocrx_word' id='word_1_291' title='bbox 825 4089 1156 4162; x_wconf 79' lang='lat' dir='ltr'>concessit</span> <span class='ocrx_word' id='word_1_292' title='bbox 1190 4089 1393 4164; x_wconf 86' lang='lat' dir='ltr'>nobis</span> <span class='ocrx_word' id='word_1_293' title='bbox 1427 4089 1505 4162; x_wconf 88' lang='lat' dir='ltr'>iu</span> <span class='ocrx_word' id='word_1_294' title='bbox 1527 4090 1891 4164; x_wconf 72' lang='lat' dir='ltr'>Molsbeim</span> <span class='ocrx_word' id='word_1_295' title='bbox 1916 4100 1987 4164; x_wconf 81' lang='lat' dir='ltr'>et</span> <span class='ocrx_word' id='word_1_296' title='bbox 2021 4089 2360 4163; x_wconf 78' lang='lat' dir='ltr'>Muzeche</span> <span class='ocrx_word' id='word_1_297' title='bbox 2388 4088 2792 4163; x_wconf 74' lang='lat' dir='ltr'>advocatias</span> <span class='ocrx_word' id='word_1_298' title='bbox 2812 4110 2955 4185; x_wconf 90' lang='lat' dir='ltr'>que</span> <span class='ocrx_word' id='word_1_299' title='bbox 2993 4089 3247 4164; x_wconf 76' lang='lat' dir='ltr'>debent</span> <span class='ocrx_word' id='word_1_300' title='bbox 3275 4091 3487 4163; x_wconf 83' lang='lat' dir='ltr'>teneri</span> <span class='ocrx_word' id='word_1_301' title='bbox 3525 4111 3648 4185; x_wconf 85' lang='lat' dir='ltr'>per</span> 
     </span>
     <span class='ocr_line' id='line_1_31' title="bbox 825 4212 3645 4310; baseline 0 -25"><span class='ocrx_word' id='word_1_302' title='bbox 825 4232 946 4285; x_wconf 88' lang='lat' dir='ltr'>nos</span> <span class='ocrx_word' id='word_1_303' title='bbox 973 4222 1043 4285; x_wconf 79' lang='lat' dir='ltr'>et</span> <span class='ocrx_word' id='word_1_304' title='bbox 1068 4212 1357 4286; x_wconf 88' lang='lat' dir='ltr'>heredes</span> <span class='ocrx_word' id='word_1_305' title='bbox 1383 4222 1677 4305; x_wconf 82' lang='lat' dir='ltr'>nostros,</span> <span class='ocrx_word' id='word_1_306' title='bbox 1705 4213 1805 4287; x_wconf 86' lang='lat' dir='ltr'>ita</span> <span class='ocrx_word' id='word_1_307' title='bbox 1830 4213 2156 4289; x_wconf 84' lang='lat' dir='ltr'>videlicet</span> <span class='ocrx_word' id='word_1_308' title='bbox 2181 4213 2376 4309; x_wconf 88' lang='lat' dir='ltr'>quod</span> <span class='ocrx_word' id='word_1_309' title='bbox 2403 4212 2744 4310; x_wconf 85' lang='lat' dir='ltr'>quicquid</span> <span class='ocrx_word' id='word_1_310' title='bbox 2771 4214 2890 4286; x_wconf 67' lang='lat' dir='ltr'>vei</span> <span class='ocrx_word' id='word_1_311' title='bbox 2923 4213 3528 4307; x_wconf 70' lang='lat' dir='ltr'>qualitercumque.</span> <span class='ocrx_word' id='word_1_312' title='bbox 3553 4233 3645 4285; x_wconf 78' lang='lat' dir='ltr'>ex:</span> 
     </span>
     <span class='ocr_line' id='line_1_32' title="bbox 821 4335 3647 4434; baseline 0.001 -29"><span class='ocrx_word' id='word_1_313' title='bbox 821 4335 970 4426; x_wconf 71' lang='lat' dir='ltr'>eius</span> <span class='ocrx_word' id='word_1_314' title='bbox 990 4337 1105 4410; x_wconf 73' lang='lat' dir='ltr'>vel</span> <span class='ocrx_word' id='word_1_315' title='bbox 1132 4360 1371 4410; x_wconf 85' lang='lat' dir='ltr'>earum</span> <span class='ocrx_word' id='word_1_316' title='bbox 1402 4338 1830 4434; x_wconf 86' lang='lat' dir='ltr'>pertinentiis</span> <span class='ocrx_word' id='word_1_317' title='bbox 1858 4347 2180 4411; x_wconf 81' lang='lat' dir='ltr'>exactum</span> <span class='ocrx_word' id='word_1_318' title='bbox 2212 4338 2420 4411; x_wconf 84' lang='lat' dir='ltr'>fuerit</span> <span class='ocrx_word' id='word_1_319' title='bbox 2452 4338 2568 4411; x_wconf 84' lang='lat' dir='ltr'>vel</span> <span class='ocrx_word' id='word_1_320' title='bbox 2603 4337 3016 4434; x_wconf 81' lang='lat' dir='ltr'>acquisitum</span> <span class='ocrx_word' id='word_1_321' title='bbox 3062 4358 3185 4434; x_wconf 80' lang='lat' dir='ltr'>per</span> <span class='ocrx_word' id='word_1_322' title='bbox 3215 4358 3348 4410; x_wconf 86' lang='lat' dir='ltr'>nos</span> <span class='ocrx_word' id='word_1_323' title='bbox 3373 4336 3484 4410; x_wconf 80' lang='lat' dir='ltr'>vel</span> <span class='ocrx_word' id='word_1_324' title='bbox 3523 4359 3647 4434; x_wconf 87' lang='lat' dir='ltr'>per</span> 
     </span>
     <span class='ocr_line' id='line_1_33' title="bbox 825 4458 3646 4558; baseline 0.001 -29"><span class='ocrx_word' id='word_1_325' title='bbox 825 4458 1149 4533; x_wconf 70' lang='lat' dir='ltr'>officiales</span> <span class='ocrx_word' id='word_1_326' title='bbox 1184 4470 1479 4549; x_wconf 76' lang='lat' dir='ltr'>nostros,</span> <span class='ocrx_word' id='word_1_327' title='bbox 1503 4461 1682 4534; x_wconf 80' lang='lat' dir='ltr'>inter</span> <span class='ocrx_word' id='word_1_328' title='bbox 1714 4482 1847 4534; x_wconf 87' lang='lat' dir='ltr'>nos</span> <span class='ocrx_word' id='word_1_329' title='bbox 1867 4470 1938 4534; x_wconf 81' lang='lat' dir='ltr'>et</span> <span class='ocrx_word' id='word_1_330' title='bbox 1963 4460 2292 4534; x_wconf 87' lang='lat' dir='ltr'>eumdem</span> <span class='ocrx_word' id='word_1_331' title='bbox 2322 4462 2729 4558; x_wconf 78' lang='lat' dir='ltr'>episcopum</span> <span class='ocrx_word' id='word_1_332' title='bbox 2760 4461 2876 4535; x_wconf 74' lang='lat' dir='ltr'>vel</span> <span class='ocrx_word' id='word_1_333' title='bbox 2907 4461 3120 4534; x_wconf 85' lang='lat' dir='ltr'>alium</span> <span class='ocrx_word' id='word_1_334' title='bbox 3151 4462 3275 4555; x_wconf 75' lang='lat' dir='ltr'>qui</span> <span class='ocrx_word' id='word_1_335' title='bbox 3310 4483 3430 4555; x_wconf 91' lang='lat' dir='ltr'>pro</span> <span class='ocrx_word' id='word_1_336' title='bbox 3468 4473 3646 4533; x_wconf 80' lang='lat' dir='ltr'>tem-</span> 
     </span>
     <span class='ocr_line' id='line_1_34' title="bbox 828 4582 3648 4679; baseline 0.001 -26"><span class='ocrx_word' id='word_1_337' title='bbox 828 4601 992 4675; x_wconf 83' lang='lat' dir='ltr'>pore</span> <span class='ocrx_word' id='word_1_338' title='bbox 1029 4582 1236 4656; x_wconf 79' lang='lat' dir='ltr'>fuerit</span> <span class='ocrx_word' id='word_1_339' title='bbox 1255 4584 1591 4679; x_wconf 78' lang='lat' dir='ltr'>equaliter</span> <span class='ocrx_word' id='word_1_340' title='bbox 1616 4582 1992 4660; x_wconf 83' lang='lat' dir='ltr'>dividetur.</span> <span class='ocrx_word' id='word_1_341' title='bbox 2018 4584 2420 4657; x_wconf 75' lang='lat' dir='ltr'>Reservavit</span> <span class='ocrx_word' id='word_1_342' title='bbox 2447 4585 2734 4679; x_wconf 88' lang='lat' dir='ltr'>insuper</span> <span class='ocrx_word' id='word_1_343' title='bbox 2779 4585 2849 4655; x_wconf 90' lang='lat' dir='ltr'>in</span> <span class='ocrx_word' id='word_1_344' title='bbox 2884 4583 3148 4657; x_wconf 88' lang='lat' dir='ltr'>eisdem</span> <span class='ocrx_word' id='word_1_345' title='bbox 3185 4584 3367 4657; x_wconf 83' lang='lat' dir='ltr'>villis</span> <span class='ocrx_word' id='word_1_346' title='bbox 3414 4585 3543 4656; x_wconf 91' lang='lat' dir='ltr'>sibi</span> <span class='ocrx_word' id='word_1_347' title='bbox 3579 4593 3648 4656; x_wconf 80' lang='lat' dir='ltr'>et</span> 
     </span>
     <span class='ocr_line' id='line_1_35' title="bbox 827 4706 3651 4803; baseline 0.001 -28"><span class='ocrx_word' id='word_1_348' title='bbox 827 4706 1339 4779; x_wconf 83' lang='lat' dir='ltr'>successoribus</span> <span class='ocrx_word' id='word_1_349' title='bbox 1376 4706 1525 4780; x_wconf 81' lang='lat' dir='ltr'>suis</span> <span class='ocrx_word' id='word_1_350' title='bbox 1552 4708 1669 4800; x_wconf 85' lang='lat' dir='ltr'>jus</span> <span class='ocrx_word' id='word_1_351' title='bbox 1716 4717 2149 4803; x_wconf 86' lang='lat' dir='ltr'>patronatus,</span> <span class='ocrx_word' id='word_1_352' title='bbox 2194 4708 2534 4801; x_wconf 84' lang='lat' dir='ltr'>decimas,</span> <span class='ocrx_word' id='word_1_353' title='bbox 2578 4709 2852 4803; x_wconf 85' lang='lat' dir='ltr'>aliaque</span> <span class='ocrx_word' id='word_1_354' title='bbox 2893 4710 3048 4802; x_wconf 86' lang='lat' dir='ltr'>jura</span> <span class='ocrx_word' id='word_1_355' title='bbox 3081 4730 3218 4803; x_wconf 89' lang='lat' dir='ltr'>que</span> <span class='ocrx_word' id='word_1_356' title='bbox 3248 4707 3359 4781; x_wconf 90' lang='lat' dir='ltr'>sui</span> <span class='ocrx_word' id='word_1_357' title='bbox 3405 4706 3651 4803; x_wconf 87' lang='lat' dir='ltr'>prede-</span> 
     </span>
    </p>
   </div>
  </div>
 </body>
</html>
