4500 5956
820 1578 947 1631 Apud

752 1631 992 1683 Augustam
1005 1666 1018 1687 ,

815 1684 950 1739 Julio.

1122 612 1243 673 892
2114 610 2541 671 FRIDERICI
2589 609 2933 671 SECUNDI
3562 613 3729 692 [Anu.
3768 616 3936 679 1236.

1130 748 1201 817 in
1251 745 1485 838 aliquo
1524 745 1908 816 molestare.
1958 743 2163 829 Quod
2193 745 2616 839 quicumque
2651 742 3143 839 presumpserit
3190 742 3734 837 indignationem
3780 771 3939 823 nos-

1127 878 1300 939 tram
1330 877 1397 939 et
1433 867 1701 961 imperii
1735 888 1810 938 se
1838 868 2103 940 noverit
2140 869 2438 961 graviter
2472 868 2937 939 incursurum.

1225 991 1473 1063 Datum
1501 990 1574 1060 in
1605 990 1844 1063 castris
1882 991 1955 1061 in
1989 991 2249 1085 prediis
2278 991 2624 1084 Auguste,
2659 990 2881 1062 XXIII
2909 988 3092 1080 julii,
3136 989 3254 1060 lx·
3288 988 3703 1066 indictionis.

1224 1572 1649 1655 Fridericus
1666 1633 1689 1679 ,
1756 1571 2279 1654 Romanorum
2349 1570 2790 1679 imperator,
2865 1596 3004 1679 pro
3065 1570 3355 1653 devotis
3419 1571 3738 1656 servitiis
3803 1572 3928 1653 ci-

1118 1706 1329 1788 vium
1383 1703 2001 1812 Maguntinorum
2069 1703 2177 1784 eis
2249 1703 2575 1812 gratiam
2639 1701 2818 1786 facit
2862 1712 2949 1785 ut
2989 1703 3254 1786 nullus
3302 1713 3513 1786 extra
3556 1705 3929 1788 civitatem

1118 1863 1248 1920 eos
1286 1836 1384 1918 ad
1423 1861 1650 1918 suum
1678 1834 2054 1943 judicium
2090 1835 2391 1917 trahere
2425 1837 2707 1943 possit,
2755 1834 2902 1916 nisi
2943 1834 3023 1915 in
3069 1835 3363 1918 civitate
3401 1862 3541 1918 sua
3574 1862 3923 1947 conque-

1114 1969 1458 2053 rentibus
1492 1968 1589 2050 de
1624 1968 1809 2076 ipsis
1835 1966 2210 2075 justitiam
2245 1967 2784 2077 denegaverint
2816 1966 3197 2051 exhibere.

1273 2182 1544 2261 (Edlder.
1574 2181 1839 2254 Omna,
1860 2177 2100 2241 Samml.
2130 2180 2345 2242 ver-sch.
2363 2179 2605 2271 Nacler„
2628 2187 2679 2243 t.
2699 2184 2751 2255 Ι,
2772 2200 2834 2260 p.
2853 2184 3587 2257 422.—Hmss131.nm,
3607 2180 3917 2263 Diplomat.

1348 2285 1592 2347 Beweiss
1627 2284 1724 2346 des
1764 2284 1970 2347 hames
2004 2283 2279 2360 uolunt„
2310 2291 2359 2347 t.
2389 2287 2443 2361 1,
2474 2302 2537 2363 p.
2586 2294 2728 2362 401,
2775 2297 2842 2347 n⁰
2869 2287 3100 2366 XXVI,
3137 2304 3211 2349 ex
3252 2291 3422 2365 copia
3454 2289 3827 2351 collationata
3858 2291 3920 2348 in

1343 2393 1631 2467 archivo.)

1200 2580 1278 2649 In
1318 2577 1597 2650 nomine
1632 2584 1869 2647 sancte
1902 2587 1972 2646 et
2002 2573 2374 2647 individue
2408 2574 2779 2647 Trinitatis.
2828 2574 3215 2647 Fridericus
3256 2574 3639 2666 secundus,
3684 2575 3915 2648 divina

1102 2706 1381 2775 favente
1416 2701 1773 2773 clementia
1802 2700 2265 2771 Romanorum
2309 2700 2680 2794 imperator
2716 2721 2987 2793 semper
3027 2709 3400 2792 augustus,
3442 2700 3815 2772 Jerusalem
3852 2710 3918 2771 et

1099 2825 1330 2897 Sicilie
1359 2845 1512 2896 rex.
1557 2822 1957 2895 Liberalitas
1991 2822 2377 2916 principum
2416 2832 2485 2894 et
2521 2821 2904 2915 augustalis
2952 2823 3168 2914 gloria
3202 2821 3558 2916 dignitatis
3586 2832 3754 2895 tunc
3797 2844 3916 2895 ex-

1100 2950 1454 3023 cellentius
1495 2947 1729 3020 rutilat
1769 2947 1844 3018 in
1887 2945 2212 3037 subjectis
2241 2956 2312 3018 et
2346 2945 2624 3019 devotio
2669 2944 3134 3037 subjectorum
3170 2966 3337 3019 cura
3380 2946 3531 3039 (sic)
3565 2945 3786 3036 surgit
3823 2943 3915 3018 ad

1098 3072 1429 3165 obsequia
1461 3071 1913 3165 promptiora,
1953 3093 2111 3142 cum
2146 3090 2266 3142 eos
2313 3070 2592 3165 respicit
2626 3069 3061 3163 providentia
3109 3067 3527 3142 dominantis
3553 3091 3696 3164 qua
3730 3070 3914 3142 nulla

1096 3216 1206 3266 res
1236 3202 1342 3266 est
1372 3193 1810 3266 favorabilior
1845 3193 2098 3287 populo
2130 3190 2465 3266 beneficio
2501 3193 2855 3265 libertatis.
2902 3194 3077 3264 Hinc
3103 3201 3210 3265 est
3242 3192 3478 3286 itaque
3512 3191 3705 3285 quod
3754 3213 3909 3286 pre·

1096 3317 1271 3389 senti
1316 3316 1569 3408 scripto
1628 3316 1896 3387 noverit
1948 3336 2228 3410 presens
2272 3325 2420 3387 etas
2467 3325 2535 3387 et
2587 3318 2817 3388 futura
2875 3316 3235 3410 posteritas
3284 3314 3474 3409 quod
3522 3336 3648 3388 nos
3692 3325 3909 3388 atten—

1097 3440 1338 3513 dentes
1370 3438 1624 3510 devota
1668 3448 1736 3509 et
1773 3436 2004 3509 fidelia
2043 3437 2324 3510 servitia
2358 3459 2497 3532 que
2532 3440 2721 3511 cives
2765 3439 3146 3532 Maguntini
3186 3437 3424 3511 fideles
3466 3439 3676 3510 nostri
3722 3460 3763 3511 a
3793 3457 3909 3509 re-

1092 3561 1371 3636 troactis
1429 3561 1854 3656 temporibus
1903 3560 2090 3633 divis
2137 3560 2452 3652 augustis
2498 3582 2634 3634 avo
2686 3574 2919 3634 nostro
2966 3562 3311 3634 Friderico
3344 3571 3416 3633 et
3458 3562 3640 3658 patri
3682 3569 3907 3635 nostro

1091 3686 1384 3760 Henrico
1446 3687 1904 3758 Romanorum
1962 3683 2488 3779 imperatoribus
2533 3686 2862 3757 memorie
2912 3682 3309 3777 recolende,
3366 3694 3595 3757 nostre
3632 3705 3907 3779 quoque

1092 3808 1430 3904 majestati
1462 3807 1935 3881 exhibuerunt
1970 3807 2304 3880 hactenus
2338 3815 2576 3901 etque
2612 3809 3031 3881 incessanter
3059 3807 3390 3880 exhibent
3424 3817 3493 3879 et
3527 3830 3668 3902 que
3707 3808 3905 3881 nobis

1090 3944 1159 4007 et
1192 3933 1444 4006 nostris
1473 3932 1848 4005 heredibus
1880 3932 2212 4004 exhibere
2243 3940 2567 4026 poterunt
2600 3931 2925 4025 gratiora,
2965 3931 3056 4003 de
3086 3932 3321 4004 innata
3358 3930 3903 4004 mansuetudinis

1090 4065 1321 4129 nostre
1358 4057 1578 4148 gratia
1607 4077 1750 4149 qua
1800 4055 2289 4128 consuevimus
2323 4055 2502 4127 bene
2532 4055 2790 4126 meritis
2831 4054 3283 4149 respondere,
3320 4053 3582 4127 eisdem
3632 4052 3901 4126 civibus

1086 4178 1508 4272 Maguntinis
1538 4186 1870 4250 eteorum
1902 4177 2163 4249 civitati
2205 4179 2411 4250 talem
2447 4178 2735 4271 gratiam
2775 4176 3109 4249 duximus
3141 4176 3525 4249 faciendam
3560 4186 3638 4249 ut
3670 4176 3899 4249 nullus

1087 4302 1406 4396 princeps
1439 4300 1789 4392 secularis,
1841 4299 2032 4393 dux,
2070 4301 2402 4392 marchio,
2437 4301 2888 4394 lantgravius,
2930 4322 3158 4373 comes
3198 4301 3311 4372 vel
3346 4301 3513 4372 alter
3534 4299 3760 4393 judex
3790 4321 3898 4372 se·

1088 4422 1364 4512 calaris,
1397 4422 1800 4515 advocatus,
1834 4425 2164 4496 scultetus
2195 4426 2348 4497 sive
2369 4424 2593 4516 judex
2625 4435 2748 4498 aut
2781 4425 3089 4498 minister
3117 4424 3460 4520 predictos
3488 4425 3674 4497 cives
3703 4433 3897 4498 extra

1086 4546 1432 4617 civitatem
1462 4567 1656 4616 suam
1686 4546 1900 4639 possit
1932 4545 2201 4619 trahere
2232 4546 2327 4619 ad
2359 4569 2561 4620 snum
2583 4548 2924 4641 judicium
2955 4551 3065 4621 vel
3096 4550 3166 4620 in
3202 4570 3320 4623 eos
3344 4548 3894 4642 jurisdictionem

1084 4691 1279 4744 suam
1317 4667 1689 4743 extendere
1715 4670 1826 4740 vel
1853 4690 2202 4762 exercere,
2243 4672 2438 4744 salva
2471 4672 2544 4743 in
2572 4672 2895 4745 omnibns
2923 4673 3310 4748 reverentia
3332 4682 3401 4746 et
3418 4672 3918 4764 jurisdictionew
