4500 5956
844 624 1041 684 lsmcr.
1072 623 1161 700 9.]
1739 619 2135 681 HISTORIA
2183 620 2767 684 DIPLOMA'rch.
3546 622 3666 684 865

935 757 1082 849 Fr„
1125 757 1247 829 Dei
1292 755 1522 849 gracia
1552 755 2012 828 Romanorum
2058 751 2429 849 imperator
2460 776 2730 850 semper
2768 764 3139 848 augustus,
3184 757 3557 828 Jerusalem
3594 765 3663 828 et

843 879 1070 953 Sicilie
1112 901 1275 969 rex,
1335 878 1680 950 universis
1721 887 2071 972 proeentes
2109 877 2368 949 litteras
2412 878 2853 972 inspecturis,
2907 880 3231 954 fidelibus
3271 880 3449 970 suiS,
3503 901 3661 972 gra-

843 1005 1005 1076 tiam
1047 1025 1247 1077 suam
1294 1011 1364 1074 et
1403 1021 1608 1073 omne
1649 1000 1937 1072 bonum.
1986 1000 2419 1095 Supplicavit
2467 1002 2857 1074 celsitudini
2903 1015 3130 1076 nostre
3167 1003 3525 1098 Philippus
3571 1002 3661 1075 de

843 1128 1259 1219 Hohenvels,
1309 1125 1602 1199 dilectus
1629 1123 1853 1197 fidelis
1890 1131 2146 1214 noster,
2183 1132 2260 1195 ut
2297 1146 2423 1197 nos
2459 1126 2667 1199 feuda
2715 1128 2979 1218 omnia,
3023 1149 3161 1221 que
3194 1128 3345 1222 ipse
3384 1149 3425 1198 a
3461 1126 3660 1200 nobis

842 1259 911 1321 et
955 1249 1246 1345 imperio
1288 1258 1525 1321 tenere
1577 1247 1981 1334 dinoscitur,
2045 1244 2185 1320 filio
2231 1268 2361 1320 suo
2406 1248 2533 1322 Ph.
2591 1259 2660 1321 et
2712 1248 2850 1322 filie
2899 1271 3024 1322 sue
3086 1250 3470 1339 Elisabeth,
3520 1271 3658 1321 non

842 1386 1069 1447 tamen
1107 1374 1179 1445 iu
1207 1372 1670 1468 prejudicium
1702 1371 2025 1463 filiorum,
2059 1370 2119 1443 si
2156 1393 2338 1466 quos
2374 1373 2443 1444 in
2475 1384 2820 1470 posterum
2856 1376 3083 1470 ipsum
3119 1396 3448 1469 generare
3485 1395 3662 1445 con-

843 1498 1136 1591 tingeret
1164 1498 1538 1591 legitimos,
1586 1494 1968 1569 concedere
2011 1496 2483 1589 dignaremur,
2523 1509 2593 1570 et
2623 1499 2684 1570 si
2723 1499 2946 1593 ipsum
2994 1499 3143 1570 sine
3187 1498 3380 1593 prole
3424 1497 3658 1592 aliqua

843 1623 1138 1719 premori
1178 1622 1644 1716 contingeret,
1680 1619 1771 1694 ad
1810 1620 2102 1693 heredes
2133 1620 2479 1712 legitimos
2522 1622 2751 1696 redire
2793 1622 3122 1695 deberent
3174 1621 3380 1694 feuda
3419 1642 3659 1716 supra-

844 1743 1054 1818 dicta.
1105 1745 1245 1819 Nos
1290 1766 1455 1819 vero
1498 1746 1646 1818 suis
1696 1744 2016 1840 precibus
2064 1744 2404 1835 inclinati,
2460 1744 2550 1816 de
2599 1746 2831 1817 innata
2880 1746 3081 1817 nobis
3129 1744 3660 1817 mansuetudine

845 1866 988 1940 filio
1016 1888 1145 1941 suo
1170 1869 1438 1961 prefato
1467 1867 1932 1941 concessimus
1963 1875 2032 1939 et
2069 1866 2208 1939 filie
2236 1888 2363 1939 sue
2391 1866 2805 1961 possidenda
2838 1868 3141 1961 legitime
3186 1877 3340 1961 post
3374 1876 3659 1939 mortem

845 1990 1064 2086 ipsius
1103 1992 1313 2064 feuda
1348 2000 1751 2082 memorata,
1784 2000 1854 2063 et
1890 1991 1949 2062 si
1993 1987 2294 2062 eundem
2342 1992 2495 2062 sine
2537 1992 2725 2086 prole
2760 1992 3061 2085 legitima
3098 1991 3395 2085 premori
3443 1993 3661 2063 couti-

845 2115 1059 2207 gerit,
1100 2116 1445 2209 legitimos
1492 2114 1779 2188 redeant
1813 2113 1906 2187 ad
1952 2114 2266 2188 heredes.
2310 2114 2419 2186 Ad
2469 2115 2679 2206 hujus
2728 2116 2959 2208 itaque
3011 2116 3471 2188 concessionis
3505 2137 3662 2187 me-

848 2234 1160 2329 moriam,
1215 2259 1497 2334 presens
1538 2237 1868 2333 scriptum
1913 2238 2047 2310 sibi
2079 2237 2227 2310 fieri
2247 2238 2581 2330 jussimus
2608 2240 2830 2332 sigillo
2866 2249 3095 2312 nostro
3141 2239 3510 2310 munitum.

940 2364 1190 2435 Datum
1235 2371 1404 2457 aput
1444 2362 1906 2456 Herbipolim,
1945 2383 2130 2435 anno
2182 2361 2526 2434 dominice
2579 2363 3066 2435 incarnationis
3118 2363 3481 2435 millesimo
3529 2363 3662 2435 du-

848 2486 1213 2559 centesimo
1242 2485 1600 2559 trecesimo
1634 2493 1858 2577 sexto,
1900 2506 2135 2560 mense
2163 2483 2404 2574 madii,
2446 2507 2629 2558 none
2663 2486 3083 2559 indictionis.

951 3063 1409 3176 FridericUS,
1465 3067 1987 3155 Romanorum
2039 3073 2481 3182 imperator,
2521 3072 3036 3182 praepositum
3091 3082 3166 3155 et
3209 3082 3666 3156 conventum

848 3204 1286 3286 monasterii
1321 3204 1402 3285 in
1443 3203 1756 3288 Selbold
1791 3232 1969 3289 cum
2006 3207 2364 3290 omnibus
2401 3232 2667 3290 eorum
2713 3205 2976 3312 boniS,
3026 3233 3357 3315 quorum
3410 3233 3667 3315 quae-

848 3336 1029 3419 dam
1065 3346 1643 3445 enumerantur,
1683 3338 1830 3422 sub
1866 3365 2007 3422 sua
2042 3350 2116 3423 et
2149 3340 2442 3449 imperii
2480 3339 2941 3449 protectione
2967 3340 3255 3448 recipit.

1006 3550 1200 3631 (Edit.
1241 3569 1339 3630 ap.
1379 3553 1660 3626 Wmcn,
1707 3551 1996 3615 Bessi-tolet
2036 3552 2484 3637 Mndaqam,
2529 3564 2590 3617 2·
2627 3573 2795 3635 pars,
2837 3555 3361 3629 urkundenbuch,
3410 3572 3471 3632 p.
3519 3563 3663 3629 153,

1081 3667 1149 3718 n⁰
1170 3657 1469 3738 CXVIII.)

940 3839 1364 3936 Fridericus,
1400 3844 1535 3936 ,Dei
1576 3847 1797 3940 gratia
1839 3847 2298 3921 Romanorum
2352 3849 2716 3944 imperator
2760 3869 3027 3942 semper
3079 3856 3451 3941 augustus,
3509 3846 3667 3918 Hie-

847 3966 1145 4039 rusalem
1190 3977 1259 4040 et
1310 3968 1540 4040 Sicilie
1577 3990 1703 4043 rex
1709 4024 2135 4043 ......
2191 3974 2481 4045 salutem
2531 3981 2600 4044 et
2633 3993 2838 4044 omne
2884 3973 3171 4043 bonum.
3214 3972 3340 4043 Per
3386 3991 3662 4065 presens

846 4090 1176 4186 scriptum
1224 4101 1464 4164 notum
1514 4113 1667 4166 esse
1719 4095 2041 4167 volumus
2098 4096 2443 4168 universis
2486 4095 2752 4190 imperii
2804 4094 3131 4167 fidelibus
3180 4103 3314 4166 tam
3373 4116 3661 4189 presen-

847 4213 1033 4287 tibus
1077 4237 1288 4309 quam
1323 4217 1572 4290 futuris
1601 4218 1800 4312 quod
1854 4240 2013 4306 nos,
2061 4219 2302 4293 divine
2333 4220 2604 4316 pietatis
2649 4219 2904 4291 intuitu
2958 4238 3098 4312 quo
3147 4238 3471 4312 personas
3520 4221 3663 4291 Deo

847 4336 1110 4411 dicatas
1143 4341 1575 4435 respicimus,
1614 4343 2078 4415 venerabilem
2112 4343 2532 4438 prepositum
2567 4351 2637 4416 et
2684 4351 3100 4415 conventum
3144 4341 3537 4413 monasterii
3590 4342 3663 4413 in

847 4462 1149 4553 Selbold,
1194 4465 1681 4536 monasterium
1714 4466 1978 4560 ipsum,
2025 4467 2260 4539 villam
2287 4468 2488 4560 juxta
2516 4468 2719 4539 sitam
2765 4465 3010 4538 eodem
3055 4452 3334 4535 nomine
3363 4464 3552 4537 etad
3583 4487 3668 4539 ea

848 4585 1283 4679 pertinentia,
1332 4588 1595 4661 scilicet
1633 4589 2191 4682 Hattengesesse,
2241 4590 2663 4680 Witterams,
2704 4585 3137 4678 Gunsrodes,
3192 4586 3664 4677 Lobberbach,

848 4708 1073 4779 Mietla
1095 4763 1113 4794 ‚
1172 4709 1519 4804 Miroldis,
1562 4714 1864 4803 Heilers,
1920 4712 2337 4786 Geilnhusen
2347 4767 2777 4786 ......
2829 4723 2902 4786 et
2953 4722 3220 4807 partem
3272 4711 3363 4784 de
3403 4711 3669 4795 Wech÷

1001 4830 1111 4891 IV.
1152 4847 1266 4892 Pan
1287 4849 1332 4891 2.
3239 4844 3351 4896 ¹09
