4500 5956
1005 498 1127 559 968
1921 503 2176 563 INDEX
2223 502 2932 563 DOCUMENTORUM.

1030 699 1249 775 1232

1070 837 1222 904 sept.
1354 873 1375 886 .
1398 826 1654 905 Capuae.
1773 861 1854 874 —
1892 830 2234 890 Hermanno
2270 830 2555 907 magistro
2581 828 2892 904 hospitalis
2914 827 3413 890 Tbeutonieorum
3439 834 3499 889 et
3526 846 3837 891 successo-

1853 925 2017 986 ribus
2038 930 2166 1004 ejus
2188 925 2569 986 medietatem
2613 927 2791 984 castri
2832 927 2923 985 sui
2968 923 3342 985 Muntickelli
3377 926 3553 1002 juxta
3578 926 3832 986 Radice—

1853 1024 2151 1099 phauum,
2181 1021 2744 1097 Castellumcellum‚
2771 1021 3018 1081 Fabrica
3056 1027 3118 1081 et
3155 1020 3504 1081 Crusianum
3541 1037 3679 1081 cum
3705 1038 3831 1082 om-

1851 1117 2026 1179 nibus
2052 1133 2252 1177 earum
2278 1124 2564 1177 terrarum
2600 1119 2986 1193 pertinentiis,
3012 1119 3078 1176 in
3106 1123 3456 1193 perpetuum
3482 1119 3749 1178 coneedit
3775 1126 3835 1179 et

1853 1212 2187 1275 confirmat.
3717 1221 3829 1274 392

1047 1319 1084 1369 4
1120 1315 1237 1371 oct.
1359 1303 1699 1388 [Capuael]
1775 1342 1855 1353 —
1892 1310 2136 1371 Nicolao
2187 1309 2264 1369 de
2306 1308 2566 1369 Bisaniio
2623 1309 2985 1384 procuratori
3040 1308 3444 1369 demaniorum
3491 1307 3837 1370 Basilicatae

1854 1407 2097 1467 mandat
2121 1412 2192 1467 ut
2214 1406 2543 1467 Jobannem
2589 1404 2861 1465 abbatem
2909 1407 3247 1466 monasterii
3289 1406 3489 1466 Sancti
3534 1405 3836 1465 Michaelis

1854 1504 1929 1563 de
1956 1503 2158 1562 Monte
2185 1503 2446 1564 Caveoso
2486 1509 2547 1561 et
2572 1508 2929 1562 conventum
2957 1503 3085 1577 ejus
3114 1503 3177 1561 in
3203 1502 3626 1576 possessionem
3654 1501 3833 1560 liber·

1856 1604 2047 1657 tatum
2074 1604 2136 1657 et
2162 1600 2389 1673 jurium
2416 1604 2823 1658 revocatorum
2853 1597 3012 1674 apud
3038 1598 3303 1658 Montem
3329 1597 3686 1669 Caveosum,
3715 1596 3833 1657 Po·

1854 1697 2140 1755 maricum
2167 1701 2229 1754 et
2255 1694 2579 1755 Genusium
2606 1695 2897 1754 restituat.
3719 1701 3831 1753 395

1021 1787 1269 1849 octobri.
1367 1786 1698 1871 [Capuae'l]
1776 1822 1857 1836 —
1894 1791 2108 1851 Omnia
2159 1790 2319 1852 bona
2380 1790 2457 1852 ab
2510 1808 2626 1852 avo
2679 1807 2789 1851 suo
2840 1790 3137 1851 Friderieo
3188 1790 3219 1848 I
3273 1789 3505 1850 indulta
3563 1788 3835 1850 abbatiae

1855 1887 2319 1947 Knechstedensi
2341 1890 2367 1964 j
2374 1893 2517 1947 uxta
2558 1887 2715 1946 Zons
2749 1884 3083 1959 confirmat,
3114 1891 3176 1944 et
3218 1901 3351 1945 eam
3390 1901 3528 1946 cum
3572 1889 3834 1962 personis

1856 1991 1917 2044 et
1942 1984 2118 2045 rebus
2142 1984 2256 2044 sub
2283 1986 2642 2062 protectione
2668 2000 2776 2045 sua
2800 1983 3034 2060 speciali
3061 1984 3286 2060 recipit.
3718 1990 3831 2043 308

1026 2088 1097 2142 15
1126 2096 1266 2141 nov.
1390 2080 1664 2158 Foggiae.
1774 2112 1855 2126 —
1894 2080 2203 2141 Universis
2230 2080 2503 2157 praelatis
2545 2087 2606 2140 et
2646 2080 2942 2141 nobilibus
2979 2082 3145 2157 regni
3182 2078 3556 2157 Burgundiae
3592 2080 3834 2140 mandat

1853 2182 1924 2237 ut
1947 2176 2024 2237 ad
2064 2194 2126 2237 se
2150 2180 2213 2236 in
2241 2179 2400 2239 maio
2427 2179 2699 2253 proximo
2721 2193 2860 2238 cum
2886 2183 3246 2236 armatorum
3284 2177 3564 2235 comitiva
3590 2178 3833 2235 veniant

1852 2279 1914 2333 et
1958 2289 2134 2349 super
2177 2273 2439 2334 subsidio
2484 2272 2818 2333 exhibendo
2861 2272 3077 2333 Caillae
3120 2272 3196 2331 de
3238 2272 3475 2333 Gurzan
3517 2270 3832 2332 efficaciter

1853 2369 2180 2430 intendant.
3715 2378 3829 2428 403

1000 2466 1278 2527 novemb.
1408 2468 1639 2546 Fogiae.
1772 2498 1854 2510 —
1894 2465 2186 2526 Omnibus
2213 2463 2562 2526 officialibus
2600 2467 2723 2526 suis
2748 2467 2810 2525 in
2837 2480 3021 2542 regno
3046 2463 3279 2525 Siclliae
3320 2464 3566 2525 mandat
3603 2481 3681 2525 ne
3721 2464 3832 2524 ab·

1852 2563 2050 2622 batem
2087 2568 2148 2621 et
2185 2569 2544 2623 conventum
2581 2564 2916 2622 monasterii
2960 2561 3210 2622 Sanctae
3249 2561 3511 2621 Marinae
3555 2561 3628 2621 de
3655 2561 3831 2622 Stella

1852 2662 1916 2718 in
1937 2658 2173 2737 iuribus
2215 2667 2277 2718 et
2322 2658 2790 2738 possessionibus
2827 2674 3031 2718 eorum
3065 2657 3373 2717 molestare
3410 2663 3786 2734 praesumant
3804 2702 3825 2732 ,

1853 2757 2162 2834 eidemque
2202 2758 2560 2817 monasterio
2607 2756 2874 2833 plancam
2930 2755 3087 2831 apud
3140 2755 3437 2832 Malorum
3488 2753 3793 2815 confirmat
3807 2797 3827 2834 ‚

1850 2870 1972 2914 non
1997 2852 2270 2914 obstante
2295 2853 2456 2930 quod
2482 2851 2838 2912 Amalfitana
2862 2851 3103 2912 eeclesia
3127 2850 3223 2911 vel
3249 2851 3365 2911 alia
3390 2867 3637 2928 persona
3661 2853 3829 2928 plan-

1850 2966 1951 3011 cas
1973 2967 2111 3011 suas
2138 2952 2201 3010 in
2228 2950 2385 3011 dicta
2405 2955 2562 3010 terra
2589 2949 2824 3010 babeat.
3481 2956 3595 3008 404
3625 2954 3686 3009 et
3712 2957 3824 3009 042

1012 3043 1273 3104 decemb.
1438 3047 1617 3123 Apud
1773 3079 1851 3090 -—
1891 3049 2010 3108 Pro
2036 3049 2218 3125 gratis
2245 3049 2500 3107 servitiis
2526 3047 2782 3106 Eceelini
2818 3047 2894 3107 de
2934 3047 3201 3107 Romano
3241 3051 3305 3105 et
3336 3043 3592 3106 Aiberiei
3635 3046 3829 3106 fratris

1363 3144 1689 3207 Precinam.
1851 3147 2008 3222 ejus,
2040 3146 2200 3220 ipsos
2225 3160 2363 3204 cum
2389 3159 2593 3203 eorum
2621 3142 2955 3203 hominibus
2980 3150 3042 3204 et
3071 3142 3532 3220 possessionibus
3554 3141 3666 3203 sub
3691 3157 3826 3219 pro-

1850 3242 2104 3300 tectione
2130 3256 2238 3299 sua
2266 3239 2501 3315 speciali
2528 3240 2755 3316 recipit.
3709 3247 3822 3298 406

1046 3339 1078 3389 3
1105 3330 1233 3392 dee.
1374 3334 1669 3397 Precinae.
1774 3368 1849 3382 —
1891 3335 2195 3413 Paduam,
2228 3337 2542 3396 vicentino
2581 3343 2643 3396 et
2667 3337 2976 3396 Tarvisino
3001 3337 3284 3413 episcopis
3310 3335 3578 3397 notificat
3615 3352 3678 3396 se
3715 3336 3828 3395 Ec-

1849 3432 2103 3492 eelinum
2128 3439 2189 3490 et
2214 3431 2553 3509 Albericum
2595 3433 2671 3493 de
2708 3433 2978 3493 Romano
3018 3433 3131 3492 sub
3178 3449 3287 3493 sua
3325 3433 3565 3510 speciali
3597 3439 3827 3510 protec-

1849 3530 2011 3588 tione
2040 3531 2324 3603 recepisse
2340 3572 2358 3601 ,
2390 3535 2450 3590 et
2472 3529 2719 3589 mandat
2748 3531 2834 3589 eis
2860 3534 2929 3589 ut
2954 3529 3289 3589 solemniter
3313 3530 3686 3607 privilegium
3713 3546 3825 3605 pu-

1848 3623 2066 3683 blicare
2087 3625 2361 3684 debeant.
3709 3632 3822 3683 408

1035 3726 1072 3776 3
1102 3715 1231 3777 dec.
1367 3721 1669 3782 Precinae.
1768 3752 1850 3766 —
1888 3720 2169 3797 Gregorio
2211 3736 2398 3796 papae
2440 3720 2515 3780 de
2561 3720 2868 3780 individua
2906 3722 3121 3781 unione
3165 3720 3475 3782 sacerdotii
3514 3728 3576 3782 et
3599 3724 3823 3799 imperii

1847 3816 2081 3890 scribit,
2113 3818 2370 3877 suadens
2398 3823 2466 3877 ut
2494 3820 2836 3878 commissos
2880 3817 2993 3877 sibi
3036 3825 3098 3877 et
3131 3835 3316 3895 papae
3339 3819 3566 3896 gladios
3588 3821 3653 3878 in
3691 3835 3822 3894 per·

1846 3930 2112 3973 versores
2135 3913 2276 3973 fidei
2304 3920 2366 3972 et
2390 3912 2633 3972 rebelles
2681 3915 2913 3989 imperii
2945 3916 3304 3974 unanimiter
3331 3921 3654 3988 exacuant,
3686 3917 3822 3974 mit-

1845 4011 2037 4087 titque
2075 4010 2301 4087 legatos
2340 4010 2444 4085 qui
2486 4025 2673 4085 papae
2708 4015 2769 4069 et
2806 4010 3200 4070 cardinalibus
3225 4026 3394 4071 suam
3422 4013 3690 4087 aperiant
3714 4028 3821 4071 vo·

1846 4106 2155 4165 luntatem.
3532 4118 3674 4181 408,
3710 4119 3822 4171 400

1005 4196 1267 4260 decemb.
1429 4203 1606 4279 Apud
1765 4234 1843 4247 —
1883 4203 1979 4263 Ad
2005 4205 2494 4280 supplicationem
2518 4206 2833 4281 praepositi
2859 4212 2921 4266 et
2945 4207 3188 4284 capituli
3230 4208 3429 4269 Sancti
3468 4206 3720 4267 servatii
3762 4210 3825 4266 in

1352 4298 1681 4360 Precinam.
1844 4302 2137 4380 Trajecto‚
2167 4301 2544 4379 privilegium
2569 4301 2646 4360 ab
2671 4301 2929 4364 Benrieo
2953 4310 3165 4381 quarto
3200 4305 3602 4365 Romanorum
3640 4307 3828 4381 impe-

1842 4404 2033 4458 ratore
2059 4414 2216 4457 anno
2259 4407 2407 4459 1087
2442 4399 2634 4459 eidem
2657 4400 2935 4462 ecclesiae
2957 4401 3290 4480 indultum,
3316 4409 3562 4462 renovat
3586 4408 3647 4461 et
3671 4402 3825 4460 inse-

1018 4458 1242 4536 1255
1842 4494 2025 4554 rendo
2051 4494 2385 4556 confirmat.
3534 4506 3675 4576 411,
3712 4506 3825 4556 412

1015 4595 1091 4647 26
1109 4591 1240 4666 jan.
1437 4589 1595 4650 Bari.
1759 4621 1839 4636 -
1881 4591 1977 4650 Ad
2022 4593 2318 4668 querelam
2360 4594 2571 4669 prioris
2596 4592 2796 4654 Sancti
2821 4594 3251 4654 Bartholomaei
3277 4593 3353 4655 de
3379 4596 3664 4673 Trisulto‚
3687 4596 3830 4669 Jus-
