4500 5956
0 2460 23 2897 ffl-...ss-..ff-...h-
0 2304 17 2399 .-ι-

0 5533 35 5720 «ηε-..ζ’

1133 593 1254 655 ’130
2129 596 2549 659 anssnlcl
2605 598 2949 658 sncumnl
3564 597 3723 675 [Anu.
3763 597 3930 659 1235.

1133 727 1230 809 de
1271 750 1456 834 pace
1497 724 1941 832 reformata,
1991 728 2438 838 nuntiatque
2493 731 3019 838 imperatorem
3045 789 3069 833 ,
3129 727 3287 809 filio
3339 728 3576 837 ipsius
3622 729 3722 811 ad
3774 729 3937 838 ejus

1133 858 1459 969 gratiam
1505 858 1901 941 accedente
1916 921 1938 965 ‚
1980 885 2158 941 suas
2186 861 2392 968 apud
2418 862 2922 946 Wormatiam
2958 861 3260 969 nuptias
3295 860 3788 945 celebravisse
3801 920 3825 968 ,
3864 870 3939 944 et

1130 990 1420 1074 curiam
1458 990 1872 1074 solemnem
1910 992 2008 1074 ad
2042 993 2511 1103 Moguntiam
2546 996 2933 1077 indixisse.

1287 1178 1491 1257 (Edid.
1522 1179 1872 1255 Semnan,
1914 1178 2165 1240 Vindem.
2197 1178 2411 1261 litter„
2440 1188 2586 1244 tom.
2616 1183 2664 1254 1,
2694 1198 2755 1259 p.
2789 1185 2954 1255 200.)

1218 1337 1658 1410 Sanctissimo
1681 1338 1856 1432 patri
1886 1360 1968 1411 ac
1990 1339 2271 1412 domino
2290 1360 2420 1412 suo
2448 1338 2530 1411 G.
2561 1348 2984 1413 sacrosancte
3011 1339 3311 1411 Romane
3329 1338 3631 1411 Ecclesie
3661 1360 3932 1412 summo

1122 1460 1462 1555 pontifici,
1526 1461 1880 1533 Conradus
1918 1462 2043 1534 Dei
2096 1464 2317 1555 gratia
2355 1462 2964 1537 Hildesheimensis
2987 1462 3354 1558 episcopus
3387 1472 3771 1558 promptam
3803 1486 3927 1535 sue

1122 1584 1591 1680 possibilitatis
1621 1584 2081 1657 obedientiam
2118 1595 2187 1658 et
2223 1586 2571 1662 devotam.
2615 1587 2784 1658 Cum
2818 1608 2942 1680 per
2972 1586 3470 1659 incrementum
3506 1594 3575 1659 et
3600 1586 3926 1659 honorem

1119 1717 1352 1799 sancte
1386 1708 1622 1780 matris
1654 1708 1953 1781 Ecclesie
1988 1721 2247 1783 crescat
2280 1721 2349 1783 et
2381 1711 2692 1807 proficiat
2721 1712 2941 1784 honor
2987 1711 3146 1796 Dei,
3190 1730 3329 1784 non
3382 1710 3716 1783 immerito
3767 1731 3926 1783 con·

1120 1832 1501 1926 gratulatur
1554 1842 1624 1904 et
1672 1833 2058 1926 congaudet
2115 1834 2439 1907 universe
2487 1834 2959 1908 christianitati
3003 1855 3213 1930 super
3245 1854 3331 1907 eo
3359 1833 3582 1927 quod,
3623 1832 3927 1905 Ecclesia

1116 1956 1420 2029 Romana
1455 1977 1613 2027 cum
1639 1956 1918 2029 honoris
1958 1966 2146 2030 tanto
2183 1960 2493 2053 profectu
2536 1962 2901 2032 reformata
2941 1968 3021 2030 ut
3071 1957 3324 2032 dicitur
3359 1979 3483 2052 per
3513 1977 3750 2052 pacem
3775 1955 3919 2052 (l),

1115 2100 1272 2175 spes
1308 2080 1536 2151 future
1578 2081 2082 2172 tranquillitatis
2118 2091 2186 2153 et
2216 2082 2408 2177 pacis
2436 2083 2929 2179 repromittitur
2974 2081 3279 2154 ecclesiis
3325 2080 3695 2154 universis.
3755 2080 3925 2151 Hinc

1113 2211 1217 2275 est
1239 2202 1449 2275 etiam
1488 2204 1679 2297 quod
1710 2204 1925 2277 Sedes
1953 2206 2344 2300 Apostolica
2376 2229 2513 2281 non
2545 2218 2808 2281 tantum
2840 2207 3014 2299 suis,
3048 2207 3172 2280 sed
3197 2204 3596 2279 devotorum
3636 2204 3788 2296 ejus
3816 2203 3922 2273 in-

1113 2328 1477 2400 crementis
1515 2327 1914 2421 intendens,
1971 2330 2393 2426 imperialem
2427 2341 2678 2406 statum
2721 2331 3114 2427 provehens
3145 2331 3219 2402 in
3259 2329 3584 2419 sublime,
3633 2327 3921 2421 glorioso

1108 2450 1386 2525 domino
1421 2451 1812 2547 imperatori
1839 2474 1963 2548 per
1986 2463 2293 2526 vestrum
2320 2458 2625 2530 favorem
2652 2466 2722 2529 et
2749 2457 3068 2529 divinum
3096 2454 3456 2528 consilium
3508 2453 3581 2523 in
3617 2451 3922 2547 partibus

1106 2574 1510 2650 Alemannie
1546 2586 1810 2651 tantum
1838 2582 2218 2674 prosperari
2244 2582 2580 2654 concessit
2607 2591 2687 2653 ut
2719 2580 3041 2653 omnibus
3074 2579 3168 2652 ad
3214 2580 3366 2672 ejus
3393 2587 3635 2650 votum
3668 2576 3920 2649 ceden-

1107 2698 1325 2789 tibus,
1362 2709 1500 2773 tam
1538 2702 1826 2793 majores
1857 2725 2068 2797 quam
2107 2705 2405 2778 minores
2445 2705 2824 2800 principes,
2869 2704 3060 2777 omni
3105 2702 3489 2776 resistentia
3527 2709 3598 2773 et
3644 2709 3921 2773 contra-

1107 2822 1411 2898 dictione
1451 2833 1756 2917 remota‚
1801 2826 1895 2898 ad
1937 2829 2361 2902 voluntatem
2392 2830 2543 2921 ejus
2575 2830 2886 2901 inveniat
2915 2827 3278 2902 benivolos
3313 2835 3383 2899 et
3414 2833 3714 2921 paratos.
3752 2822 3921 2895 Filio

1105 2945 1450 3043 siquidem
1489 2948 1711 3045 ipsius
1738 2950 1828 3023 ad
1859 2952 2010 3045 ejus
2058 2953 2350 3045 gratiam
2383 2952 2749 3029 accedente
2769 3008 2790 3044 ‚
2843 2974 3070 3027 coram
3103 2951 3422 3048 pluribus
3450 2947 3873 3045 principibus
3894 3000 3914 3036 ‚

1106 3072 1634 3168 archiepiscopis
1657 3083 1725 3145 et
1752 3075 2118 3173 episcopiS,
2144 3077 2467 3164 ducibus,
2509 3078 3048 3163 marchionibuS,
3084 3075 3460 3151 baronibus
3481 3083 3549 3146 et
3576 3071 3919 3145 nobilibus

1108 3195 1339 3266 multis
1372 3196 1561 3291 apud
1597 3199 2039 3270 Warmatiam
2093 3200 2208 3273 die
2260 3201 2502 3273 iduum
2544 3202 2705 3294 J‘ulii
2741 3224 2904 3275 suas
2954 3200 3227 3295 nuptias
3262 3196 3706 3292 solempniter
3730 3195 3921 3267 cele-

1112 3317 1484 3413 bravit(2)‚
1502 3332 2000 3415 consequenter
2015 3335 2295 3398 auctore
2307 3327 2600 3399 Domino
2624 3327 2844 3399 iturus
2868 3325 3293 3418 Moguntiam
3322 3322 3412 3396 ad
3440 3317 3916 3395 celebrandam

1109 3441 1366 3514 curiam
1396 3442 1653 3515 ibidem
1683 3444 1755 3515 in
1792 3444 2278 3541 Assumptione
2303 3451 2512 3521 Beate
2534 3450 2860 3545 VirginiS,
2886 3448 2979 3523 ad
3002 3471 3214 3543 quam
3242 3444 3546 3519 universi
3577 3443 3919 3540 principes

1107 3563 1512 3637 Alemannie
1543 3566 1723 3638 sicut
1749 3577 2059 3663 speratur
2093 3582 2484 3664 occurrent,
2539 3573 2629 3646 de
2668 3573 2971 3668 generali
3020 3574 3205 3646 bono
3239 3570 3430 3667 pacis
3460 3578 3531 3641 et
3561 3563 3919 3644 commodo

1105 3688 1309 3761 totius
1321 3689 1624 3764 Ecclesie
1641 3702 1960 3764 mutuum
1980 3696 2341 3769 consilium
2371 3698 2697 3771 habituri.
2723 3700 3013 3791 Negotia
3037 3718 3204 3770 vero
3230 3692 3516 3768 ecclesie
3538 3689 3915 3765 admodum

1102 3810 1319 3883 ardua
1372 3814 1698 3908 magistro
1731 3817 1818 3888 H.
1861 3817 2106 3890 clerico
2154 3841 2311 3892 meo
2361 3832 2620 3894 secreto
2666 3821 3017 3910 commisi,
3068 3839 3299 3892 coram
3336 3816 3538 3889 vobis
3585 3815 3658 3885 in
3692 3821 3918 3884 vestre

1102 3937 1477 4010 sanctitatis
1509 3939 1851 4033 presentia
1882 3942 2335 4037 exponenda3
2390 3946 2784 4040 supplicans
2823 3944 3174 4017 humiliter
3210 3951 3279 4014 et
3312 3933 3563 4014 devote
3585 3936 3777 4033 quod
3807 3935 3914 4005 in-

1100 4062 1277 4133 tuitu
1304 4061 1541 4135 divine
1574 4067 2175 4161 remunerationis,
2219 4070 2431 4163 juxta
2486 4081 2883 4144 consuetam
2930 4068 3322 4166 Apostolice
3371 4064 3570 4140 Sedis
3618 4065 3915 4136 clemen·

1099 4184 1262 4257 tiam
1280 4237 1300 4273 ‚
1336 4185 1600 4260 eisdem
1630 4190 1926 4282 negotiis
1952 4191 2258 4264 favorem
2290 4201 2359 4264 et
2395 4195 2756 4267 consilium
2791 4193 3231 4290 impendatis·

1172 4406 1244 4479 (4)
1279 4408 1493 4466 Scilicet
1515 4427 1621 4483 pax
1643 4427 1767 4467 cum
1790 4413 2045 4472 Romanis
2069 4415 2219 4473 inita.
2245 4416 2371 4474 vid,
2400 4433 2566 4492 supra
2587 4436 2644 4492 p.
2677 4422 2803 4488 536,
2836 4424 2950 4476 not.
2981 4421 3037 4474 4.

1172 4502 1241 4576 (2)
1278 4504 1408 4561 Inde
1435 4504 1603 4577 liquet
1630 4507 1687 4563 in
1712 4508 2047 4567 solemnitate
2085 4513 2394 4586 nuptiarum
2423 4515 2705 4586 Friderici,
2730 4515 2896 4573 fllium
2919 4516 3037 4590 ejus
3072 4512 3358 4571 Henricum
3400 4508 3640 4568 nondum
3666 4506 3742 4562 ita
3768 4502 3912 4560 indi-

1098 4601 1343 4672 gnatione
1367 4608 1591 4675 paterna
1614 4603 1917 4677 perculsum
1940 4613 2000 4664 ut
2020 4616 2304 4682 caperetur
2325 4617 2380 4669 et
2402 4627 2620 4670 carcere
2646 4613 2972 4672 detineretur
2999 4611 3184 4687 :quod
3209 4616 3389 4669 tamen
3415 4612 3539 4683 post
3573 4603 3774 4677 aliquot
3798 4599 3914 4657 dies

1095 4696 1302 4754 accidit.
