4500 5956
1005 645 1162 707 1004
1919 657 2170 721 INDEX
2217 661 2909 724 nocquN'ronuu.

1027 846 1247 923 1255

1001 981 1075 1034 30
1097 977 1271 1051 junii.
1391 974 1649 1039 Gaietae.
1772 981 2054 1047 Consules
2102 994 2163 1049 et
2208 996 2464 1069 populns
2507 990 2762 1051 civitatis
2805 989 3045 1050 Gaietae
3083 993 3392 1064 acceptant
3425 1005 3628 1066 pacem
3667 995 3831 1050 trac-

1846 1086 2033 1141 tatam
2061 1101 2167 1161 per
2193 1087 2546 1165 Gregorium
2585 1102 2801 1163 papam
2839 1090 2902 1145 et
2939 1085 3189 1161 gratiam
3216 1083 3294 1144 ab
3332 1086 3681 1161 imperatore
3716 1086 3827 1146 sibi

1845 1194 2183 1243 concessam
2225 1184 2301 1244 de
2332 1186 2571 1245 datione
2605 1183 2863 1244 civitatis
2896 1180 3159 1258 ejusdem
3199 1179 3467 1241 Conrado
3492 1183 3681 1259 lpsius
3714 1184 3826 1242 im·

1845 1281 2129 1351 peratoris
2155 1278 2311 1349 fillo,
2342 1287 2457 1342 etc.
3709 1287 3823 1338 440

1432 1358 1609 1437 Apud
1765 1369 2044 1433 aubertus
2087 1372 2352 1435 Materia
2365 1422 2387 1451 ,
2425 1377 2693 1455 provisor
2745 1381 3066 1434 castrorum
3106 1371 3485 1450 principatus
3530 1379 3587 1432 et
3640 1379 3826 1433 terrae

1351 1454 1684 1519 Nuceriam.
1842 1469 2309 1548 Beneventanus,
2339 1475 2781 1551 inquisitionem
2823 1468 2953 1532 fleri
3002 1470 3143 1552 facit
3186 1485 3264 1529 an
3306 1468 3576 1528 homines
3617 1470 3825 1531 casalis

1840 1566 2066 1628 caveae
2126 1571 2205 1630 ad
2271 1570 2658 1647 reparandam
2738 1570 2997 1631 Boccam
3071 1568 3360 1628 Pimontis
3431 1569 3635 1626 venire
3707 1567 3823 1627 de-

1836 1660 2034 1722 beant.
3701 1672 3817 1724 428

1380 1740 1635 1807 Brixiae·
1759 1759 2036 1820 Rectores
2089 1763 2386 1822 societatis
2439 1760 2827 1822 Lombardiae
2852 1804 2870 1835 ,
2928 1760 3226 1820 Marchiae
3277 1767 3339 1821 et
3386 1761 3712 1821 Romaniae
3761 1766 3823 1821 et

1835 1858 2249 1918 universitates
2276 1861 2574 1918 societatis
2601 1858 2869 1935 ejusdem
2898 1863 3085 1917 ratam
3120 1855 3342 1916 babent
3368 1873 3574 1933 pacem
3600 1873 3638 1916 a
3665 1855 3817 1917 Gre-

1835 1956 2000 2030 gorio
2040 1970 2194 2029 papa
2230 1953 2447 2014 factam
2484 1960 2545 2014 et
2581 1960 2951 2029 praeceptam
2986 1954 3141 2011 inter
3180 1959 3586 2028 procuratores
3613 1952 3816 2013 Fride-

1836 2050 1941 2110 rici
1992 2051 2394 2111 Romanorum
2451 2053 2820 2127 imperatoris
2873 2057 2935 2110 et
2980 2049 3258 2127 syndicos
3306 2050 3605 2109 societatis
3652 2065 3820 2125 prae-

1832 2146 2047 2207 dictae.
3696 2154 3817 2207 434

1308 2265 1721 2290 ·······
1755 2239 2092 2319 Rammldus
2132 2242 2411 2305 Ostiensis
2450 2241 2657 2304 electus
2691 2244 2990 2305 Friderico
3037 2244 3436 2303 Romanorum
3481 2242 3815 2318 imperatori

1830 2341 2143 2415 respondet
2168 2357 2347 2416 super
2382 2344 2624 2418 querela
2650 2358 2833 2419 quam
2868 2341 2981 2401 sibi
3020 2340 3095 2399 de
3118 2340 3453 2415 provisione
3480 2340 3545 2398 in
3583 2342 3814 2416 negotio

1830 2434 2216 2497 Lombardiae
2242 2437 2401 2498 facta
2427 2439 2844 2511 destinaverat,
2875 2453 3131 2515 eumque
3165 2436 3241 2497 ad
3268 2434 3609 2513 exemplum
3632 2438 3815 2512 ipsius

1827 2548 2015 2609 papae
2040 2541 2244 2594 monet
2270 2539 2570 2612 negotium
2597 2538 2650 2596 si
2684 2535 2970 2613 placuerit
3001 2533 3081 2594 ad
3108 2539 3329 2594 statum
3354 2533 3671 2610 pristinum
3706 2549 3811 2592 re-

1825 2628 1962 2689 duci
1987 2646 2180 2705 posse.
3260 2656 3263 2659 *
3692 2637 3806 2689 449

1408 2724 1587 2803 Apud
1752 2722 1994 2784 Thomas
2020 2724 2091 2785 dc
2115 2727 2503 2808 Mommiqro,
2519 2728 2892 2808 justiciarius
2915 2726 3290 2806 Principum
3321 2731 3379 2785 ct
3410 2731 3601 2785 terras
3626 2723 3805 2783 Bene·

1317 2820 1686 2886 Surrentum.
1822 2828 2123 2897 mutam,
2171 2825 2457 2884 vassallos
2493 2823 2723 2885 abbatis
2750 2825 3031 2886 cavensis
3057 2826 3118 2883 in
3140 2823 3335 2883 Bocca
3355 2821 3670 2893 Pimontls,
3688 2822 3807 2882 Nu-

1822 2919 1978 2977 ceria
2006 2925 2065 2978 et
2092 2921 2459 2996 pertinentiis
2496 2921 2602 2997 qui
2629 2936 2751 2981 non
2776 2925 2980 2981 tenent
3004 2920 3081 2981 ab
3105 2921 3482 2996 imperatore,
3512 2917 3805 2976 immunes

1822 3031 1860 3074 a
1883 3015 2397 3092 subventionibus,
2425 3018 2833 3079 exactionibus
2858 3025 2919 3080 et
2943 3019 3203 3079 collectis
3221 3016 3502 3086 declarat,
3526 3021 3641 3074 etc.
3685 3022 3796 3074 467

1297 3129 1330 3169 .·
1360 3154 1709 3177 ......
1740 3109 2033 3171 Hem-icus
2068 3110 2140 3171 de
2172 3113 2410 3189 Horra,
2451 3131 2700 3194 maqnas
2737 3112 3058 3193 imperialis
3095 3113 3289 3174 curiae
3324 3112 3601 3193 πυρίκα-
3617 3111 3801 3191 justi-

1816 3211 2065 3284 ciarius,
2087 3213 2439 3286 justiciariis
2468 3213 2716 3274 mandat
2750 3220 2821 3276 nt
2855 3215 3263 3291 inquisitiones
3286 3228 3391 3288 per
3416 3211 3679 3271 diversas
3703 3227 3798 3270 re-

1818 3310 1921 3385 gni
1946 3310 2216 3385 regiones
2248 3307 2379 3368 fieri
2413 3310 2637 3371 faciant
2653 3354 2673 3389 ,
2708 3317 2769 3371 et
2792 3327 2942 3388 quos
2981 3312 3194 3371 noxios
3229 3310 3567 3369 invenerint
3593 3324 3631 3368 a
3656 3307 3798 3367 locis

1815 3405 2069 3478 propriis
2109 3420 2248 3465 cum
2291 3403 2531 3467 familiis
2588 3422 2794 3467 eorum
2837 3405 3156 3466 transferre
3200 3410 3262 3465 et
3306 3410 3537 3465 mutare
3580 3419 3793 3481 procu—

1815 3507 1969 3562 rent.
3678 3509 3793 3563 494

1372 3594 1602 3672 Trojae.
1736 3599 2062 3658 'taxatores
2115 3601 2373 3663 civitatis
2410 3601 2623 3680 Troiae
2674 3619 2712 3663 a
2762 3604 2929 3662 curia
2977 3602 3279 3661 constituti
3331 3599 3410 3661 ad
3462 3598 3794 3677 colligenda

1811 3695 1926 3754 tria
1952 3695 2137 3755 millia
2158 3702 2220 3756 et
2242 3697 2705 3778 quadringentas
2730 3700 2935 3759 uncias
2957 3700 3088 3758 auri
3109 3714 3216 3775 pro
3234 3697 3635 3774 redemptione
3660 3713 3795 3773 cap-

1810 3793 2067 3852 tivorum
2108 3795 2172 3852 in
2199 3793 2430 3855 obsidio
2468 3795 2649 3872 hujus
2673 3794 2868 3873 urbis,
2897 3795 3011 3855 sub
3043 3795 3217 3855 hasta
3243 3794 3512 3854 vendunt
3550 3810 3658 3869 pro
3684 3795 3789 3852 tri-

1810 3886 1922 3947 bus
1967 3890 2159 3949 unciis
2197 3896 2261 3949 et
2294 3890 2539 3951 dimidia
2569 3898 2801 3966 partem
2838 3898 3029 3952 terrae
3067 3890 3357 3951 Jobannis
3400 3888 3604 3950 Tamti
3643 3890 3789 3947 civis

1011 1362 1085 1414 25
1110 1355 1266 1432 ¹julii.

1014 1734 1240 1819 [julia]

1003 2214 1259 2298 august]

1005 2581 1226 2659 1254

977 2719 1049 2770 15
1083 2713 1246 2788 julii.

1017 3093 1208 3176 [nov.]

988 3461 1210 3538 1255

962 3566 1046 3649 '5
1076 3597 1196 3651 oct.

1807 3984 2074 4060 Troiani,
2089 3987 2194 4061 qui
2211 3986 2289 4045 ad
2308 3988 2585 4047 undecim
2612 3989 2820 4048 uncias
2843 3987 3151 4063 impositus
3175 3987 3362 4047 exivit
3382 3985 3456 4044 de
3482 3984 3662 4062 Troja
3679 3999 3790 4044 nec

1350 4172 1606 4236 Brixiae.
1727 4078 2055 4235 Βοῗιῗζίιζο
2093 4178 2391 4238 societatis
2436 4177 2858 4250 Lombardiae,
2895 4178 3120 4238 scillcet
3153 4180 3309 4238 inter
3342 4089 3780 4247 Μοᾱίοιωιιῖηὸιῗ

1803 4268 2068 4330 Laudam
2091 4313 2110 4345 ,
2170 4273 2489 4334 Novariam
2515 4317 2534 4346 ,
2590 4274 3010 4334 Alexandriam
3029 4316 3051 4347 ,
3110 4271 3364 4351 Cumas,
3418 4273 3738 4332 Trivisium
3762 4312 3781 4344 ,

1800 4365 2093 4442 Paduam,
2123 4369 2472 4443 Bononiam,
2500 4371 2789 4443 Brixiam,
2819 4370 3190 4443 Faventiam,
3218 4372 3316 4432 cui
3355 4368 3646 4430 accedunt
3671 4384 3783 4444 po-

1799 4468 1983 4525 testas
2008 4471 2070 4525 et
2094 4466 2506 4529 ambaxatores
2533 4467 2855 4528 Ferrariae.
3664 4471 3777 4523 796

1003 4174 1038 4224 5
1067 4173 1128 4227 et
1156 4178 1187 4227 7

952 4265 1227 4326 novemb.
