4500 5956
565 635 753 695 lnmcr.
784 631 879 709 6.]
1455 621 1852 684 HISTORIA
1904 622 2493 691 DIPLOMATICA.
3271 630 3392 691 619

568 774 767 839 neant
800 771 878 837 et
906 761 1002 836 ad
1037 767 1303 834 nostros
1333 775 1765 830 successores
1796 758 2204 853 perveniant
2236 760 2537 852 illibata,
2582 761 2934 834 literarum
2971 761 3244 834 indiciis
3281 763 3390 834 fe-

570 889 784 962 cimus
811 885 1107 961 ete'rnari
1130 905 1221 958 ea
1239 903 1381 976 que
1406 878 1825 955 conferimus
1847 890 2122 976 propter
2142 884 2389 956 Deum.
2431 887 2693 958 Tenore
2729 886 2942 978 igitur
2971 885 3393 979 presentium

569 1024 700 1096 tam
719 1010 1075 1086 modernis
1100 1028 1314 1103 quam
1350 1005 1600 1081 futuris
1622 1005 2006 1085 innotescat
2035 1006 2231 1099 quod
2248 1029 2374 1081 nos
2406 1009 2730 1093 fratribus
2755 1009 3113 1103 hospitalis
3142 1010 3391 1085 Sancte

570 1137 774 1223 Marie
808 1135 1061 1208 domus
1095 1130 1471 1215 Teutonico
1517 1139 1588 1199 'n
1642 1130 2106 1203 Frainkinfort
2148 1133 2582 1207 contulimus¹
2609 1132 2700 1205 de
2743 1133 3147 1205 liberalitate
3198 1134 3390 1228 regia

569 1260 851 1332 rubeam
890 1253 1345 1352 paludem2de
1379 1253 1905 1347 Wrowinvegin
1941 1275 2165 1348 usque
2194 1255 2288 1338 ad
2322 1256 2632 1331 villulam
2675 1278 2818 1351 que
2848 1255 3389 1329 vocatur-Rodia

573 1383 1055 1474 attingentem,
1106 1389 1184 1451 ut
1236 1379 1456 1473 ipsam
1511 1376 1842 1471 paludem
1890 1378 1961 1448 in
2020 1400 2188 1457 usus
2221 1399 2387 1457 suos
2435 1379 2758 1474 redigant
2786 1388 2856 1451 et
2892 1389 3297 1455 convertant
3323 1389 3395 1453 et

572 1504 1202 1613 possideantrpleno
1225 1505 1410 1595 jure.
1454 1499 1566 1573 Ad
1601 1478 2087 1594 hujusitaque
2131 1503 2508 1573 collationis
2537 1503 2957 1575 evidentiam
3001 1512 3070 1574 et
3100 1506 3392 1576 certitu-

577 1630 833 1713 dinem,
877 1636 1263 1722 presentem
1295 1626 1567 1697 literam
1597 1624 1803 1717 sigilli
1841 1626 2055 1697 nostri
2082 1626 2467 1698 munimine
2491 1627 2777 1698 fecimus
2804 1627 3240 1699 communiri.

661 1754 889 1824 Testes
928 1759 1090 1821 sunt
1138 1748 1236 1819 hii
1274 1774 1289 1818 ε
1327 1747 1785 1820 Theodericus
1833 1746 2246 1822 venerabilis
2299 1751 2734 1821 Treverensis
2785 1750 3384 1846 archiepiscopuS,

579 1876 889 1948 Gerlacus
919 1872 1009 1945 de
1033 1872 1430 1964 Buttingin,
1473 1871 1833 1943 Cunradus
1860 1872 2187 1966 pincerna
2211 1871 2301 1943 de
2329 1873 2773 1966 Clinginburc
2795 1927 2814 1963 ‚
2855 1874 3101 1946 Dietho
3130 1874 3219 1946 de
3255 1874 3388 1947 Ra·

580 1998 932 2087 vinshurc‚
964 2005 1032 2068 et
1061 1996 1176 2068 alii
1210 1996 1677 2090 quamplures.

664 2122 915 2192 Actum
945 2118 1134 2214 apud
1165 2118 1659 2205 Frainkinfort,
1714 2138 1898 2188 anno
1926 2116 2018 2188 ab
2046 2117 2512 2190 incarnatione
2551 2118 2824 2191 Domini
2858 2118 3220 2192 millesimo
3257 2120 3389 2193 du·

586 2245 940 2318 centesimo
977 2243 1320 2315 tricesimo
1344 2242 1577 2331 tertio,
1619 2240 1863 2335 quinto
1898 2240 2230 2313 kalendas
2253 2242 2566 2337 augusti,
2614 2241 2990 2337 indictione
3018 2252 3238 2316 sexta.

1038 2550 2930 2562 mmmm

680 2818 938 2927 [Apud
976 2818 1479 2927 Moguntiam]
1518 2817 1831 2900 collecta
1866 2817 2139 2901 militia
2193 2844 2327 2901 rex
2380 2826 2647 2901 contra
2699 2819 2972 2900 ducem
3017 2819 3405 2904 Bawariae
3443 2848 3809 2957 [manua-gala

582 2952 1097 3060 proficiscitur.
1142 2951 1230 3033 In
1268 2952 1558 3061 campis
1595 2953 1855 3061 itaque
1889 2952 2045 3036 Lici
2083 2977 2302 3036 secus
2338 2951 2770 3061 Augustam
2806 2952 2963 3036 fere
3000 2980 3131 3036 sex
3166 2954 3408 3038 millia
3707 2934 3717 2946 ⁸

581 3086 905 3167 militum
940 3085 1022 3166 in
1060 3085 1390 3167 exercitu
1428 3085 1640 3193 regio
1687 3094 1866 3167 sunt
1917 3086 2250 3168 inventa.
2296 3085 2479 3167 Inde
2524 3084 2904 3193 profectus
2949 3086 3159 3169 brevi
3202 3097 3408 3170 tem-

579 3242 753 3323 pore
813 3218 1243 3302 Bawariam
1282 3218 1646 3328 subjugat
1690 3227 1765 3300 et
1808 3219 2083 3301 ducem
2129 3219 2207 3299 in
2247 3219 2710 3301 deditionem
2744 3221 3034 3328 recipit.
3081 3221 3399 3304 Gonssrn.

588 3349 839 3432 Conon.
886 3377 1011 3459 ap.
1054 3350 1439 3458 Bor-:minan⁷
1478 3358 1777 3449 FonteS,
1833 3360 1893 3432 t.
1945 3352 2049 3459 ll,
2095 3379 2177 3461 p.
2230 3356 2417 3435 366.
2450 3399 2558 3412 —
2595 3353 2775 3436 Otto
2810 3354 2970 3434 dux
3017 3354 3404 3440 Bawariae

585 3484 868 3564 curiam
932 3484 1469 3566 celebrandam
1512 3485 1972 3594 Ratisponae
2023 3484 2342 3588 indixit,
2405 3511 2641 3594 quam
2674 3495 2984 3595 propter
3027 3487 3403 3598 indigna-

584 3615 859 3698 tionem
921 3617 1124 3726 regis
1181 3616 1509 3699 Heinrici
1547 3627 1622 3700 et
1666 3617 1997 3699 aliorum
2040 3619 2557 3727 quorumdam
2595 3617 3026 3726 principum
3064 3619 3208 3702 sibi
3245 3646 3401 3702 non

585 3744 992 3831 faventium
1016 3808 1040 3854 ‚
1092 3750 1297 3856 apud
1341 3749 1737 3832 Landshut
1791 3749 2221 3833 celebravit.
2286 3751 2436 3832 Sed
2497 3752 2987 3859 postmodum
3041 3778 3174 3834 rex
3225 3777 3404 3832 cum

587 3880 835 3961 multis
890 3880 1362 3989 principibus
1420 3893 1498 3964 et
1557 3908 1842 3994 magno
1910 3884 2238 3966 exercitu
2295 3883 2720 3969 Bawariam
2771 3884 3077 3968 intravit
3128 3886 3404 3967 ducem

588 4013 1098 4099 destructurus
1119 4077 1144 4118 ,
1198 4019 1330 4099 sed
1395 4019 1776 4102 mediante
1830 4022 2393 4129 archiepiscopo
2450 4022 2983 4132 Salzpurgensi
2999 4085 3023 4130 ‚
3071 4023 3153 4107 in
3200 4050 3399 4138 gra-

590 4145 770 4227 ciam
805 4173 988 4229 eum
1031 4148 1348 4257 recepit,
1389 4162 1466 4231 et
1500 4151 1746 4234 filium
1791 4153 1957 4262 ejus
2001 4155 2409 4264 puerulum
2454 4156 2533 4236 in
2570 4155 2915 4240 obsidem
2949 4160 3111 4268 regi
3157 4162 3394 4247 dedit.

591 4274 674 4358 Et
701 4281 1015 4362 tandem
1047 4281 1340 4363 curiam
1378 4283 1849 4393 solempnem
1893 4286 2351 4397 Ratisponae
2402 4290 2561 4371 dux
2606 4290 3052 4402 celebravit,
3093 4296 3216 4379 cui
3239 4297 3398 4380 'ar-

596 4406 1097 4520 chiepiscopus
1152 4413 1729 4526 Salzburgensis
1781 4428 1858 4500 et
1900 4446 2166 4503 omnes
2208 4421 2539 4532 episcopi
2585 4423 2972 4512 Bawariae
3017 4428 3397 4515 interfue-

598 4550 782 4622 runt.
832 4544 1219 4628 fleamus.
1277 4548 1561 4630 ALrAn.
1623 4576 1748 4659 ap.
1799 4552 2191 4660 Boanum,
2239 4555 2482 4664 Ihm„
2521 4584 2602 4666 p.
2655 4561 2841 4641 505.
2874 4607 2983 4622 —-
3017 4563 3175 4645 Rex
3219 4592 3397 4649 vero

602 4672 887 4760 collecto
960 4679 1289 4764 exercitu
1354 4683 1588 4767 movit
1642 4686 2203 4794 expeditionem
2260 4692 2624 4774 adversus
2677 4694 2952 4776 ducem
3013 4695 3399 4784 Bawariae
