<?xml version="1.0" encoding="UTF-8"?>
<!DOCTYPE html PUBLIC "-//W3C//DTD XHTML 1.0 Transitional//EN"
    "http://www.w3.org/TR/xhtml1/DTD/xhtml1-transitional.dtd">
<html xmlns="http://www.w3.org/1999/xhtml" xml:lang="en" lang="en">
 <head>
  <title>
</title>
<meta http-equiv="Content-Type" content="text/html;charset=utf-8" />
  <meta name='ocr-system' content='tesseract 3.04.00' />
  <meta name='ocr-capabilities' content='ocr_page ocr_carea ocr_par ocr_line ocrx_word'/>
</head>
<body>
  <div class='ocr_page' id='page_1' title='image "./historiadiploma00empegoog_0383.png"; bbox 0 0 4500 5956; ppageno 0'>
   <div class='ocr_carea' id='block_1_1' title="bbox 766 591 3580 674">
    <p class='ocr_par' dir='ltr' id='par_1_1' title="bbox 766 591 3580 674">
     <span class='ocr_line' id='line_1_1' title="bbox 766 591 3580 674; baseline -0.001 -16"><span class='ocrx_word' id='word_1_1' title='bbox 766 598 962 661; x_wconf 71' lang='lat' dir='ltr'>Inter.</span> <span class='ocrx_word' id='word_1_2' title='bbox 1004 597 1130 674; x_wconf 86' lang='lat'><strong>10.]</strong></span> <span class='ocrx_word' id='word_1_3' title='bbox 1659 593 2052 655; x_wconf 79' lang='lat' dir='ltr'>HISTORIA</span> <span class='ocrx_word' id='word_1_4' title='bbox 2101 591 2690 656; x_wconf 78' lang='lat' dir='ltr'>DIPLOMATICA.</span> <span class='ocrx_word' id='word_1_5' title='bbox 3459 594 3580 655; x_wconf 76' lang='lat'>925</span> 
     </span>
    </p>
   </div>
   <div class='ocr_carea' id='block_1_2' title="bbox 766 721 3577 1882">
    <p class='ocr_par' dir='ltr' id='par_1_2' title="bbox 766 721 3577 1882">
     <span class='ocr_line' id='line_1_2' title="bbox 768 721 3576 831; baseline -0.002 -22"><span class='ocrx_word' id='word_1_6' title='bbox 768 728 1049 810; x_wconf 87' lang='lat' dir='ltr'>nellam</span> <span class='ocrx_word' id='word_1_7' title='bbox 1065 787 1091 828; x_wconf 87' lang='lat'>‚</span> <span class='ocrx_word' id='word_1_8' title='bbox 1132 725 1494 808; x_wconf 71' lang='lat' dir='ltr'><strong>existente</strong></span> <span class='ocrx_word' id='word_1_9' title='bbox 1539 724 1824 806; x_wconf 83' lang='lat' dir='ltr'>ibidem</span> <span class='ocrx_word' id='word_1_10' title='bbox 1867 725 2087 807; x_wconf 85' lang='lat' dir='ltr'>Petro</span> <span class='ocrx_word' id='word_1_11' title='bbox 2131 722 2466 831; x_wconf 85' lang='lat' dir='ltr'>Teupolo</span> <span class='ocrx_word' id='word_1_12' title='bbox 2501 749 2641 831; x_wconf 92' lang='lat' dir='ltr'>pro</span> <span class='ocrx_word' id='word_1_13' title='bbox 2676 731 3064 830; x_wconf 74' lang='lat' dir='ltr'><strong>potestate.</strong></span> <span class='ocrx_word' id='word_1_14' title='bbox 3108 721 3204 803; x_wconf 82' lang='lat' dir='ltr'>Et</span> <span class='ocrx_word' id='word_1_15' title='bbox 3236 723 3576 805; x_wconf 90' lang='lat' dir='ltr'>Paduani</span> 
     </span>
     <span class='ocr_line' id='line_1_3' title="bbox 769 853 3577 963; baseline -0.001 -24"><span class='ocrx_word' id='word_1_16' title='bbox 769 858 1141 940; x_wconf 90' lang='lat' dir='ltr'>miserunt</span> <span class='ocrx_word' id='word_1_17' title='bbox 1182 858 1549 938; x_wconf 89' lang='lat' dir='ltr'>ducentos</span> <span class='ocrx_word' id='word_1_18' title='bbox 1593 855 1883 963; x_wconf 82' lang='lat' dir='ltr'>equites</span> <span class='ocrx_word' id='word_1_19' title='bbox 1918 853 2370 960; x_wconf 80' lang='lat' dir='ltr'>Tervisium,</span> <span class='ocrx_word' id='word_1_20' title='bbox 2418 865 2494 937; x_wconf 90' lang='lat' dir='ltr'>et</span> <span class='ocrx_word' id='word_1_21' title='bbox 2534 855 2975 962; x_wconf 86' lang='lat' dir='ltr'>imperator,</span> <span class='ocrx_word' id='word_1_22' title='bbox 3022 854 3339 937; x_wconf 89' lang='lat' dir='ltr'>dimisso</span> <span class='ocrx_word' id='word_1_23' title='bbox 3381 855 3577 937; x_wconf 90' lang='lat' dir='ltr'>Eze-</span> 
     </span>
     <span class='ocr_line' id='line_1_4' title="bbox 766 987 3573 1096; baseline 0 -26"><span class='ocrx_word' id='word_1_24' title='bbox 766 989 927 1072; x_wconf 91' lang='lat' dir='ltr'>lino</span> <span class='ocrx_word' id='word_1_25' title='bbox 961 988 1410 1094; x_wconf 77' lang='lat' dir='ltr'>vicentiam,</span> <span class='ocrx_word' id='word_1_26' title='bbox 1453 987 1587 1069; x_wconf 83' lang='lat' dir='ltr'>ivit</span> <span class='ocrx_word' id='word_1_27' title='bbox 1623 988 1722 1068; x_wconf 90' lang='lat' dir='ltr'>ad</span> <span class='ocrx_word' id='word_1_28' title='bbox 1756 987 2077 1092; x_wconf 83' lang='lat' dir='ltr'>Plavim,</span> <span class='ocrx_word' id='word_1_29' title='bbox 2124 987 2399 1068; x_wconf 92' lang='lat' dir='ltr'>deinde</span> <span class='ocrx_word' id='word_1_30' title='bbox 2438 987 2538 1067; x_wconf 90' lang='lat' dir='ltr'>ad</span> <span class='ocrx_word' id='word_1_31' title='bbox 2573 987 3085 1096; x_wconf 85' lang='lat' dir='ltr'>Aquilegiam,</span> <span class='ocrx_word' id='word_1_32' title='bbox 3125 1013 3259 1095; x_wconf 95' lang='lat' dir='ltr'>per</span> <span class='ocrx_word' id='word_1_33' title='bbox 3292 988 3573 1070; x_wconf 89' lang='lat' dir='ltr'>Forum</span> 
     </span>
     <span class='ocr_line' id='line_1_5' title="bbox 766 1117 3562 1203; baseline -0.001 0"><span class='ocrx_word' id='word_1_34' title='bbox 766 1121 936 1203; x_wconf 78' lang='lat' dir='ltr'>Julii</span> <span class='ocrx_word' id='word_1_35' title='bbox 973 1130 1047 1202; x_wconf 90' lang='lat' dir='ltr'>et</span> <span class='ocrx_word' id='word_1_36' title='bbox 1078 1120 1581 1202; x_wconf 87' lang='lat' dir='ltr'>Carentanam</span> <span class='ocrx_word' id='word_1_37' title='bbox 1618 1130 1693 1200; x_wconf 88' lang='lat' dir='ltr'>et</span> <span class='ocrx_word' id='word_1_38' title='bbox 1729 1117 2167 1200; x_wconf 84' lang='lat' dir='ltr'>festinanter</span> <span class='ocrx_word' id='word_1_39' title='bbox 2202 1118 2281 1199; x_wconf 91' lang='lat' dir='ltr'>in</span> <span class='ocrx_word' id='word_1_40' title='bbox 2318 1118 2874 1199; x_wconf 89' lang='lat' dir='ltr'>Alemanniam.</span> <span class='ocrx_word' id='word_1_41' title='bbox 2923 1118 3259 1201; x_wconf 79' lang='lat' dir='ltr'>Chronic.</span> <span class='ocrx_word' id='word_1_42' title='bbox 3304 1129 3562 1200; x_wconf 77' lang='lat' dir='ltr'>Patav.</span> 
     </span>
     <span class='ocr_line' id='line_1_6' title="bbox 768 1249 3574 1358; baseline 0 -26"><span class='ocrx_word' id='word_1_43' title='bbox 768 1277 890 1358; x_wconf 88' lang='lat' dir='ltr'>ap.</span> <span class='ocrx_word' id='word_1_44' title='bbox 933 1251 1348 1354; x_wconf 73' lang='lat' dir='ltr'>Mmurom,</span> <span class='ocrx_word' id='word_1_45' title='bbox 1384 1249 1622 1355; x_wconf 77' lang='lat' dir='ltr'>Antiq.</span> <span class='ocrx_word' id='word_1_46' title='bbox 1669 1252 1880 1351; x_wconf 64' lang='lat' dir='ltr'>Ital„</span> <span class='ocrx_word' id='word_1_47' title='bbox 1922 1259 1978 1330; x_wconf 90' lang='lat' dir='ltr'>t.</span> <span class='ocrx_word' id='word_1_48' title='bbox 2020 1249 2150 1354; x_wconf 87' lang='lat' dir='ltr'>IV,</span> <span class='ocrx_word' id='word_1_49' title='bbox 2188 1277 2267 1358; x_wconf 91' lang='lat' dir='ltr'>p.</span> <span class='ocrx_word' id='word_1_50' title='bbox 2313 1252 2543 1330; x_wconf 77' lang='lat'><strong>1135.</strong></span> <span class='ocrx_word' id='word_1_51' title='bbox 2605 1249 2721 1331; x_wconf 85' lang='lat' dir='ltr'>Cf.</span> <span class='ocrx_word' id='word_1_52' title='bbox 2782 1250 3177 1332; x_wconf 69' lang='lat' dir='ltr'>Romnum.</span> <span class='ocrx_word' id='word_1_53' title='bbox 3230 1277 3353 1358; x_wconf 89' lang='lat' dir='ltr'>ap.</span> <span class='ocrx_word' id='word_1_54' title='bbox 3407 1252 3574 1333; x_wconf 80' lang='lat' dir='ltr'>Mu—</span> 
     </span>
     <span class='ocr_line' id='line_1_7' title="bbox 767 1380 3568 1489; baseline 0.001 -28"><span class='ocrx_word' id='word_1_55' title='bbox 767 1407 1060 1487; x_wconf 70' lang='lat' dir='ltr'>mrem,</span> <span class='ocrx_word' id='word_1_56' title='bbox 1094 1380 1504 1489; x_wconf 62' lang='lat' dir='ltr'>Serimon,</span> <span class='ocrx_word' id='word_1_57' title='bbox 1544 1389 1602 1461; x_wconf 86' lang='lat' dir='ltr'>t.</span> <span class='ocrx_word' id='word_1_58' title='bbox 1629 1380 1831 1485; x_wconf 83' lang='lat' dir='ltr'>VIII,</span> <span class='ocrx_word' id='word_1_59' title='bbox 1868 1407 1948 1488; x_wconf 90' lang='lat' dir='ltr'>p.</span> <span class='ocrx_word' id='word_1_60' title='bbox 1991 1382 2177 1462; x_wconf 78' lang='lat'><strong>208.</strong></span> <span class='ocrx_word' id='word_1_61' title='bbox 2201 1381 2741 1488; x_wconf 88' lang='lat' dir='ltr'>—Imperator</span> <span class='ocrx_word' id='word_1_62' title='bbox 2773 1383 3028 1462; x_wconf 88' lang='lat' dir='ltr'>statim</span> <span class='ocrx_word' id='word_1_63' title='bbox 3062 1383 3141 1462; x_wconf 92' lang='lat' dir='ltr'>in</span> <span class='ocrx_word' id='word_1_64' title='bbox 3191 1382 3568 1463; x_wconf 89' lang='lat' dir='ltr'>Aleman-</span> 
     </span>
     <span class='ocr_line' id='line_1_8' title="bbox 768 1510 3570 1624; baseline 0.001 -33"><span class='ocrx_word' id='word_1_65' title='bbox 768 1511 976 1592; x_wconf 90' lang='lat' dir='ltr'>niam</span> <span class='ocrx_word' id='word_1_66' title='bbox 1037 1536 1428 1620; x_wconf 84' lang='lat' dir='ltr'>regressus</span> <span class='ocrx_word' id='word_1_67' title='bbox 1480 1520 1632 1615; x_wconf 79' lang='lat' dir='ltr'>est,</span> <span class='ocrx_word' id='word_1_68' title='bbox 1691 1510 1967 1591; x_wconf 86' lang='lat' dir='ltr'>relictis</span> <span class='ocrx_word' id='word_1_69' title='bbox 2018 1511 2098 1591; x_wconf 92' lang='lat' dir='ltr'>in</span> <span class='ocrx_word' id='word_1_70' title='bbox 2157 1512 2489 1595; x_wconf 88' lang='lat' dir='ltr'>Marchia</span> <span class='ocrx_word' id='word_1_71' title='bbox 2543 1512 3008 1617; x_wconf 80' lang='lat' dir='ltr'>[Trevisana]</span> <span class='ocrx_word' id='word_1_72' title='bbox 3062 1538 3201 1620; x_wconf 92' lang='lat' dir='ltr'>pro</span> <span class='ocrx_word' id='word_1_73' title='bbox 3252 1515 3570 1624; x_wconf 88' lang='lat' dir='ltr'>negotiis</span> 
     </span>
     <span class='ocr_line' id='line_1_9' title="bbox 767 1641 3569 1751; baseline 0.001 -29"><span class='ocrx_word' id='word_1_74' title='bbox 767 1642 1059 1751; x_wconf 91' lang='lat' dir='ltr'>imperii</span> <span class='ocrx_word' id='word_1_75' title='bbox 1102 1643 1647 1750; x_wconf 80' lang='lat' dir='ltr'>pertractandis</span> <span class='ocrx_word' id='word_1_76' title='bbox 1699 1641 1974 1724; x_wconf 81' lang='lat' dir='ltr'>comite</span> <span class='ocrx_word' id='word_1_77' title='bbox 2027 1643 2414 1725; x_wconf 84' lang='lat' dir='ltr'>Geveardo</span> <span class='ocrx_word' id='word_1_78' title='bbox 2465 1644 2561 1723; x_wconf 93' lang='lat' dir='ltr'>de</span> <span class='ocrx_word' id='word_1_79' title='bbox 2617 1643 2947 1725; x_wconf 84' lang='lat' dir='ltr'>Saxonia</span> <span class='ocrx_word' id='word_1_80' title='bbox 2989 1653 3065 1724; x_wconf 90' lang='lat' dir='ltr'>et</span> <span class='ocrx_word' id='word_1_81' title='bbox 3105 1646 3379 1726; x_wconf 86' lang='lat' dir='ltr'>comite</span> <span class='ocrx_word' id='word_1_82' title='bbox 3433 1646 3569 1727; x_wconf 90' lang='lat' dir='ltr'>Si-</span> 
     </span>
     <span class='ocr_line' id='line_1_10' title="bbox 769 1774 3144 1882; baseline 0 -26"><span class='ocrx_word' id='word_1_83' title='bbox 769 1800 995 1858; x_wconf 90' lang='lat' dir='ltr'>mone</span> <span class='ocrx_word' id='word_1_84' title='bbox 1029 1774 1420 1856; x_wconf 87' lang='lat' dir='ltr'>Theatino.</span> <span class='ocrx_word' id='word_1_85' title='bbox 1462 1774 1799 1856; x_wconf 76' lang='lat' dir='ltr'>Monach.</span> <span class='ocrx_word' id='word_1_86' title='bbox 1832 1777 2019 1855; x_wconf 84' lang='lat' dir='ltr'>Pad.</span> <span class='ocrx_word' id='word_1_87' title='bbox 2066 1774 2441 1870; x_wconf 76' lang='lat' dir='ltr'>chronic„</span> <span class='ocrx_word' id='word_1_88' title='bbox 2487 1775 2795 1871; x_wconf 82' lang='lat' dir='ltr'>Ibidem,</span> <span class='ocrx_word' id='word_1_89' title='bbox 2837 1801 2914 1882; x_wconf 88' lang='lat' dir='ltr'>p.</span> <span class='ocrx_word' id='word_1_90' title='bbox 2959 1776 3144 1857; x_wconf 81' lang='lat'><strong>675.</strong></span> 
     </span>
    </p>
   </div>
   <div class='ocr_carea' id='block_1_3' title="bbox 762 2363 3981 3132">
    <p class='ocr_par' dir='ltr' id='par_1_3' title="bbox 762 2363 3981 3132">
     <span class='ocr_line' id='line_1_11' title="bbox 871 2363 3981 2474; baseline 0.002 -29"><span class='ocrx_word' id='word_1_91' title='bbox 871 2363 1279 2472; x_wconf 86' lang='lat' dir='ltr'>Gregorius</span> <span class='ocrx_word' id='word_1_92' title='bbox 1331 2389 1531 2472; x_wconf 86' lang='lat' dir='ltr'>papa</span> <span class='ocrx_word' id='word_1_93' title='bbox 1565 2364 2056 2474; x_wconf 88' lang='lat' dir='ltr'>Aquilegensi</span> <span class='ocrx_word' id='word_1_94' title='bbox 2092 2375 2169 2446; x_wconf 92' lang='lat' dir='ltr'>et</span> <span class='ocrx_word' id='word_1_95' title='bbox 2223 2365 2590 2447; x_wconf 88' lang='lat' dir='ltr'>Gradensi</span> <span class='ocrx_word' id='word_1_96' title='bbox 2627 2365 3078 2471; x_wconf 88' lang='lat' dir='ltr'>patriarchis</span> <span class='ocrx_word' id='word_1_97' title='bbox 3092 2426 3116 2471; x_wconf 81' lang='lat'>,</span> <span class='ocrx_word' id='word_1_98' title='bbox 3156 2367 3569 2452; x_wconf 81' lang='lat' dir='ltr'>Ravennati</span> <span class='ocrx_word' id='word_1_99' title='bbox 3627 2372 3981 2467; x_wconf 50' lang='lat' dir='ltr'>d‘ss&#39;vffi&#39;ri„</span> 
     </span>
     <span class='ocr_line' id='line_1_12' title="bbox 766 2494 3571 2608; baseline 0.003 -34"><span class='ocrx_word' id='word_1_100' title='bbox 766 2502 841 2574; x_wconf 90' lang='lat' dir='ltr'>et</span> <span class='ocrx_word' id='word_1_101' title='bbox 933 2494 970 2576; x_wconf 88' lang='lat' dir='ltr'>J</span> <span class='ocrx_word' id='word_1_102' title='bbox 972 2496 1289 2577; x_wconf 91' lang='lat' dir='ltr'>anuensi</span> <span class='ocrx_word' id='word_1_103' title='bbox 1379 2496 1956 2603; x_wconf 84' lang='lat' dir='ltr'>archiepiscopis</span> <span class='ocrx_word' id='word_1_104' title='bbox 2042 2521 2461 2604; x_wconf 90' lang='lat' dir='ltr'>eorumque</span> <span class='ocrx_word' id='word_1_105' title='bbox 2550 2495 3046 2605; x_wconf 81' lang='lat' dir='ltr'>suffiaganeis</span> <span class='ocrx_word' id='word_1_106' title='bbox 3134 2501 3571 2608; x_wconf 89' lang='lat' dir='ltr'>episcopum</span> 
     </span>
     <span class='ocr_line' id='line_1_13' title="bbox 769 2624 3568 2736; baseline 0.002 -29"><span class='ocrx_word' id='word_1_107' title='bbox 769 2624 1196 2708; x_wconf 89' lang='lat' dir='ltr'>Ostiensem</span> <span class='ocrx_word' id='word_1_108' title='bbox 1267 2636 1344 2708; x_wconf 90' lang='lat' dir='ltr'>et</span> <span class='ocrx_word' id='word_1_109' title='bbox 1413 2626 1733 2709; x_wconf 86' lang='lat' dir='ltr'>Sanctae</span> <span class='ocrx_word' id='word_1_110' title='bbox 1804 2627 2128 2710; x_wconf 90' lang='lat' dir='ltr'>Sabinae</span> <span class='ocrx_word' id='word_1_111' title='bbox 2198 2627 2724 2736; x_wconf 83' lang='lat' dir='ltr'>presbyterum</span> <span class='ocrx_word' id='word_1_112' title='bbox 2801 2628 3268 2711; x_wconf 84' lang='lat' dir='ltr'>cardinalem</span> <span class='ocrx_word' id='word_1_113' title='bbox 3338 2658 3568 2713; x_wconf 92' lang='lat' dir='ltr'>com-</span> 
     </span>
     <span class='ocr_line' id='line_1_14' title="bbox 764 2747 3569 2866; baseline 0.005 -32"><span class='ocrx_word' id='word_1_114' title='bbox 764 2757 1113 2865; x_wconf 84' lang='lat' dir='ltr'>mendat,</span> <span class='ocrx_word' id='word_1_115' title='bbox 1160 2757 1443 2866; x_wconf 89' lang='lat' dir='ltr'>quibus</span> <span class='ocrx_word' id='word_1_116' title='bbox 1477 2758 1556 2839; x_wconf 91' lang='lat' dir='ltr'>in</span> <span class='ocrx_word' id='word_1_117' title='bbox 1601 2759 2097 2864; x_wconf 85' lang='lat' dir='ltr'>Lombardia,</span> <span class='ocrx_word' id='word_1_118' title='bbox 2146 2758 2479 2843; x_wconf 87' lang='lat' dir='ltr'>Marchia</span> <span class='ocrx_word' id='word_1_119' title='bbox 2523 2747 2904 2841; x_wconf 86' lang='lat' dir='ltr'>Tervisina</span> <span class='ocrx_word' id='word_1_120' title='bbox 2921 2818 2945 2864; x_wconf 85' lang='lat'>,</span> <span class='ocrx_word' id='word_1_121' title='bbox 3001 2758 3450 2846; x_wconf 91' lang='lat' dir='ltr'>Romaniola</span> <span class='ocrx_word' id='word_1_122' title='bbox 3494 2778 3569 2847; x_wconf 92' lang='lat' dir='ltr'>et</span> 
     </span>
     <span class='ocr_line' id='line_1_15' title="bbox 762 2888 3568 3002; baseline 0.002 -32"><span class='ocrx_word' id='word_1_123' title='bbox 762 2888 1106 2995; x_wconf 85' lang='lat' dir='ltr'>partibus</span> <span class='ocrx_word' id='word_1_124' title='bbox 1159 2889 1639 2972; x_wconf 91' lang='lat' dir='ltr'>Venetiarum</span> <span class='ocrx_word' id='word_1_125' title='bbox 1683 2890 2082 3000; x_wconf 87' lang='lat' dir='ltr'>legationis</span> <span class='ocrx_word' id='word_1_126' title='bbox 2125 2888 2461 2972; x_wconf 89' lang='lat' dir='ltr'>officium</span> <span class='ocrx_word' id='word_1_127' title='bbox 2523 2888 2936 2996; x_wconf 85' lang='lat' dir='ltr'>commisit,</span> <span class='ocrx_word' id='word_1_128' title='bbox 3004 2899 3090 2970; x_wconf 88' lang='lat' dir='ltr'>ut</span> <span class='ocrx_word' id='word_1_129' title='bbox 3139 2890 3247 2973; x_wconf 92' lang='lat' dir='ltr'>ibi</span> <span class='ocrx_word' id='word_1_130' title='bbox 3301 2919 3568 3002; x_wconf 87' lang='lat' dir='ltr'>pacem</span> 
     </span>
     <span class='ocr_line' id='line_1_16' title="bbox 764 3018 1803 3132; baseline 0.003 -31"><span class='ocrx_word' id='word_1_131' title='bbox 764 3018 1176 3103; x_wconf 87' lang='lat' dir='ltr'>reformare</span> <span class='ocrx_word' id='word_1_132' title='bbox 1212 3033 1618 3129; x_wconf 88' lang='lat' dir='ltr'>procurent</span> <span class='ocrx_word' id='word_1_133' title='bbox 1654 3022 1803 3132; x_wconf 87' lang='lat'><strong>(1).</strong></span> 
     </span>
    </p>
   </div>
   <div class='ocr_carea' id='block_1_4' title="bbox 927 3231 3567 3524">
    <p class='ocr_par' dir='ltr' id='par_1_4' title="bbox 927 3231 3567 3524">
     <span class='ocr_line' id='line_1_17' title="bbox 927 3231 3563 3317; baseline 0.003 -22"><span class='ocrx_word' id='word_1_134' title='bbox 927 3233 1224 3311; x_wconf 77' lang='lat' dir='ltr'>(Extract.</span> <span class='ocrx_word' id='word_1_135' title='bbox 1251 3250 1350 3310; x_wconf 81' lang='lat' dir='ltr'>ap.</span> <span class='ocrx_word' id='word_1_136' title='bbox 1378 3236 1727 3308; x_wconf 63' lang='lat' dir='ltr'>Euam„</span> <span class='ocrx_word' id='word_1_137' title='bbox 1754 3232 1969 3296; x_wconf 66' lang='lat' dir='ltr'>Amal.</span> <span class='ocrx_word' id='word_1_138' title='bbox 2012 3231 2224 3309; x_wconf 69' lang='lat' dir='ltr'>eccles„</span> <span class='ocrx_word' id='word_1_139' title='bbox 2263 3235 2343 3295; x_wconf 80' lang='lat' dir='ltr'>ad</span> <span class='ocrx_word' id='word_1_140' title='bbox 2374 3251 2515 3296; x_wconf 79' lang='lat' dir='ltr'>ann.</span> <span class='ocrx_word' id='word_1_141' title='bbox 2552 3242 2736 3307; x_wconf 75' lang='lat'><strong>12³6,</strong></span> <span class='ocrx_word' id='word_1_142' title='bbox 2781 3233 2816 3314; x_wconf 72' lang='lat'>5</span> <span class='ocrx_word' id='word_1_143' title='bbox 2844 3235 3014 3314; x_wconf 82' lang='lat' dir='ltr'>xm,</span> <span class='ocrx_word' id='word_1_144' title='bbox 3044 3253 3121 3296; x_wconf 82' lang='lat' dir='ltr'>ex</span> <span class='ocrx_word' id='word_1_145' title='bbox 3162 3245 3374 3317; x_wconf 81' lang='lat' dir='ltr'>regest.</span> <span class='ocrx_word' id='word_1_146' title='bbox 3405 3241 3563 3302; x_wconf 75' lang='lat' dir='ltr'>Gm-</span> 
     </span>
     <span class='ocr_line' id='line_1_18' title="bbox 999 3340 3567 3423; baseline 0.003 -23"><span class='ocrx_word' id='word_1_147' title='bbox 999 3356 1127 3419; x_wconf 79' lang='lat' dir='ltr'>gor.</span> <span class='ocrx_word' id='word_1_148' title='bbox 1159 3341 1269 3413; x_wconf 84' lang='lat' dir='ltr'>IX,</span> <span class='ocrx_word' id='word_1_149' title='bbox 1294 3356 1437 3401; x_wconf 85' lang='lat' dir='ltr'>ann.</span> <span class='ocrx_word' id='word_1_150' title='bbox 1469 3341 1548 3417; x_wconf 85' lang='lat' dir='ltr'>X,</span> <span class='ocrx_word' id='word_1_151' title='bbox 1574 3350 1640 3401; x_wconf 83' lang='lat' dir='ltr'>n⁰</span> <span class='ocrx_word' id='word_1_152' title='bbox 1669 3349 1810 3402; x_wconf 80' lang='lat'><strong>272.</strong></span> <span class='ocrx_word' id='word_1_153' title='bbox 1851 3341 2088 3403; x_wconf 77' lang='lat' dir='ltr'>Adsunt</span> <span class='ocrx_word' id='word_1_154' title='bbox 2127 3347 2329 3402; x_wconf 76' lang='lat' dir='ltr'>autem</span> <span class='ocrx_word' id='word_1_155' title='bbox 2368 3343 2630 3419; x_wconf 80' lang='lat' dir='ltr'>integrae</span> <span class='ocrx_word' id='word_1_156' title='bbox 2664 3340 2893 3402; x_wconf 76' lang='lat' dir='ltr'>litterae</span> <span class='ocrx_word' id='word_1_157' title='bbox 2929 3356 3026 3419; x_wconf 77' lang='lat' dir='ltr'>ap.</span> <span class='ocrx_word' id='word_1_158' title='bbox 3056 3343 3284 3406; x_wconf 84' lang='lat' dir='ltr'>eollect.</span> <span class='ocrx_word' id='word_1_159' title='bbox 3315 3345 3567 3423; x_wconf 77' lang='lat' dir='ltr'>Leporte</span> 
     </span>
     <span class='ocr_line' id='line_1_19' title="bbox 1000 3445 2297 3524; baseline 0.001 -20"><span class='ocrx_word' id='word_1_160' title='bbox 1000 3445 1084 3506; x_wconf 85' lang='lat' dir='ltr'>du</span> <span class='ocrx_word' id='word_1_161' title='bbox 1108 3446 1276 3506; x_wconf 86' lang='lat' dir='ltr'>Theil</span> <span class='ocrx_word' id='word_1_162' title='bbox 1299 3449 1364 3507; x_wconf 83' lang='lat' dir='ltr'>in</span> <span class='ocrx_word' id='word_1_163' title='bbox 1386 3445 1666 3507; x_wconf 84' lang='lat' dir='ltr'>Biblioth.</span> <span class='ocrx_word' id='word_1_164' title='bbox 1693 3449 1900 3523; x_wconf 82' lang='lat' dir='ltr'>imper.</span> <span class='ocrx_word' id='word_1_165' title='bbox 1931 3445 2297 3524; x_wconf 77' lang='lat' dir='ltr'>Parisiensi.)</span> 
     </span>
    </p>
   </div>
   <div class='ocr_carea' id='block_1_5' title="bbox 861 3596 3292 3725">
    <p class='ocr_par' dir='ltr' id='par_1_5' title="bbox 861 3596 3292 3725">
     <span class='ocr_line' id='line_1_20' title="bbox 861 3596 3292 3725; baseline 0.002 -24"><span class='ocrx_word' id='word_1_166' title='bbox 861 3631 1111 3703; x_wconf 83' lang='lat' dir='ltr'>Datum</span> <span class='ocrx_word' id='word_1_167' title='bbox 1143 3631 1551 3720; x_wconf 85' lang='lat' dir='ltr'>Interamne‚</span> <span class='ocrx_word' id='word_1_168' title='bbox 1593 3632 1683 3701; x_wconf 90' lang='lat'>111</span> <span class='ocrx_word' id='word_1_169' title='bbox 1717 3630 2042 3702; x_wconf 84' lang='lat' dir='ltr'>calendas</span> <span class='ocrx_word' id='word_1_170' title='bbox 2074 3629 2485 3720; x_wconf 88' lang='lat' dir='ltr'>decembris,</span> <span class='ocrx_word' id='word_1_171' title='bbox 2528 3630 2960 3725; x_wconf 85' lang='lat' dir='ltr'>pontificatus</span> <span class='ocrx_word' id='word_1_172' title='bbox 2992 3596 3174 3704; x_wconf 64' lang='lat' dir='ltr'>aimo</span> <span class='ocrx_word' id='word_1_173' title='bbox 3204 3635 3292 3705; x_wconf 91' lang='lat' dir='ltr'>X.</span> 
     </span>
    </p>
   </div>
   <div class='ocr_carea' id='block_1_6' title="bbox 865 4215 3872 4352">
    <p class='ocr_par' dir='ltr' id='par_1_6' title="bbox 865 4215 3872 4352">
     <span class='ocr_line' id='line_1_21' title="bbox 865 4215 3872 4352; baseline -0.001 -53"><span class='ocrx_word' id='word_1_174' title='bbox 865 4216 1291 4300; x_wconf 89' lang='lat' dir='ltr'>Fridericus</span> <span class='ocrx_word' id='word_1_175' title='bbox 1304 4280 1328 4321; x_wconf 87' lang='lat'>‚</span> <span class='ocrx_word' id='word_1_176' title='bbox 1395 4218 1916 4302; x_wconf 89' lang='lat' dir='ltr'>Romanorum</span> <span class='ocrx_word' id='word_1_177' title='bbox 1977 4218 2426 4326; x_wconf 83' lang='lat' dir='ltr'>imperator,</span> <span class='ocrx_word' id='word_1_178' title='bbox 2481 4225 2935 4298; x_wconf 85' lang='lat' dir='ltr'>conventum</span> <span class='ocrx_word' id='word_1_179' title='bbox 2998 4215 3253 4298; x_wconf 88' lang='lat' dir='ltr'>Sancti</span> <span class='ocrx_word' id='word_1_180' title='bbox 3314 4217 3559 4300; x_wconf 89' lang='lat' dir='ltr'>Lam-</span> <span class='ocrx_word' id='word_1_181' title='bbox 3714 4248 3872 4352; x_wconf 58' lang='lat'>33¹3,</span> 
     </span>
    </p>
   </div>
   <div class='ocr_carea' id='block_1_7' title="bbox 760 4351 3947 4749">
    <p class='ocr_par' dir='ltr' id='par_1_7' title="bbox 760 4351 3947 4749">
     <span class='ocr_line' id='line_1_22' title="bbox 3645 4351 3947 4397; baseline 0.01 -3"><span class='ocrx_word' id='word_1_182' title='bbox 3645 4355 3671 4395; x_wconf 80' lang='lat'><strong>7</strong></span> <span class='ocrx_word' id='word_1_183' title='bbox 3689 4351 3947 4397; x_wconf 71' lang='lat' dir='ltr'>decembrie.</span> 
     </span>
     <span class='ocr_line' id='line_1_23' title="bbox 835 4477 3562 4554; baseline 0.002 -21"><span class='ocrx_word' id='word_1_184' title='bbox 835 4478 906 4550; x_wconf 77' lang='grc'>(4)</span> <span class='ocrx_word' id='word_1_185' title='bbox 940 4478 1091 4535; x_wconf 80' lang='lat' dir='ltr'>Bane</span> <span class='ocrx_word' id='word_1_186' title='bbox 1113 4479 1316 4535; x_wconf 87' lang='lat' dir='ltr'>nullum</span> <span class='ocrx_word' id='word_1_187' title='bbox 1351 4480 1420 4536; x_wconf 86' lang='lat' dir='ltr'>ad</span> <span class='ocrx_word' id='word_1_188' title='bbox 1446 4485 1658 4554; x_wconf 86' lang='lat' dir='ltr'>tempus</span> <span class='ocrx_word' id='word_1_189' title='bbox 1689 4480 1935 4537; x_wconf 84' lang='lat' dir='ltr'>effectum</span> <span class='ocrx_word' id='word_1_190' title='bbox 1960 4479 2125 4537; x_wconf 81' lang='lat' dir='ltr'>fuisse</span> <span class='ocrx_word' id='word_1_191' title='bbox 2158 4478 2404 4535; x_wconf 83' lang='lat' dir='ltr'>sortitam</span> <span class='ocrx_word' id='word_1_192' title='bbox 2429 4477 2746 4550; x_wconf 80' lang='lat' dir='ltr'>legationem</span> <span class='ocrx_word' id='word_1_193' title='bbox 2769 4477 3063 4550; x_wconf 85' lang='lat' dir='ltr'>credimus,</span> <span class='ocrx_word' id='word_1_194' title='bbox 3087 4493 3253 4550; x_wconf 85' lang='lat' dir='ltr'>quum</span> <span class='ocrx_word' id='word_1_195' title='bbox 3275 4479 3562 4553; x_wconf 83' lang='lat' dir='ltr'>imperator</span> 
     </span>
     <span class='ocr_line' id='line_1_24' title="bbox 760 4574 3557 4652; baseline 0.001 -20"><span class='ocrx_word' id='word_1_196' title='bbox 760 4580 947 4632; x_wconf 84' lang='lat' dir='ltr'>eontra</span> <span class='ocrx_word' id='word_1_197' title='bbox 975 4578 1214 4635; x_wconf 88' lang='lat' dir='ltr'>omnium</span> <span class='ocrx_word' id='word_1_198' title='bbox 1241 4576 1541 4649; x_wconf 86' lang='lat' dir='ltr'>opinionem</span> <span class='ocrx_word' id='word_1_199' title='bbox 1566 4584 1852 4652; x_wconf 85' lang='lat' dir='ltr'>properato</span> <span class='ocrx_word' id='word_1_200' title='bbox 1876 4593 2039 4635; x_wconf 84' lang='lat' dir='ltr'>cursu</span> <span class='ocrx_word' id='word_1_201' title='bbox 2072 4577 2130 4634; x_wconf 90' lang='lat' dir='ltr'>in</span> <span class='ocrx_word' id='word_1_202' title='bbox 2155 4576 2521 4636; x_wconf 78' lang='lat' dir='ltr'>Alemanniam</span> <span class='ocrx_word' id='word_1_203' title='bbox 2551 4575 2887 4634; x_wconf 84' lang='lat' dir='ltr'>remeaverit.</span> <span class='ocrx_word' id='word_1_204' title='bbox 2915 4574 3052 4633; x_wconf 85' lang='lat' dir='ltr'>Rem</span> <span class='ocrx_word' id='word_1_205' title='bbox 3074 4591 3204 4634; x_wconf 80' lang='lat' dir='ltr'>vero</span> <span class='ocrx_word' id='word_1_206' title='bbox 3233 4577 3375 4634; x_wconf 83' lang='lat' dir='ltr'>cirea</span> <span class='ocrx_word' id='word_1_207' title='bbox 3397 4575 3557 4636; x_wconf 81' lang='lat' dir='ltr'>finem</span> 
     </span>
     <span class='ocr_line' id='line_1_25' title="bbox 761 4671 1905 4749; baseline 0.003 -22"><span class='ocrx_word' id='word_1_208' title='bbox 761 4671 889 4729; x_wconf 85' lang='lat' dir='ltr'>maii</span> <span class='ocrx_word' id='word_1_209' title='bbox 914 4676 1053 4733; x_wconf 75' lang='lat'><strong>⁴237</strong></span> <span class='ocrx_word' id='word_1_210' title='bbox 1071 4680 1401 4749; x_wconf 81' lang='lat' dir='ltr'>resumptam</span> <span class='ocrx_word' id='word_1_211' title='bbox 1428 4674 1563 4734; x_wconf 75' lang='lat' dir='ltr'>intra</span> <span class='ocrx_word' id='word_1_212' title='bbox 1585 4673 1905 4736; x_wconf 76' lang='lat' dir='ltr'>videbimus.</span> 
     </span>
    </p>
   </div>
  </div>
 </body>
</html>
