4500 5956
992 606 1112 669 938
2085 604 2699 675 ADmTAMEN'rA.

999 738 1197 826 oriri,
1253 747 1635 811 statuerunt
1687 739 1950 830 legatos
2010 761 2103 811 ex
2151 739 2255 812 eis
2305 740 2494 812 viros
2549 738 2813 811 nobiles
2862 749 2932 811 et
2987 739 3362 834 prudentes
3413 740 3502 814 ad
3556 744 3807 814 summi

1000 860 1341 957 pontificis
1393 863 1941 957 magnitudinem
1989 862 2322 956 dirigere,
2359 863 2837 936 celsitudinem
2877 870 2945 934 et
2980 863 3455 936 excellentiam
3500 886 3698 937 suam
3744 878 3811 939 et

1001 989 1425 1080 majestatem
1479 985 1721 1057 humili
1779 1006 1952 1058 voce
2005 999 2073 1058 et
2124 986 2595 1059 attentissimis
2656 984 2975 1082 precihus
3031 996 3396 1058 exorantes
3453 988 3679 1082 ipsum
3745 1000 3812 1061 et

1000 1109 1392 1181 omnimode
1440 1109 1844 1180 inducentes
1880 1117 1957 1179 ut
1990 1108 2090 1180 sic
2126 1106 2414 1205 agere[t]
2458 1119 2526 1181 et
2572 1130 2851 1205 operam
2891 1108 3239 1181 efficacem
3288 1108 3674 1208 prestare[t]
3721 1134 3809 1184 ne

995 1234 1363 1327 imperator
1397 1232 1490 1305 ad
1526 1231 1912 1304 Lonbardie
1942 1240 2167 1325 partes
2202 1232 2418 1326 possit
2447 1252 2576 1304 nec
2605 1229 2859 1303 debeat
2890 1252 3050 1303 cum
3085 1233 3398 1303 exercitu
3436 1235 3797 1323 accedere3

991 1353 1456 1449 significantes
1505 1356 1569 1427 ei
1610 1355 1667 1427 si
1715 1355 1848 1428 hoc
1890 1357 2113 1428 facere
2149 1365 2603 1450 presumeret,
2639 1354 2829 1449 quod
2870 1355 3385 1428 incommodum
3440 1358 3691 1452 pariter
3738 1367 3806 1431 et

991 1479 1472 1552 detrimentum
1500 1482 1802 1552 Romane
1828 1490 2058 1574 posset
2079 1480 2246 1553 inde
2269 1482 2598 1574 consequi
2622 1481 2946 1569 Ecclesie,
2979 1480 3098 1570 [si]
3136 1502 3298 1551 cum
3340 1481 3647 1553 exercitu
3678 1503 3802 1555 suo

990 1603 1083 1676 ad
1118 1605 1463 1676 civitatem
1496 1604 1771 1675 Ravene
1812 1603 2235 1676 accessisset.

1600 1803 2002 1897 Colloquium
2036 1806 2455 1898 imperatoris
2489 1807 2564 1877 in
2612 1808 2871 1878 civitate
2909 1807 3191 1878 Ravana.

1085 1952 1343 2027 Eodem
1373 1962 1678 2047 tempore
1712 1963 1781 2025 et
1826 1954 1896 2025 in
1934 1953 2177 2027 eadem
2215 1955 2681 2027 incarnatione
2717 1954 3116 2047 Federicus,
3156 1958 3616 2030 Romanorum
3658 1959 3800 2028 im-

985 2088 1278 2171 perator,
1333 2078 1569 2148 statuit
1634 2077 2047 2173 colloquium
2104 2079 2811 2173 archiepiscoporum,
2867 2080 3380 2173 episcoporum,
3430 2081 3794 2167 abbatum,

983 2201 1402 2295 principum,
1448 2202 1801 2292 comitum,
1857 2201 2371 2292 marchionum,
2414 2202 2750 2276 baronum
2800 2213 2871 2276 et
2906 2204 3196 2275 aliorum
3245 2204 3553 2276 virorum
3603 2204 3801 2275 nobi·

984 2324 1158 2396 lium
1188 2325 1261 2395 in
1304 2326 1580 2397 civitate
1617 2326 1892 2397 Ravene
1927 2325 1999 2395 in
2052 2326 2221 2398 sesto
2253 2325 2576 2396 Omnium
2626 2328 3056 2399 Sanctorum.
3094 2326 3275 2398 Cum
3329 2334 3559 2398 autem
3618 2325 3799 2399 idem

980 2449 1348 2543 imperator
1380 2449 1791 2544 percepisset
1824 2449 2086 2521 dictum
2127 2450 2553 2544 colloquium
2598 2451 2861 2545 integre
2899 2452 3244 2525 celebrare
3283 2451 3566 2523 minime
3601 2471 3801 2546 posse

980 2582 1256 2667 propter
1307 2573 1578 2645 illorum
1622 2572 2005 2645 absentiam
2041 2574 2163 2667 qui
2211 2574 2345 2667 ipsi
2396 2574 2741 2668 colloquio
2787 2574 3117 2647 accedere
3171 2574 3552 2662 debebant,
3603 2596 3801 2646 com-

981 2697 1331 2769 municato
1388 2695 1718 2768 conscilio
1764 2696 2161 2790 prorogavit
2187 2698 2605 2791 colloquium
2656 2718 2885 2792 usque
2934 2697 3026 2769 ad
3084 2696 3392 2770 medium
3449 2697 3792 2768 martium.

982 2819 1135 2903 Quo
1167 2820 1370 2908 facto,
1417 2818 1598 2891 idem
1646 2819 2013 2914 imperator
2051 2818 2248 2892 dedit
2293 2821 2365 2891 in
2414 2820 2758 2893 mandatis
2807 2820 3377 2917 archiepiscopis,
3421 2821 3792 2915 episcopis,

981 2943 1371 3036 comitibus,
1422 2943 1823 3031 baronibus,
1885 2944 2315 3041 principibus
2366 2955 2437 3018 et
2489 2946 2662 3019 viris
2716 2946 3070 3020 nobilibus
3125 2957 3204 3019 ut
3261 2945 3356 3019 ad
3413 2946 3795 3041 predictum

979 3068 1348 3139 terminum
1391 3069 1483 3142 ad
1534 3068 1707 3141 illud
1762 3070 2182 3164 colloquium
2231 3069 2560 3143 accedere
2608 3070 2967 3146 deberent.
3009 3073 3085 3143 In
3126 3072 3277 3168 ipsa
3310 3093 3480 3144 vero
3524 3071 3796 3144 civitate

984 3212 1242 3263 moram
1277 3191 1439 3263 fecit
1468 3213 1586 3285 per
1625 3200 1833 3263 totam
1864 3214 2158 3287 yemem.

1119 3392 1521 3485 colloquium
1566 3403 1893 3464 rectorum
1942 3393 2319 3466 Lonbardie
2367 3407 2429 3466 et
2468 3394 2920 3467 cardinalium
2951 3395 3022 3466 in
3055 3397 3321 3466 civitate
3354 3395 3664 3465 Bononia.

1076 3545 1314 3616 Mense
1358 3565 1523 3616 vero
1560 3545 1881 3639 proximo
1926 3544 2290 3639 februarii,
2328 3546 2715 3620 cardinales
2761 3556 2995 3619 sancte
3035 3545 3343 3617 Ecclesie
3381 3542 3476 3638 (a)
3510 3542 3800 3616 Iacobus

984 3668 1422 3740 Penestrinus
1478 3668 1843 3763 episcopus
1893 3670 2152 3740 electus
2204 3679 2274 3741 et
2321 3670 2477 3743 Otto
2533 3671 2709 3742 tituli
2765 3671 2996 3743 Sancti
3048 3667 3353 3741 Nicholai
3405 3668 3476 3738 in
3532 3688 3799 3739 carcere

984 3792 1297 3864 Tulliano
1334 3792 1736 3883 cardinaliS‚
1779 3794 2030 3863 summi
2066 3793 2411 3888 pontificis
2448 3795 2689 3888 legati,
2733 3814 2944 3888 super
2981 3790 3347 3865 concordia
3388 3790 3796 3883 inquirenda

983 3925 1051 3986 et
1083 3913 1557 4009 componenda
1595 3915 1771 3986 inter
1800 3916 2231 4008 Federicum,
2272 3918 2733 3991 Romanorum
2771 3917 3273 4011 imperatorem,
3305 3923 3375 3986 et
3402 3912 3795 3990 Lonbardos

985 4038 1359 4110 Bononiam
1403 4048 1858 4111 accesserunt.
1902 4040 2038 4124 Qui
2093 4062 2249 4114 cum
2305 4042 2683 4114 rectoribus
2737 4041 3080 4114 societatis
3124 4036 3511 4112 Lonbardie
3559 4038 3629 4107 in
3667 4038 3798 4108 ka-

984 4160 1211 4232 lendis
1252 4162 1476 4232 martii
1525 4163 1945 4256 colloquium
1986 4165 2058 4236 in
2093 4166 2245 4260 ipsa
2287 4174 2670 4238 statuerunt
2702 4165 3015 4251 civitate,
3064 4163 3307 4236 dantes
3344 4162 3416 4233 in
3463 4160 3800 4234 mandatis

986 4305 1110 4378 per
1144 4284 1424 4357 nuntios
1450 4305 1613 4357 suos
1641 4287 2021 4359 rectoribus
2059 4289 2354 4361 uniusou
2353 4292 2607 4384 jusque
2629 4289 2926 4362 civitatis
2952 4287 3293 4361 societatis
3319 4284 3704 4359 Lonbardie
3726 4294 3802 4354 ut

985 4407 1058 4477 in
1093 4406 1337 4478 eodem
1365 4410 1658 4480 termino
1685 4410 1776 4482 ad
1809 4411 1981 4485 illud
2006 4433 2165 4485 cum
2192 4413 2363 4485 viris
2393 4414 2850 4508 prudentibus
2873 4412 3201 4485 deberent
3227 4408 3558 4482 accedere
3596 4408 3800 4481 collo·

983 4531 1254 4624 quium.
1272 4530 1382 4602 Ad
1405 4531 1622 4625 quod,
1638 4544 1842 4627 prout
1866 4535 1937 4605 in
1968 4535 2312 4609 mandatis
2332 4536 2739 4631 habuerant,
2763 4537 3161 4610 festinanter
3178 4540 3652 4631 perrexerunt,
3667 4531 3800 4622 ibi-

1061 4704 1146 4786 (a)
1188 4707 1258 4767 In
1288 4705 1488 4767 codice
1514 4704 1832 4770 cardinalis
1858 4706 2077 4771 Scicilie
2102 4719 2173 4773 et.
