<?xml version="1.0" encoding="UTF-8"?>
<!DOCTYPE html PUBLIC "-//W3C//DTD XHTML 1.0 Transitional//EN"
    "http://www.w3.org/TR/xhtml1/DTD/xhtml1-transitional.dtd">
<html xmlns="http://www.w3.org/1999/xhtml" xml:lang="en" lang="en">
 <head>
  <title>
</title>
<meta http-equiv="Content-Type" content="text/html;charset=utf-8" />
  <meta name='ocr-system' content='tesseract 3.04.00' />
  <meta name='ocr-capabilities' content='ocr_page ocr_carea ocr_par ocr_line ocrx_word'/>
</head>
<body>
  <div class='ocr_page' id='page_1' title='image "./historiadiploma00empegoog_0269.png"; bbox 0 0 4500 5956; ppageno 0'>
   <div class='ocr_carea' id='block_1_1' title="bbox 912 644 3720 735">
    <p class='ocr_par' dir='ltr' id='par_1_1' title="bbox 912 644 3720 735">
     <span class='ocr_line' id='line_1_1' title="bbox 912 644 3720 735; baseline -0.004 -19"><span class='ocrx_word' id='word_1_1' title='bbox 912 655 1096 716; x_wconf 71' lang='lat' dir='ltr'><strong>heret.</strong></span> <span class='ocrx_word' id='word_1_2' title='bbox 1130 649 1221 735; x_wconf 83' lang='grc'><strong>9.]</strong></span> <span class='ocrx_word' id='word_1_3' title='bbox 1810 647 2201 711; x_wconf 74' lang='lat' dir='ltr'>HISTORIA</span> <span class='ocrx_word' id='word_1_4' title='bbox 2252 649 2845 713; x_wconf 73' lang='lat' dir='ltr'><strong>DIPLOMATICA.</strong></span> <span class='ocrx_word' id='word_1_5' title='bbox 3605 644 3720 705; x_wconf 90' lang='lat'><strong>811</strong></span> 
     </span>
    </p>
   </div>
   <div class='ocr_carea' id='block_1_2' title="bbox 912 780 3819 4836">
    <p class='ocr_par' dir='ltr' id='par_1_2' title="bbox 912 780 3819 4836">
     <span class='ocr_line' id='line_1_2' title="bbox 913 780 3723 879; baseline -0.004 -18"><span class='ocrx_word' id='word_1_6' title='bbox 913 788 1170 861; x_wconf 83' lang='lat' dir='ltr'><strong>firmam</strong></span> <span class='ocrx_word' id='word_1_7' title='bbox 1216 782 1409 879; x_wconf 88' lang='lat' dir='ltr'><strong>quod</strong></span> <span class='ocrx_word' id='word_1_8' title='bbox 1454 780 1552 856; x_wconf 89' lang='lat' dir='ltr'><strong>ad</strong></span> <span class='ocrx_word' id='word_1_9' title='bbox 1605 782 2092 857; x_wconf 80' lang='lat' dir='ltr'><strong>exaltationem</strong></span> <span class='ocrx_word' id='word_1_10' title='bbox 2138 784 2441 858; x_wconf 85' lang='lat' dir='ltr'><strong>Ecclesie</strong></span> <span class='ocrx_word' id='word_1_11' title='bbox 2487 807 2572 858; x_wconf 90' lang='lat' dir='ltr'><strong>ac</strong></span> <span class='ocrx_word' id='word_1_12' title='bbox 2618 784 2952 859; x_wconf 87' lang='lat' dir='ltr'><strong>catholice</strong></span> <span class='ocrx_word' id='word_1_13' title='bbox 2987 780 3149 855; x_wconf 83' lang='lat' dir='ltr'><strong>fidei</strong></span> <span class='ocrx_word' id='word_1_14' title='bbox 3196 780 3547 876; x_wconf 86' lang='lat' dir='ltr'><strong>perpetuis</strong></span> <span class='ocrx_word' id='word_1_15' title='bbox 3585 802 3723 875; x_wconf 89' lang='lat' dir='ltr'><strong>pa-</strong></span> 
     </span>
     <span class='ocr_line' id='line_1_3' title="bbox 913 905 3724 1003; baseline -0.004 -18"><span class='ocrx_word' id='word_1_16' title='bbox 913 922 1095 985; x_wconf 86' lang='lat' dir='ltr'><strong>ratus</strong></span> <span class='ocrx_word' id='word_1_17' title='bbox 1128 906 1554 1003; x_wconf 73' lang='lat' dir='ltr'>temporibus</span> <span class='ocrx_word' id='word_1_18' title='bbox 1590 905 1874 979; x_wconf 77' lang='lat' dir='ltr'><strong>studeas</strong></span> <span class='ocrx_word' id='word_1_19' title='bbox 1904 905 2242 994; x_wconf 89' lang='lat' dir='ltr'><strong>inveniri,</strong></span> <span class='ocrx_word' id='word_1_20' title='bbox 2291 907 2364 979; x_wconf 92' lang='lat' dir='ltr'><strong>in</strong></span> <span class='ocrx_word' id='word_1_21' title='bbox 2401 917 2595 980; x_wconf 89' lang='lat' dir='ltr'><strong>utero</strong></span> <span class='ocrx_word' id='word_1_22' title='bbox 2642 910 2889 981; x_wconf 87' lang='lat' dir='ltr'><strong>mentis</strong></span> <span class='ocrx_word' id='word_1_23' title='bbox 2938 926 3110 1003; x_wconf 89' lang='lat' dir='ltr'><strong>pure</strong></span> <span class='ocrx_word' id='word_1_24' title='bbox 3149 905 3580 1000; x_wconf 79' lang='lat' dir='ltr'>concipimus</span> <span class='ocrx_word' id='word_1_25' title='bbox 3602 956 3620 990; x_wconf 87' lang='lat'><strong>,</strong></span> <span class='ocrx_word' id='word_1_26' title='bbox 3652 912 3724 974; x_wconf 90' lang='lat' dir='ltr'><strong>et</strong></span> 
     </span>
     <span class='ocr_line' id='line_1_4' title="bbox 916 1026 3721 1124; baseline -0.002 -21"><span class='ocrx_word' id='word_1_27' title='bbox 916 1031 1116 1106; x_wconf 83' lang='lat' dir='ltr'><strong>fidem</strong></span> <span class='ocrx_word' id='word_1_28' title='bbox 1151 1052 1389 1104; x_wconf 91' lang='lat' dir='ltr'><strong>eorum</strong></span> <span class='ocrx_word' id='word_1_29' title='bbox 1438 1026 1821 1102; x_wconf 82' lang='lat' dir='ltr'><strong>mendaciis</strong></span> <span class='ocrx_word' id='word_1_30' title='bbox 1861 1028 2191 1103; x_wconf 90' lang='lat' dir='ltr'><strong>adhibere</strong></span> <span class='ocrx_word' id='word_1_31' title='bbox 2225 1031 2349 1124; x_wconf 90' lang='lat' dir='ltr'><strong>qui</strong></span> <span class='ocrx_word' id='word_1_32' title='bbox 2404 1031 2582 1103; x_wconf 86' lang='lat' dir='ltr'><strong>inter</strong></span> <span class='ocrx_word' id='word_1_33' title='bbox 2623 1031 2998 1104; x_wconf 82' lang='lat' dir='ltr'><strong>Ecclesiam</strong></span> <span class='ocrx_word' id='word_1_34' title='bbox 3043 1038 3112 1101; x_wconf 90' lang='lat' dir='ltr'><strong>et</strong></span> <span class='ocrx_word' id='word_1_35' title='bbox 3145 1028 3510 1122; x_wconf 87' lang='lat' dir='ltr'><strong>imperinm</strong></span> <span class='ocrx_word' id='word_1_36' title='bbox 3561 1026 3721 1098; x_wconf 90' lang='lat' dir='ltr'><strong>uni-</strong></span> 
     </span>
     <span class='ocr_line' id='line_1_5' title="bbox 914 1147 3722 1246; baseline -0.003 -20"><span class='ocrx_word' id='word_1_37' title='bbox 914 1163 1112 1228; x_wconf 84' lang='lat' dir='ltr'><strong>tatem</strong></span> <span class='ocrx_word' id='word_1_38' title='bbox 1149 1175 1191 1227; x_wconf 85' lang='lat' dir='ltr'><strong>a</strong></span> <span class='ocrx_word' id='word_1_39' title='bbox 1242 1152 1620 1227; x_wconf 77' lang='lat' dir='ltr'><strong>mediatore</strong></span> <span class='ocrx_word' id='word_1_40' title='bbox 1652 1151 1776 1223; x_wconf 88' lang='lat' dir='ltr'><strong>Dei</strong></span> <span class='ocrx_word' id='word_1_41' title='bbox 1810 1160 1880 1223; x_wconf 87' lang='lat' dir='ltr'><strong>et</strong></span> <span class='ocrx_word' id='word_1_42' title='bbox 1909 1151 2265 1225; x_wconf 89' lang='lat' dir='ltr'><strong>hominum</strong></span> <span class='ocrx_word' id='word_1_43' title='bbox 2299 1152 2683 1226; x_wconf 86' lang='lat' dir='ltr'><strong>ordinatam</strong></span> <span class='ocrx_word' id='word_1_44' title='bbox 2727 1155 3094 1226; x_wconf 81' lang='lat' dir='ltr'><strong>vulnerare</strong></span> <span class='ocrx_word' id='word_1_45' title='bbox 3127 1151 3442 1246; x_wconf 90' lang='lat' dir='ltr'><strong>cupiunt,</strong></span> <span class='ocrx_word' id='word_1_46' title='bbox 3479 1147 3722 1243; x_wconf 90' lang='lat' dir='ltr'><strong>prohi-</strong></span> 
     </span>
     <span class='ocr_line' id='line_1_6' title="bbox 912 1273 3722 1370; baseline -0.001 -20"><span class='ocrx_word' id='word_1_47' title='bbox 912 1278 1176 1350; x_wconf 88' lang='lat' dir='ltr'><strong>bemur.</strong></span> <span class='ocrx_word' id='word_1_48' title='bbox 1212 1276 1388 1349; x_wconf 90' lang='lat' dir='ltr'><strong>Nam</strong></span> <span class='ocrx_word' id='word_1_49' title='bbox 1435 1296 1595 1347; x_wconf 90' lang='lat' dir='ltr'><strong>cum</strong></span> <span class='ocrx_word' id='word_1_50' title='bbox 1646 1276 1805 1347; x_wconf 94' lang='lat' dir='ltr'><strong>olim</strong></span> <span class='ocrx_word' id='word_1_51' title='bbox 1868 1276 2300 1370; x_wconf 78' lang='lat' dir='ltr'><strong>presentibus</strong></span> <span class='ocrx_word' id='word_1_52' title='bbox 2352 1278 2730 1351; x_wconf 84' lang='lat' dir='ltr'><strong>venerabili</strong></span> <span class='ocrx_word' id='word_1_53' title='bbox 2770 1278 2957 1350; x_wconf 86' lang='lat' dir='ltr'><strong>fratri</strong></span> <span class='ocrx_word' id='word_1_54' title='bbox 2992 1275 3352 1348; x_wconf 88' lang='lat' dir='ltr'><strong>Sabinensi</strong></span> <span class='ocrx_word' id='word_1_55' title='bbox 3396 1273 3722 1370; x_wconf 85' lang='lat' dir='ltr'><strong>episcopo</strong></span> 
     </span>
     <span class='ocr_line' id='line_1_7' title="bbox 917 1398 3722 1493; baseline -0.001 -20"><span class='ocrx_word' id='word_1_56' title='bbox 917 1410 978 1473; x_wconf 91' lang='lat' dir='ltr'><strong>et</strong></span> <span class='ocrx_word' id='word_1_57' title='bbox 1009 1400 1262 1473; x_wconf 88' lang='lat' dir='ltr'><strong>dilecto</strong></span> <span class='ocrx_word' id='word_1_58' title='bbox 1292 1398 1434 1471; x_wconf 84' lang='lat' dir='ltr'><strong>filio</strong></span> <span class='ocrx_word' id='word_1_59' title='bbox 1472 1407 1704 1471; x_wconf 90' lang='lat' dir='ltr'><strong>nostro</strong></span> <span class='ocrx_word' id='word_1_60' title='bbox 1736 1399 1812 1470; x_wconf 88' lang='lat' dir='ltr'><strong>P.</strong></span> <span class='ocrx_word' id='word_1_61' title='bbox 1848 1400 2078 1471; x_wconf 90' lang='lat' dir='ltr'><strong>Sancti</strong></span> <span class='ocrx_word' id='word_1_62' title='bbox 2114 1398 2385 1493; x_wconf 84' lang='lat' dir='ltr'><strong>Georgii</strong></span> <span class='ocrx_word' id='word_1_63' title='bbox 2417 1401 2511 1473; x_wconf 92' lang='lat' dir='ltr'><strong>ad</strong></span> <span class='ocrx_word' id='word_1_64' title='bbox 2539 1402 2786 1475; x_wconf 88' lang='lat' dir='ltr'><strong>Velum</strong></span> <span class='ocrx_word' id='word_1_65' title='bbox 2825 1399 3132 1472; x_wconf 89' lang='lat' dir='ltr'><strong>Aureum</strong></span> <span class='ocrx_word' id='word_1_66' title='bbox 3160 1398 3448 1472; x_wconf 90' lang='lat' dir='ltr'><strong>diacono</strong></span> <span class='ocrx_word' id='word_1_67' title='bbox 3480 1398 3722 1470; x_wconf 89' lang='lat' dir='ltr'><strong>cardi-</strong></span> 
     </span>
     <span class='ocr_line' id='line_1_8' title="bbox 919 1522 3724 1620; baseline -0.001 -26"><span class='ocrx_word' id='word_1_68' title='bbox 919 1525 1084 1614; x_wconf 88' lang='lat' dir='ltr'><strong>nali,</strong></span> <span class='ocrx_word' id='word_1_69' title='bbox 1122 1524 1246 1617; x_wconf 89' lang='lat' dir='ltr'><strong>qui</strong></span> <span class='ocrx_word' id='word_1_70' title='bbox 1285 1523 1378 1595; x_wconf 92' lang='lat' dir='ltr'><strong>ob</strong></span> <span class='ocrx_word' id='word_1_71' title='bbox 1422 1522 1498 1595; x_wconf 92' lang='lat' dir='ltr'><strong>id</strong></span> <span class='ocrx_word' id='word_1_72' title='bbox 1528 1522 1625 1594; x_wconf 90' lang='lat' dir='ltr'><strong>ad</strong></span> <span class='ocrx_word' id='word_1_73' title='bbox 1661 1523 2140 1596; x_wconf 73' lang='lat' dir='ltr'><strong>exoettentiam</strong></span> <span class='ocrx_word' id='word_1_74' title='bbox 2177 1534 2400 1614; x_wconf 88' lang='lat' dir='ltr'><strong>tuam,</strong></span> <span class='ocrx_word' id='word_1_75' title='bbox 2433 1537 2506 1597; x_wconf 85' lang='lat' dir='ltr'><strong>te</strong></span> <span class='ocrx_word' id='word_1_76' title='bbox 2540 1534 2814 1620; x_wconf 88' lang='lat' dir='ltr'><strong>petente</strong></span> <span class='ocrx_word' id='word_1_77' title='bbox 2857 1523 3199 1617; x_wconf 88' lang='lat' dir='ltr'><strong>nobisque</strong></span> <span class='ocrx_word' id='word_1_78' title='bbox 3231 1522 3724 1594; x_wconf 84' lang='lat' dir='ltr'><strong>mandantibus</strong></span> 
     </span>
     <span class='ocr_line' id='line_1_9' title="bbox 914 1644 3726 1742; baseline -0.002 -22"><span class='ocrx_word' id='word_1_79' title='bbox 914 1654 1380 1736; x_wconf 80' lang='lat' dir='ltr'><strong>accesserunt,</strong></span> <span class='ocrx_word' id='word_1_80' title='bbox 1441 1645 1811 1718; x_wconf 88' lang='lat' dir='ltr'><strong>nonnullos</strong></span> <span class='ocrx_word' id='word_1_81' title='bbox 1861 1645 2311 1720; x_wconf 73' lang='lat' dir='ltr'><strong>subversores</strong></span> <span class='ocrx_word' id='word_1_82' title='bbox 2354 1645 2515 1721; x_wconf 87' lang='lat' dir='ltr'><strong>fidei</strong></span> <span class='ocrx_word' id='word_1_83' title='bbox 2573 1647 2788 1742; x_wconf 83' lang='lat' dir='ltr'><strong>digna</strong></span> <span class='ocrx_word' id='word_1_84' title='bbox 2845 1646 3086 1719; x_wconf 86' lang='lat' dir='ltr'><strong>feceris</strong></span> <span class='ocrx_word' id='word_1_85' title='bbox 3130 1644 3726 1719; x_wconf 86' lang='lat' dir='ltr'><strong>animadversione</strong></span> 
     </span>
     <span class='ocr_line' id='line_1_10' title="bbox 916 1768 3723 1865; baseline -0.001 -24"><span class='ocrx_word' id='word_1_86' title='bbox 916 1769 1176 1865; x_wconf 80' lang='lat' dir='ltr'><strong>puniri3</strong></span> <span class='ocrx_word' id='word_1_87' title='bbox 1241 1790 1443 1860; x_wconf 90' lang='lat' dir='ltr'><strong>cum,</strong></span> <span class='ocrx_word' id='word_1_88' title='bbox 1494 1769 1762 1863; x_wconf 90' lang='lat' dir='ltr'><strong>imperii</strong></span> <span class='ocrx_word' id='word_1_89' title='bbox 1808 1769 2073 1842; x_wconf 86' lang='lat' dir='ltr'><strong>viribus</strong></span> <span class='ocrx_word' id='word_1_90' title='bbox 2127 1780 2200 1842; x_wconf 89' lang='lat' dir='ltr'><strong>et</strong></span> <span class='ocrx_word' id='word_1_91' title='bbox 2258 1772 2455 1862; x_wconf 80' lang='lat' dir='ltr'><strong>regni</strong></span> <span class='ocrx_word' id='word_1_92' title='bbox 2507 1771 2844 1860; x_wconf 88' lang='lat' dir='ltr'><strong>collectis,</strong></span> <span class='ocrx_word' id='word_1_93' title='bbox 2893 1769 3196 1841; x_wconf 91' lang='lat' dir='ltr'><strong>Ecclesie</strong></span> <span class='ocrx_word' id='word_1_94' title='bbox 3255 1768 3723 1841; x_wconf 77' lang='lat' dir='ltr'><strong>defensionem</strong></span> 
     </span>
     <span class='ocr_line' id='line_1_11' title="bbox 920 1891 3721 1989; baseline 0 -27"><span class='ocrx_word' id='word_1_95' title='bbox 920 1912 1117 1987; x_wconf 89' lang='lat' dir='ltr'><strong>super</strong></span> <span class='ocrx_word' id='word_1_96' title='bbox 1180 1913 1323 1986; x_wconf 91' lang='lat' dir='ltr'><strong>qno</strong></span> <span class='ocrx_word' id='word_1_97' title='bbox 1369 1891 1729 1987; x_wconf 89' lang='lat' dir='ltr'><strong>sepissime</strong></span> <span class='ocrx_word' id='word_1_98' title='bbox 1770 1893 2105 1965; x_wconf 89' lang='lat' dir='ltr'><strong>serenitas</strong></span> <span class='ocrx_word' id='word_1_99' title='bbox 2148 1903 2267 1965; x_wconf 91' lang='lat' dir='ltr'><strong>tua</strong></span> <span class='ocrx_word' id='word_1_100' title='bbox 2326 1893 2533 1988; x_wconf 82' lang='lat' dir='ltr'><strong>digne</strong></span> <span class='ocrx_word' id='word_1_101' title='bbox 2593 1894 2919 1989; x_wconf 89' lang='lat' dir='ltr'><strong>preconio</strong></span> <span class='ocrx_word' id='word_1_102' title='bbox 2971 1892 3199 1965; x_wconf 89' lang='lat' dir='ltr'><strong>laudis</strong></span> <span class='ocrx_word' id='word_1_103' title='bbox 3241 1891 3598 1982; x_wconf 83' lang='lat' dir='ltr'><strong>attollitur,</strong></span> <span class='ocrx_word' id='word_1_104' title='bbox 3650 1891 3721 1963; x_wconf 93' lang='lat' dir='ltr'><strong>in</strong></span> 
     </span>
     <span class='ocr_line' id='line_1_12' title="bbox 919 2014 3728 2112; baseline -0 -25"><span class='ocrx_word' id='word_1_105' title='bbox 919 2016 1189 2111; x_wconf 83' lang='lat' dir='ltr'><strong>propria</strong></span> <span class='ocrx_word' id='word_1_106' title='bbox 1256 2035 1549 2110; x_wconf 86' lang='lat' dir='ltr'><strong>persona</strong></span> <span class='ocrx_word' id='word_1_107' title='bbox 1614 2017 2040 2112; x_wconf 76' lang='lat' dir='ltr'><strong>susceperiS,</strong></span> <span class='ocrx_word' id='word_1_108' title='bbox 2116 2027 2186 2089; x_wconf 91' lang='lat' dir='ltr'><strong>et</strong></span> <span class='ocrx_word' id='word_1_109' title='bbox 2247 2026 2328 2088; x_wconf 85' lang='lat' dir='ltr'><strong>ut</strong></span> <span class='ocrx_word' id='word_1_110' title='bbox 2398 2017 2551 2110; x_wconf 89' lang='lat' dir='ltr'><strong>ejus</strong></span> <span class='ocrx_word' id='word_1_111' title='bbox 2614 2017 2844 2089; x_wconf 89' lang='lat' dir='ltr'><strong>hostes</strong></span> <span class='ocrx_word' id='word_1_112' title='bbox 2911 2017 3321 2111; x_wconf 88' lang='lat' dir='ltr'><strong>reprimeres</strong></span> <span class='ocrx_word' id='word_1_113' title='bbox 3371 2023 3440 2086; x_wconf 90' lang='lat' dir='ltr'><strong>te</strong></span> <span class='ocrx_word' id='word_1_114' title='bbox 3492 2014 3728 2086; x_wconf 84' lang='lat' dir='ltr'><strong>multis</strong></span> 
     </span>
     <span class='ocr_line' id='line_1_13' title="bbox 916 2138 3731 2236; baseline -0 -25"><span class='ocrx_word' id='word_1_115' title='bbox 916 2138 1303 2236; x_wconf 88' lang='lat' dir='ltr'><strong>sumptibus</strong></span> <span class='ocrx_word' id='word_1_116' title='bbox 1335 2146 1406 2212; x_wconf 88' lang='lat' dir='ltr'><strong>et</strong></span> <span class='ocrx_word' id='word_1_117' title='bbox 1437 2138 1791 2212; x_wconf 90' lang='lat' dir='ltr'><strong>laboribus</strong></span> <span class='ocrx_word' id='word_1_118' title='bbox 1823 2141 2164 2234; x_wconf 76' lang='lat' dir='ltr'><strong>fatigaris3</strong></span> <span class='ocrx_word' id='word_1_119' title='bbox 2206 2162 2367 2212; x_wconf 92' lang='lat' dir='ltr'><strong>cum</strong></span> <span class='ocrx_word' id='word_1_120' title='bbox 2410 2141 2668 2236; x_wconf 90' lang='lat' dir='ltr'><strong>pluries</strong></span> <span class='ocrx_word' id='word_1_121' title='bbox 2711 2162 2831 2235; x_wconf 89' lang='lat' dir='ltr'><strong>per</strong></span> <span class='ocrx_word' id='word_1_122' title='bbox 2867 2140 3148 2212; x_wconf 92' lang='lat' dir='ltr'><strong>nuntios</strong></span> <span class='ocrx_word' id='word_1_123' title='bbox 3177 2149 3245 2211; x_wconf 90' lang='lat' dir='ltr'><strong>et</strong></span> <span class='ocrx_word' id='word_1_124' title='bbox 3277 2139 3530 2209; x_wconf 86' lang='lat' dir='ltr'><strong>litteras</strong></span> <span class='ocrx_word' id='word_1_125' title='bbox 3576 2153 3731 2210; x_wconf 85' lang='lat' dir='ltr'><strong>tuas</strong></span> 
     </span>
     <span class='ocr_line' id='line_1_14' title="bbox 920 2264 3730 2360; baseline -0.001 -21"><span class='ocrx_word' id='word_1_126' title='bbox 920 2274 981 2339; x_wconf 86' lang='lat' dir='ltr'><strong>te</strong></span> <span class='ocrx_word' id='word_1_127' title='bbox 1011 2266 1103 2339; x_wconf 90' lang='lat' dir='ltr'><strong>de</strong></span> <span class='ocrx_word' id='word_1_128' title='bbox 1136 2264 1424 2338; x_wconf 86' lang='lat' dir='ltr'><strong>consilio</strong></span> <span class='ocrx_word' id='word_1_129' title='bbox 1465 2274 1693 2338; x_wconf 85' lang='lat' dir='ltr'><strong>nostro</strong></span> <span class='ocrx_word' id='word_1_130' title='bbox 1729 2266 1801 2337; x_wconf 94' lang='lat' dir='ltr'><strong>in</strong></span> <span class='ocrx_word' id='word_1_131' title='bbox 1831 2266 2121 2360; x_wconf 80' lang='lat' dir='ltr'><strong>negotiis</strong></span> <span class='ocrx_word' id='word_1_132' title='bbox 2150 2265 2316 2339; x_wconf 88' lang='lat' dir='ltr'><strong>fidei</strong></span> <span class='ocrx_word' id='word_1_133' title='bbox 2348 2276 2420 2340; x_wconf 92' lang='lat' dir='ltr'><strong>et</strong></span> <span class='ocrx_word' id='word_1_134' title='bbox 2456 2266 2788 2339; x_wconf 88' lang='lat' dir='ltr'><strong>libertatis</strong></span> <span class='ocrx_word' id='word_1_135' title='bbox 2827 2265 3290 2338; x_wconf 81' lang='lat' dir='ltr'><strong>ecclesiastice</strong></span> <span class='ocrx_word' id='word_1_136' title='bbox 3324 2287 3408 2336; x_wconf 90' lang='lat' dir='ltr'><strong>ac</strong></span> <span class='ocrx_word' id='word_1_137' title='bbox 3440 2284 3730 2359; x_wconf 91' lang='lat' dir='ltr'><strong>recupe-</strong></span> 
     </span>
     <span class='ocr_line' id='line_1_15' title="bbox 921 2288 3810 2520; baseline -0 -60"><span class='ocrx_word' id='word_1_138' title='bbox 921 2388 1176 2462; x_wconf 90' lang='lat' dir='ltr'><strong>ratione</strong></span> <span class='ocrx_word' id='word_1_139' title='bbox 1205 2388 1468 2481; x_wconf 85' lang='lat' dir='ltr'><strong>jurium</strong></span> <span class='ocrx_word' id='word_1_140' title='bbox 1500 2389 1802 2462; x_wconf 87' lang='lat' dir='ltr'><strong>Ecclesie</strong></span> <span class='ocrx_word' id='word_1_141' title='bbox 1829 2400 1900 2463; x_wconf 85' lang='lat' dir='ltr'><strong>et</strong></span> <span class='ocrx_word' id='word_1_142' title='bbox 1934 2389 2203 2484; x_wconf 90' lang='lat' dir='ltr'><strong>imperii</strong></span> <span class='ocrx_word' id='word_1_143' title='bbox 2228 2391 2626 2486; x_wconf 88' lang='lat' dir='ltr'><strong>promiseris</strong></span> <span class='ocrx_word' id='word_1_144' title='bbox 2655 2411 3166 2486; x_wconf 88' lang='lat' dir='ltr'><strong>processurum,</strong></span> <span class='ocrx_word' id='word_1_145' title='bbox 3193 2389 3513 2482; x_wconf 79' lang='lat' dir='ltr'><strong>cogitatio</strong></span> <span class='ocrx_word' id='word_1_146' title='bbox 3546 2288 3810 2520; x_wconf 35' lang='lat' dir='ltr'><strong>recta-*³</strong></span> 
     </span>
     <span class='ocr_line' id='line_1_16' title="bbox 925 2512 3814 2648; baseline 0 -65"><span class='ocrx_word' id='word_1_147' title='bbox 925 2533 1049 2586; x_wconf 92' lang='lat' dir='ltr'><strong>non</strong></span> <span class='ocrx_word' id='word_1_148' title='bbox 1085 2512 1326 2607; x_wconf 85' lang='lat' dir='ltr'><strong>recipit</strong></span> <span class='ocrx_word' id='word_1_149' title='bbox 1358 2521 1429 2586; x_wconf 91' lang='lat' dir='ltr'><strong>et</strong></span> <span class='ocrx_word' id='word_1_150' title='bbox 1463 2513 1581 2604; x_wconf 90' lang='lat' dir='ltr'><strong>jus</strong></span> <span class='ocrx_word' id='word_1_151' title='bbox 1632 2513 1922 2586; x_wconf 87' lang='lat' dir='ltr'><strong>rationis</strong></span> <span class='ocrx_word' id='word_1_152' title='bbox 1965 2512 2247 2586; x_wconf 88' lang='lat' dir='ltr'><strong>credere</strong></span> <span class='ocrx_word' id='word_1_153' title='bbox 2301 2535 2445 2586; x_wconf 92' lang='lat' dir='ltr'><strong>non</strong></span> <span class='ocrx_word' id='word_1_154' title='bbox 2490 2514 2817 2609; x_wconf 90' lang='lat' dir='ltr'><strong>permittit</strong></span> <span class='ocrx_word' id='word_1_155' title='bbox 2849 2513 3029 2585; x_wconf 88' lang='lat' dir='ltr'><strong>utin</strong></span> <span class='ocrx_word' id='word_1_156' title='bbox 3076 2514 3305 2585; x_wconf 86' lang='lat' dir='ltr'><strong>virum</strong></span> <span class='ocrx_word' id='word_1_157' title='bbox 3357 2532 3735 2632; x_wconf 82' lang='lat' dir='ltr'><strong>conversus</strong></span> <span class='ocrx_word' id='word_1_158' title='bbox 3800 2539 3814 2648; x_wconf 31' lang='grc' dir='ltr'>ἲ</span> 
     </span>
     <span class='ocr_line' id='line_1_17' title="bbox 921 2589 3819 2744; baseline -0.001 -37"><span class='ocrx_word' id='word_1_159' title='bbox 921 2635 1121 2707; x_wconf 91' lang='lat' dir='ltr'><strong>alium</strong></span> <span class='ocrx_word' id='word_1_160' title='bbox 1168 2657 1214 2708; x_wconf 91' lang='lat' dir='ltr'><strong>a</strong></span> <span class='ocrx_word' id='word_1_161' title='bbox 1267 2646 1482 2708; x_wconf 87' lang='lat' dir='ltr'><strong>matre</strong></span> <span class='ocrx_word' id='word_1_162' title='bbox 1521 2646 1639 2709; x_wconf 87' lang='lat' dir='ltr'><strong>tua</strong></span> <span class='ocrx_word' id='word_1_163' title='bbox 1687 2637 1983 2711; x_wconf 86' lang='lat' dir='ltr'><strong>avellere</strong></span> <span class='ocrx_word' id='word_1_164' title='bbox 2026 2637 2268 2735; x_wconf 87' lang='lat' dir='ltr'><strong>cupias</strong></span> <span class='ocrx_word' id='word_1_165' title='bbox 2317 2637 2650 2711; x_wconf 89' lang='lat' dir='ltr'><strong>libertatis</strong></span> <span class='ocrx_word' id='word_1_166' title='bbox 2713 2635 3169 2710; x_wconf 86' lang='lat' dir='ltr'><strong>ecclesiastice</strong></span> <span class='ocrx_word' id='word_1_167' title='bbox 3225 2589 3727 2706; x_wconf 68' lang='lat' dir='ltr'><strong>fulcimentum.</strong></span> <span class='ocrx_word' id='word_1_168' title='bbox 3751 2651 3819 2744; x_wconf 35' lang='lat' dir='ltr'><strong>“j</strong></span> 
     </span>
     <span class='ocr_line' id='line_1_18' title="bbox 922 2758 3736 2858; baseline -0.001 -25"><span class='ocrx_word' id='word_1_169' title='bbox 922 2758 1047 2833; x_wconf 89' lang='lat' dir='ltr'><strong>Sed</strong></span> <span class='ocrx_word' id='word_1_170' title='bbox 1084 2769 1156 2833; x_wconf 88' lang='lat' dir='ltr'><strong>et</strong></span> <span class='ocrx_word' id='word_1_171' title='bbox 1194 2769 1597 2853; x_wconf 83' lang='lat' dir='ltr'><strong>argumento</strong></span> <span class='ocrx_word' id='word_1_172' title='bbox 1632 2762 1689 2834; x_wconf 89' lang='lat' dir='ltr'><strong>si</strong></span> <span class='ocrx_word' id='word_1_173' title='bbox 1740 2762 1965 2858; x_wconf 87' lang='lat' dir='ltr'><strong>placet</strong></span> <span class='ocrx_word' id='word_1_174' title='bbox 2021 2762 2120 2833; x_wconf 90' lang='lat' dir='ltr'><strong>uti</strong></span> <span class='ocrx_word' id='word_1_175' title='bbox 2161 2763 2416 2858; x_wconf 90' lang='lat' dir='ltr'><strong>poteris</strong></span> <span class='ocrx_word' id='word_1_176' title='bbox 2452 2763 2659 2835; x_wconf 91' lang='lat' dir='ltr'><strong>simili</strong></span> <span class='ocrx_word' id='word_1_177' title='bbox 2697 2782 2787 2835; x_wconf 91' lang='lat' dir='ltr'><strong>ne</strong></span> <span class='ocrx_word' id='word_1_178' title='bbox 2836 2783 2959 2856; x_wconf 89' lang='lat' dir='ltr'><strong>per</strong></span> <span class='ocrx_word' id='word_1_179' title='bbox 3007 2759 3279 2833; x_wconf 88' lang='lat' dir='ltr'><strong>sinistre</strong></span> <span class='ocrx_word' id='word_1_180' title='bbox 3321 2758 3736 2854; x_wconf 89' lang='lat' dir='ltr'><strong>suspicionis</strong></span> 
     </span>
     <span class='ocr_line' id='line_1_19' title="bbox 922 2881 3735 2982; baseline -0 -27"><span class='ocrx_word' id='word_1_181' title='bbox 922 2881 1370 2972; x_wconf 85' lang='lat' dir='ltr'><strong>absinthium,</strong></span> <span class='ocrx_word' id='word_1_182' title='bbox 1412 2893 1605 2955; x_wconf 90' lang='lat' dir='ltr'><strong>tuum</strong></span> <span class='ocrx_word' id='word_1_183' title='bbox 1640 2884 1730 2957; x_wconf 90' lang='lat' dir='ltr'><strong>de</strong></span> <span class='ocrx_word' id='word_1_184' title='bbox 1766 2885 1968 2959; x_wconf 91' lang='lat' dir='ltr'><strong>nobis</strong></span> <span class='ocrx_word' id='word_1_185' title='bbox 2000 2886 2359 2959; x_wconf 89' lang='lat' dir='ltr'><strong>amaricari</strong></span> <span class='ocrx_word' id='word_1_186' title='bbox 2396 2886 2749 2982; x_wconf 89' lang='lat' dir='ltr'><strong>permittas</strong></span> <span class='ocrx_word' id='word_1_187' title='bbox 2783 2885 3127 2970; x_wconf 90' lang='lat' dir='ltr'><strong>auditum,</strong></span> <span class='ocrx_word' id='word_1_188' title='bbox 3168 2883 3289 2976; x_wconf 89' lang='lat' dir='ltr'><strong>qui</strong></span> <span class='ocrx_word' id='word_1_189' title='bbox 3336 2882 3460 2952; x_wconf 89' lang='lat' dir='ltr'><strong>tibi</strong></span> <span class='ocrx_word' id='word_1_190' title='bbox 3496 2891 3735 2955; x_wconf 90' lang='lat' dir='ltr'><strong>contra</strong></span> 
     </span>
     <span class='ocr_line' id='line_1_20' title="bbox 922 2998 3734 3105; baseline -0 -26"><span class='ocrx_word' id='word_1_191' title='bbox 922 3025 1031 3079; x_wconf 86' lang='lat' dir='ltr'><strong>eos</strong></span> <span class='ocrx_word' id='word_1_192' title='bbox 1063 3008 1185 3101; x_wconf 89' lang='lat' dir='ltr'><strong>qui</strong></span> <span class='ocrx_word' id='word_1_193' title='bbox 1229 3007 1652 3102; x_wconf 88' lang='lat' dir='ltr'><strong>imperialem</strong></span> <span class='ocrx_word' id='word_1_194' title='bbox 1697 3010 2073 3104; x_wconf 88' lang='lat' dir='ltr'><strong>potentiam</strong></span> <span class='ocrx_word' id='word_1_195' title='bbox 2110 3010 2535 3105; x_wconf 89' lang='lat' dir='ltr'><strong>quibusdam</strong></span> <span class='ocrx_word' id='word_1_196' title='bbox 2579 3010 2880 3084; x_wconf 86' lang='lat' dir='ltr'><strong>versutis</strong></span> <span class='ocrx_word' id='word_1_197' title='bbox 2924 3007 3407 3083; x_wconf 88' lang='lat' dir='ltr'><strong>dolositatibus</strong></span> <span class='ocrx_word' id='word_1_198' title='bbox 3448 2998 3594 3079; x_wconf 81' lang='lat' dir='ltr'><strong>non&#39;</strong></span> <span class='ocrx_word' id='word_1_199' title='bbox 3633 3008 3734 3079; x_wconf 88' lang='lat' dir='ltr'><strong>le·</strong></span> 
     </span>
     <span class='ocr_line' id='line_1_21' title="bbox 924 3130 3740 3228; baseline 0.001 -28"><span class='ocrx_word' id='word_1_200' title='bbox 924 3130 1089 3204; x_wconf 86' lang='lat' dir='ltr'><strong>viter</strong></span> <span class='ocrx_word' id='word_1_201' title='bbox 1132 3130 1367 3205; x_wconf 89' lang='lat' dir='ltr'><strong>ledere</strong></span> <span class='ocrx_word' id='word_1_202' title='bbox 1410 3130 1854 3219; x_wconf 84' lang='lat' dir='ltr'><strong>videbantur,</strong></span> <span class='ocrx_word' id='word_1_203' title='bbox 1892 3142 2202 3228; x_wconf 87' lang='lat' dir='ltr'><strong>patenter</strong></span> <span class='ocrx_word' id='word_1_204' title='bbox 2243 3133 2671 3225; x_wconf 86' lang='lat' dir='ltr'><strong>adstitimus,</strong></span> <span class='ocrx_word' id='word_1_205' title='bbox 2710 3134 2834 3227; x_wconf 89' lang='lat' dir='ltr'><strong>qui</strong></span> <span class='ocrx_word' id='word_1_206' title='bbox 2871 3134 3199 3206; x_wconf 89' lang='lat' dir='ltr'><strong>honorem</strong></span> <span class='ocrx_word' id='word_1_207' title='bbox 3235 3139 3434 3203; x_wconf 91' lang='lat' dir='ltr'><strong>tuum</strong></span> <span class='ocrx_word' id='word_1_208' title='bbox 3471 3140 3607 3203; x_wconf 89' lang='lat' dir='ltr'><strong>tam</strong></span> <span class='ocrx_word' id='word_1_209' title='bbox 3662 3132 3740 3203; x_wconf 84' lang='lat' dir='ltr'><strong>in</strong></span> 
     </span>
     <span class='ocr_line' id='line_1_22' title="bbox 922 3254 3731 3349; baseline 0 -23"><span class='ocrx_word' id='word_1_210' title='bbox 922 3254 1162 3326; x_wconf 87' lang='lat' dir='ltr'><strong>minori</strong></span> <span class='ocrx_word' id='word_1_211' title='bbox 1191 3276 1402 3349; x_wconf 89' lang='lat' dir='ltr'><strong>quam</strong></span> <span class='ocrx_word' id='word_1_212' title='bbox 1436 3256 1509 3325; x_wconf 91' lang='lat' dir='ltr'><strong>in</strong></span> <span class='ocrx_word' id='word_1_213' title='bbox 1539 3255 1959 3348; x_wconf 87' lang='lat' dir='ltr'><strong>apostolatus</strong></span> <span class='ocrx_word' id='word_1_214' title='bbox 1984 3255 2207 3328; x_wconf 91' lang='lat' dir='ltr'><strong>officio</strong></span> <span class='ocrx_word' id='word_1_215' title='bbox 2237 3257 2817 3348; x_wconf 88' lang='lat' dir='ltr'><strong>constituti,bona</strong></span> <span class='ocrx_word' id='word_1_216' title='bbox 2845 3255 3011 3348; x_wconf 85' lang='lat' dir='ltr'><strong>fide,</strong></span> <span class='ocrx_word' id='word_1_217' title='bbox 3031 3257 3241 3330; x_wconf 89' lang='lat' dir='ltr'><strong>etiam</strong></span> <span class='ocrx_word' id='word_1_218' title='bbox 3264 3264 3333 3328; x_wconf 92' lang='lat' dir='ltr'><strong>te</strong></span> <span class='ocrx_word' id='word_1_219' title='bbox 3358 3256 3731 3339; x_wconf 88' lang='lat' dir='ltr'><strong>nesciente,</strong></span> 
     </span>
     <span class='ocr_line' id='line_1_23' title="bbox 922 3375 3735 3470; baseline 0 -20"><span class='ocrx_word' id='word_1_220' title='bbox 922 3377 1414 3469; x_wconf 85' lang='lat' dir='ltr'><strong>promovimus,</strong></span> <span class='ocrx_word' id='word_1_221' title='bbox 1452 3375 1643 3470; x_wconf 89' lang='lat' dir='ltr'><strong>quod</strong></span> <span class='ocrx_word' id='word_1_222' title='bbox 1668 3385 1741 3450; x_wconf 85' lang='lat' dir='ltr'><strong>et</strong></span> <span class='ocrx_word' id='word_1_223' title='bbox 1772 3378 1997 3450; x_wconf 86' lang='lat' dir='ltr'><strong>facere</strong></span> <span class='ocrx_word' id='word_1_224' title='bbox 2026 3401 2215 3451; x_wconf 89' lang='lat' dir='ltr'><strong>nunc</strong></span> <span class='ocrx_word' id='word_1_225' title='bbox 2249 3380 2430 3452; x_wconf 88' lang='lat' dir='ltr'><strong>sicut</strong></span> <span class='ocrx_word' id='word_1_226' title='bbox 2459 3391 2529 3452; x_wconf 89' lang='lat' dir='ltr'><strong>et</strong></span> <span class='ocrx_word' id='word_1_227' title='bbox 2559 3379 2921 3468; x_wconf 89' lang='lat' dir='ltr'><strong>hactenus,</strong></span> <span class='ocrx_word' id='word_1_228' title='bbox 2954 3380 3112 3453; x_wconf 91' lang='lat' dir='ltr'><strong>licet</strong></span> <span class='ocrx_word' id='word_1_229' title='bbox 3142 3379 3309 3453; x_wconf 90' lang='lat' dir='ltr'><strong>inde</strong></span> <span class='ocrx_word' id='word_1_230' title='bbox 3341 3380 3535 3452; x_wconf 92' lang='lat' dir='ltr'><strong>multi</strong></span> <span class='ocrx_word' id='word_1_231' title='bbox 3567 3379 3735 3452; x_wconf 86' lang='lat' dir='ltr'><strong>sub·</strong></span> 
     </span>
     <span class='ocr_line' id='line_1_24' title="bbox 923 3488 3737 3598; baseline 0.001 -26"><span class='ocrx_word' id='word_1_232' title='bbox 923 3509 1381 3589; x_wconf 89' lang='lat' dir='ltr'><strong>murmurent,</strong></span> <span class='ocrx_word' id='word_1_233' title='bbox 1420 3521 1558 3572; x_wconf 91' lang='lat' dir='ltr'><strong>non</strong></span> <span class='ocrx_word' id='word_1_234' title='bbox 1596 3521 1971 3574; x_wconf 88' lang='lat' dir='ltr'><strong>cessamus.</strong></span> <span class='ocrx_word' id='word_1_235' title='bbox 2012 3502 2155 3574; x_wconf 88' lang='lat' dir='ltr'><strong>Nec</strong></span> <span class='ocrx_word' id='word_1_236' title='bbox 2187 3503 2375 3575; x_wconf 90' lang='lat' dir='ltr'><strong>enim</strong></span> <span class='ocrx_word' id='word_1_237' title='bbox 2411 3488 2645 3598; x_wconf 76' lang='lat' dir='ltr'><strong>posset</strong></span> <span class='ocrx_word' id='word_1_238' title='bbox 2687 3502 2779 3585; x_wconf 88' lang='lat' dir='ltr'><strong>ad</strong></span> <span class='ocrx_word' id='word_1_239' title='bbox 2823 3503 3297 3577; x_wconf 87' lang='lat' dir='ltr'><strong>credulitatem</strong></span> <span class='ocrx_word' id='word_1_240' title='bbox 3335 3504 3470 3576; x_wconf 92' lang='lat' dir='ltr'><strong>nisi</strong></span> <span class='ocrx_word' id='word_1_241' title='bbox 3504 3504 3737 3575; x_wconf 89' lang='lat' dir='ltr'><strong>minus</strong></span> 
     </span>
     <span class='ocr_line' id='line_1_25' title="bbox 922 3623 3736 3722; baseline 0 -26"><span class='ocrx_word' id='word_1_242' title='bbox 922 3640 1097 3697; x_wconf 83' lang='lat' dir='ltr'><strong>sane</strong></span> <span class='ocrx_word' id='word_1_243' title='bbox 1127 3626 1378 3697; x_wconf 90' lang='lat' dir='ltr'><strong>mentis</strong></span> <span class='ocrx_word' id='word_1_244' title='bbox 1427 3623 1759 3698; x_wconf 88' lang='lat' dir='ltr'><strong>accedere</strong></span> <span class='ocrx_word' id='word_1_245' title='bbox 1805 3632 1881 3697; x_wconf 90' lang='lat' dir='ltr'><strong>ut</strong></span> <span class='ocrx_word' id='word_1_246' title='bbox 1926 3625 2040 3720; x_wconf 92' lang='lat' dir='ltr'><strong>pia</strong></span> <span class='ocrx_word' id='word_1_247' title='bbox 2090 3634 2308 3699; x_wconf 89' lang='lat' dir='ltr'><strong>mater</strong></span> <span class='ocrx_word' id='word_1_248' title='bbox 2352 3627 2658 3700; x_wconf 86' lang='lat' dir='ltr'><strong>Ecclesia</strong></span> <span class='ocrx_word' id='word_1_249' title='bbox 2692 3649 2832 3722; x_wconf 89' lang='lat' dir='ltr'><strong>que</strong></span> <span class='ocrx_word' id='word_1_250' title='bbox 2865 3637 2932 3700; x_wconf 91' lang='lat' dir='ltr'><strong>te</strong></span> <span class='ocrx_word' id='word_1_251' title='bbox 2980 3650 3074 3700; x_wconf 90' lang='lat' dir='ltr'><strong>ex</strong></span> <span class='ocrx_word' id='word_1_252' title='bbox 3128 3637 3248 3700; x_wconf 87' lang='lat' dir='ltr'><strong>tue</strong></span> <span class='ocrx_word' id='word_1_253' title='bbox 3300 3638 3495 3701; x_wconf 89' lang='lat' dir='ltr'><strong>utero</strong></span> <span class='ocrx_word' id='word_1_254' title='bbox 3534 3627 3736 3720; x_wconf 83' lang='lat' dir='ltr'><strong>geni-</strong></span> 
     </span>
     <span class='ocr_line' id='line_1_26' title="bbox 926 3747 3733 3846; baseline 0.001 -28"><span class='ocrx_word' id='word_1_255' title='bbox 926 3747 1103 3820; x_wconf 81' lang='lat' dir='ltr'><strong>tn&#39;cis</strong></span> <span class='ocrx_word' id='word_1_256' title='bbox 1139 3748 1233 3822; x_wconf 91' lang='lat' dir='ltr'><strong>ab</strong></span> <span class='ocrx_word' id='word_1_257' title='bbox 1269 3748 1356 3821; x_wconf 93' lang='lat' dir='ltr'><strong>iis</strong></span> <span class='ocrx_word' id='word_1_258' title='bbox 1395 3748 1519 3843; x_wconf 91' lang='lat' dir='ltr'><strong>qui</strong></span> <span class='ocrx_word' id='word_1_259' title='bbox 1557 3748 1698 3821; x_wconf 87' lang='lat' dir='ltr'><strong>vite</strong></span> <span class='ocrx_word' id='word_1_260' title='bbox 1749 3758 1820 3821; x_wconf 89' lang='lat' dir='ltr'><strong>et</strong></span> <span class='ocrx_word' id='word_1_261' title='bbox 1863 3756 2044 3822; x_wconf 89' lang='lat' dir='ltr'><strong>terre</strong></span> <span class='ocrx_word' id='word_1_262' title='bbox 2090 3758 2208 3821; x_wconf 90' lang='lat' dir='ltr'><strong>tue</strong></span> <span class='ocrx_word' id='word_1_263' title='bbox 2250 3750 2710 3823; x_wconf 87' lang='lat' dir='ltr'><strong>moliebantur</strong></span> <span class='ocrx_word' id='word_1_264' title='bbox 2753 3750 3068 3844; x_wconf 89' lang='lat' dir='ltr'><strong>insidias,</strong></span> <span class='ocrx_word' id='word_1_265' title='bbox 3120 3759 3432 3846; x_wconf 89' lang='lat' dir='ltr'><strong>potenter</strong></span> <span class='ocrx_word' id='word_1_266' title='bbox 3480 3749 3733 3843; x_wconf 88' lang='lat' dir='ltr'><strong>eripuit</strong></span> 
     </span>
     <span class='ocr_line' id='line_1_27' title="bbox 922 3870 3732 3967; baseline 0.001 -25"><span class='ocrx_word' id='word_1_267' title='bbox 922 3878 983 3942; x_wconf 86' lang='lat' dir='ltr'><strong>et</strong></span> <span class='ocrx_word' id='word_1_268' title='bbox 1013 3892 1235 3966; x_wconf 88' lang='lat' dir='ltr'><strong>usque</strong></span> <span class='ocrx_word' id='word_1_269' title='bbox 1268 3870 1364 3945; x_wconf 90' lang='lat' dir='ltr'><strong>ad</strong></span> <span class='ocrx_word' id='word_1_270' title='bbox 1390 3872 1521 3947; x_wconf 90' lang='lat' dir='ltr'><strong>hec</strong></span> <span class='ocrx_word' id='word_1_271' title='bbox 1557 3881 1863 3967; x_wconf 90' lang='lat' dir='ltr'><strong>tempora</strong></span> <span class='ocrx_word' id='word_1_272' title='bbox 1893 3871 1985 3946; x_wconf 88' lang='lat' dir='ltr'><strong>ad</strong></span> <span class='ocrx_word' id='word_1_273' title='bbox 2027 3873 2619 3946; x_wconf 82' lang='lat' dir='ltr'><strong>conservationem</strong></span> <span class='ocrx_word' id='word_1_274' title='bbox 2648 3872 2930 3947; x_wconf 89' lang='lat' dir='ltr'><strong>honoris</strong></span> <span class='ocrx_word' id='word_1_275' title='bbox 2959 3873 3065 3945; x_wconf 88' lang='lat' dir='ltr'><strong>tui</strong></span> <span class='ocrx_word' id='word_1_276' title='bbox 3091 3874 3327 3945; x_wconf 89' lang='lat' dir='ltr'><strong>multis</strong></span> <span class='ocrx_word' id='word_1_277' title='bbox 3360 3872 3732 3944; x_wconf 89' lang='lat' dir='ltr'><strong>sudoribus</strong></span> 
     </span>
     <span class='ocr_line' id='line_1_28' title="bbox 923 3992 3730 4092; baseline 0.002 -29"><span class='ocrx_word' id='word_1_278' title='bbox 923 3992 1286 4086; x_wconf 86' lang='lat' dir='ltr'><strong>laboravit,</strong></span> <span class='ocrx_word' id='word_1_279' title='bbox 1334 3995 1756 4092; x_wconf 88' lang='lat' dir='ltr'><strong>prepotentis</strong></span> <span class='ocrx_word' id='word_1_280' title='bbox 1807 3994 2095 4068; x_wconf 85' lang='lat' dir='ltr'><strong>dextere</strong></span> <span class='ocrx_word' id='word_1_281' title='bbox 2143 3994 2502 4068; x_wconf 75' lang='lat' dir='ltr'><strong>bmchium</strong></span> <span class='ocrx_word' id='word_1_282' title='bbox 2552 3995 2853 4091; x_wconf 91' lang='lat' dir='ltr'><strong>presidio</strong></span> <span class='ocrx_word' id='word_1_283' title='bbox 2895 4016 3149 4091; x_wconf 89' lang='lat' dir='ltr'><strong>sponse</strong></span> <span class='ocrx_word' id='word_1_284' title='bbox 3195 3995 3440 4067; x_wconf 82' lang='lat' dir='ltr'><strong>Christi</strong></span> <span class='ocrx_word' id='word_1_285' title='bbox 3487 3996 3730 4069; x_wconf 87' lang='lat' dir='ltr'><strong>celitus</strong></span> 
     </span>
     <span class='ocr_line' id='line_1_29' title="bbox 925 4115 3729 4216; baseline 0.001 -26"><span class='ocrx_word' id='word_1_286' title='bbox 925 4115 1325 4214; x_wconf 87' lang='lat' dir='ltr'><strong>deputatum</strong></span> <span class='ocrx_word' id='word_1_287' title='bbox 1354 4119 1730 4193; x_wconf 89' lang='lat' dir='ltr'><strong>temeritate</strong></span> <span class='ocrx_word' id='word_1_288' title='bbox 1764 4119 2133 4213; x_wconf 86' lang='lat' dir='ltr'><strong>cujuslibet</strong></span> <span class='ocrx_word' id='word_1_289' title='bbox 2167 4118 2581 4216; x_wconf 91' lang='lat' dir='ltr'><strong>suspicionis</strong></span> <span class='ocrx_word' id='word_1_290' title='bbox 2621 4119 2933 4194; x_wconf 89' lang='lat' dir='ltr'><strong>amittere</strong></span> <span class='ocrx_word' id='word_1_291' title='bbox 2970 4128 3041 4194; x_wconf 92' lang='lat' dir='ltr'><strong>et</strong></span> <span class='ocrx_word' id='word_1_292' title='bbox 3069 4119 3237 4192; x_wconf 86' lang='lat' dir='ltr'><strong>tanti</strong></span> <span class='ocrx_word' id='word_1_293' title='bbox 3273 4120 3446 4192; x_wconf 84' lang='lat' dir='ltr'><strong>velit</strong></span> <span class='ocrx_word' id='word_1_294' title='bbox 3474 4119 3729 4193; x_wconf 89' lang='lat' dir='ltr'><strong>laboris</strong></span> 
     </span>
     <span class='ocr_line' id='line_1_30' title="bbox 924 4242 3728 4340; baseline 0.001 -24"><span class='ocrx_word' id='word_1_295' title='bbox 924 4245 1234 4316; x_wconf 89' lang='lat' dir='ltr'><strong>meritum</strong></span> <span class='ocrx_word' id='word_1_296' title='bbox 1270 4265 1591 4318; x_wconf 85' lang='lat' dir='ltr'><strong>vacuare.</strong></span> <span class='ocrx_word' id='word_1_297' title='bbox 1629 4246 1888 4317; x_wconf 87' lang='lat' dir='ltr'><strong>Verum</strong></span> <span class='ocrx_word' id='word_1_298' title='bbox 1919 4265 2130 4340; x_wconf 90' lang='lat' dir='ltr'><strong>super</strong></span> <span class='ocrx_word' id='word_1_299' title='bbox 2164 4266 2249 4318; x_wconf 91' lang='lat' dir='ltr'><strong>eo</strong></span> <span class='ocrx_word' id='word_1_300' title='bbox 2285 4242 2478 4340; x_wconf 90' lang='lat' dir='ltr'><strong>quod</strong></span> <span class='ocrx_word' id='word_1_301' title='bbox 2507 4252 2576 4317; x_wconf 87' lang='lat' dir='ltr'><strong>te</strong></span> <span class='ocrx_word' id='word_1_302' title='bbox 2610 4244 2941 4339; x_wconf 89' lang='lat' dir='ltr'><strong>scripsisti</strong></span> <span class='ocrx_word' id='word_1_303' title='bbox 2984 4242 3244 4318; x_wconf 84' lang='lat' dir='ltr'><strong>exinde</strong></span> <span class='ocrx_word' id='word_1_304' title='bbox 3284 4265 3424 4317; x_wconf 91' lang='lat' dir='ltr'><strong>non</strong></span> <span class='ocrx_word' id='word_1_305' title='bbox 3460 4244 3728 4339; x_wconf 88' lang='lat' dir='ltr'><strong>absque</strong></span> 
     </span>
     <span class='ocr_line' id='line_1_31' title="bbox 923 4366 3730 4465; baseline 0.001 -26"><span class='ocrx_word' id='word_1_306' title='bbox 923 4367 1179 4442; x_wconf 88' lang='lat' dir='ltr'><strong>ratione</strong></span> <span class='ocrx_word' id='word_1_307' title='bbox 1212 4368 1448 4440; x_wconf 89' lang='lat' dir='ltr'><strong>mirari</strong></span> <span class='ocrx_word' id='word_1_308' title='bbox 1473 4366 1665 4463; x_wconf 91' lang='lat' dir='ltr'><strong>quod</strong></span> <span class='ocrx_word' id='word_1_309' title='bbox 1695 4369 1876 4441; x_wconf 89' lang='lat' dir='ltr'><strong>circa</strong></span> <span class='ocrx_word' id='word_1_310' title='bbox 1911 4369 2163 4442; x_wconf 86' lang='lat' dir='ltr'><strong>factum</strong></span> <span class='ocrx_word' id='word_1_311' title='bbox 2190 4370 2606 4465; x_wconf 87' lang='lat' dir='ltr'><strong>prelatorum</strong></span> <span class='ocrx_word' id='word_1_312' title='bbox 2639 4369 2831 4463; x_wconf 79' lang='lat' dir='ltr'><strong>regni</strong></span> <span class='ocrx_word' id='word_1_313' title='bbox 2868 4370 3060 4464; x_wconf 92' lang='lat' dir='ltr'><strong>prius</strong></span> <span class='ocrx_word' id='word_1_314' title='bbox 3093 4390 3186 4442; x_wconf 88' lang='lat' dir='ltr'><strong>ex</strong></span> <span class='ocrx_word' id='word_1_315' title='bbox 3216 4370 3365 4444; x_wconf 87' lang='lat' dir='ltr'><strong>solo</strong></span> <span class='ocrx_word' id='word_1_316' title='bbox 3394 4368 3730 4441; x_wconf 84' lang='lat' dir='ltr'><strong>fuerimus</strong></span> 
     </span>
     <span class='ocr_line' id='line_1_32' title="bbox 923 4491 3731 4589; baseline 0.003 -32"><span class='ocrx_word' id='word_1_317' title='bbox 923 4510 1190 4565; x_wconf 88' lang='lat' dir='ltr'><strong>rumore</strong></span> <span class='ocrx_word' id='word_1_318' title='bbox 1221 4491 1477 4563; x_wconf 87' lang='lat' dir='ltr'><strong>turbati</strong></span> <span class='ocrx_word' id='word_1_319' title='bbox 1505 4513 1715 4585; x_wconf 90' lang='lat' dir='ltr'><strong>quam</strong></span> <span class='ocrx_word' id='word_1_320' title='bbox 1749 4491 1841 4567; x_wconf 88' lang='lat' dir='ltr'><strong>ad</strong></span> <span class='ocrx_word' id='word_1_321' title='bbox 1878 4501 2066 4566; x_wconf 85' lang='lat' dir='ltr'><strong>tuam</strong></span> <span class='ocrx_word' id='word_1_322' title='bbox 2100 4492 2438 4582; x_wconf 87' lang='lat' dir='ltr'><strong>notitiam,</strong></span> <span class='ocrx_word' id='word_1_323' title='bbox 2477 4493 2655 4566; x_wconf 88' lang='lat' dir='ltr'><strong>sicut</strong></span> <span class='ocrx_word' id='word_1_324' title='bbox 2687 4515 2783 4568; x_wconf 84' lang='lat' dir='ltr'><strong>ex</strong></span> <span class='ocrx_word' id='word_1_325' title='bbox 2811 4493 3129 4567; x_wconf 88' lang='lat' dir='ltr'><strong>condicto</strong></span> <span class='ocrx_word' id='word_1_326' title='bbox 3152 4492 3500 4589; x_wconf 88' lang='lat' dir='ltr'><strong>sperabas,</strong></span> <span class='ocrx_word' id='word_1_327' title='bbox 3537 4495 3731 4566; x_wconf 89' lang='lat' dir='ltr'><strong>fece-</strong></span> 
     </span>
     <span class='ocr_line' id='line_1_33' title="bbox 923 4612 3729 4711; baseline 0.001 -26"><span class='ocrx_word' id='word_1_328' title='bbox 923 4612 1132 4687; x_wconf 86' lang='lat' dir='ltr'><strong>rimus</strong></span> <span class='ocrx_word' id='word_1_329' title='bbox 1177 4613 1520 4688; x_wconf 88' lang='lat' dir='ltr'><strong>insinuata</strong></span> <span class='ocrx_word' id='word_1_330' title='bbox 1551 4613 1884 4710; x_wconf 77' lang='lat' dir='ltr'><strong>perduci,</strong></span> <span class='ocrx_word' id='word_1_331' title='bbox 1922 4616 2402 4690; x_wconf 86' lang='lat' dir='ltr'><strong>vehementius</strong></span> <span class='ocrx_word' id='word_1_332' title='bbox 2433 4615 2887 4707; x_wconf 87' lang='lat' dir='ltr'><strong>admiramur,</strong></span> <span class='ocrx_word' id='word_1_333' title='bbox 2930 4617 3097 4711; x_wconf 89' lang='lat' dir='ltr'><strong>quia</strong></span> <span class='ocrx_word' id='word_1_334' title='bbox 3130 4616 3191 4688; x_wconf 91' lang='lat' dir='ltr'><strong>si</strong></span> <span class='ocrx_word' id='word_1_335' title='bbox 3242 4636 3334 4689; x_wconf 88' lang='lat' dir='ltr'><strong>an</strong></span> <span class='ocrx_word' id='word_1_336' title='bbox 3389 4613 3648 4688; x_wconf 90' lang='lat' dir='ltr'><strong>dictum</strong></span> <span class='ocrx_word' id='word_1_337' title='bbox 3685 4636 3729 4689; x_wconf 84' lang='lat' dir='ltr'><strong>a</strong></span> 
     </span>
     <span class='ocr_line' id='line_1_34' title="bbox 922 4723 3731 4836; baseline 0.002 -30"><span class='ocrx_word' id='word_1_338' title='bbox 922 4735 1091 4811; x_wconf 86' lang='lat' dir='ltr'><strong>facto</strong></span> <span class='ocrx_word' id='word_1_339' title='bbox 1120 4738 1238 4811; x_wconf 82' lang='lat' dir='ltr'><strong>vel</strong></span> <span class='ocrx_word' id='word_1_340' title='bbox 1287 4723 1538 4812; x_wconf 84' lang='lat' dir='ltr'><strong>factum</strong></span> <span class='ocrx_word' id='word_1_341' title='bbox 1583 4760 1625 4813; x_wconf 89' lang='lat' dir='ltr'><strong>a</strong></span> <span class='ocrx_word' id='word_1_342' title='bbox 1665 4738 1847 4814; x_wconf 85' lang='lat' dir='ltr'><strong>dicto</strong></span> <span class='ocrx_word' id='word_1_343' title='bbox 1883 4739 2317 4813; x_wconf 87' lang='lat' dir='ltr'><strong>existentiam</strong></span> <span class='ocrx_word' id='word_1_344' title='bbox 2352 4748 2605 4833; x_wconf 91' lang='lat' dir='ltr'><strong>sumat,</strong></span> <span class='ocrx_word' id='word_1_345' title='bbox 2643 4741 2999 4836; x_wconf 88' lang='lat' dir='ltr'><strong>inspicias,</strong></span> <span class='ocrx_word' id='word_1_346' title='bbox 3035 4748 3295 4836; x_wconf 85' lang='lat' dir='ltr'><strong>quanta</strong></span> <span class='ocrx_word' id='word_1_347' title='bbox 3338 4738 3425 4811; x_wconf 90' lang='lat' dir='ltr'><strong>sit</strong></span> <span class='ocrx_word' id='word_1_348' title='bbox 3461 4738 3731 4831; x_wconf 89' lang='lat' dir='ltr'><strong>reique</strong></span> 
     </span>
    </p>
   </div>
  </div>
 </body>
</html>
