4500 5956
1008 673 1147 736 -564
2067 677 2413 740 HENRICI
2464 679 2794 740 SEPTml
3474 679 3633 757 [Ass.
3675 678 3842 739 1232.

2493 1008 3314 1019 ——fflmu---ufi-uu-
3327 1011 3416 1020 .—-

639 1310 911 1418 ,ἕξω
1118 1304 1515 1411 HenricuS,
1558 1307 2079 1392 Romanorum
2116 1335 2281 1416 rex,
2311 1310 2754 1393 consulibus
2788 1322 2864 1394 et
2899 1308 3271 1392 universis
3304 1310 3594 1393 civibus
3610 1309 3836 1392 Wor-

650 1418 702 1460 ¹⁷
733 1419 901 1461 ''²⁸¹⁸'’
1009 1440 1507 1522 matiensibus
1543 1439 1890 1549 indulget
1925 1449 2010 1521 ut
2037 1438 2260 1548 juxta
2294 1439 2626 1523 formam
2660 1443 3231 1551 privilegiorum
3268 1444 3378 1526 eis
3413 1469 3459 1525 a
3494 1441 3828 1551 praede-

1006 1571 1433 1655 cessoribus
1470 1572 1628 1653 suis
1663 1571 2135 1653 indultorum
2163 1632 2186 1676 ,
2220 1570 2440 1681 jura,
2479 1573 2864 1657 libertates
2907 1584 2981 1658 et
3016 1574 3423 1658 consilium
3455 1573 3823 1678 habeant,

1005 1705 1216 1787 salva
1250 1714 1506 1787 tamen
1543 1705 1889 1787 libertate
1921 1703 2279 1787 ecclesiae
2304 1707 2913 1791 WormatiensiS.

1167 1944 1436 2018 (Edider.
1465 1944 1745 2018 Monta-z,
1789 1942 2185 2026 Abhandlunq
2206 1962 2320 2007 von
2356 1947 2579 2008 Worms
2598 1991 2620 2024 ,
2666 1965 2728 2026 p.
2767 1957 2904 2010 162.
2932 1979 3007 1993 —
3032 1948 3483 2010 Hmssmnm
3504 1989 3523 2021 ,
3564 1942 3814 2025 Diplom.

1246 2050 1457 2111 Beweis
1483 2049 1580 2113 des
1603 2050 1770 2113 hm.
1800 2049 2043 2114 Holtenl.
2070 2097 2090 2131 ,
2137 2059 2185 2114 t.
2215 2054 2276 2114 11
2297 2096 2317 2127 ,
2357 2071 2421 2132 p.
2445 2063 2586 2117 277.
2612 2088 2695 2100 -
2714 2054 3012 2116 Lunswro
3037 2100 3056 2135 ,
3091 2052 3279 2135 Reliq.
3310 2068 3624 2123 manuscr„
3654 2058 3702 2111 t.
3726 2051 3816 2124 11,

1231 2174 1293 2235 p.
1328 2158 1489 2235 182.)

1092 2370 1467 2457 Henricus,
1521 2370 1643 2443 Dei
1689 2371 1908 2465 gratia
1958 2370 2420 2443 Romanorum
2469 2393 2596 2443 rex
2639 2381 2709 2444 et
2751 2392 3021 2466 semper
3069 2381 3448 2466 augustae,
3496 2369 3820 2443 fidelibus

991 2492 1173 2585 suis,
1215 2493 1618 2566 consulibus
1664 2504 1733 2565 et
1769 2493 2111 2566 universis
2169 2495 2445 2566 civibus
2493 2497 3115 2569 Wormatiensibus
3159 2496 3449 2590 gratiam
3492 2515 3691 2566 suam
3745 2504 3815 2566 et

989 2637 1196 2688 omne
1237 2617 1524 2689 bonum.
1579 2618 1697 2688 Pia
1751 2616 2346 2691 animadversione
2396 2619 2908 2693 considerantes
2952 2619 3260 2715 preclara
3303 2617 3636 2711 obsequia
3674 2638 3813 2710 que

986 2740 1247 2834 pluries
1282 2741 1604 2813 exhibuit
1636 2740 1839 2814 nobis
1873 2741 2291 2813 universitas
2322 2751 2549 2815 vestra
2585 2754 2655 2816 et
2689 2744 2760 2816 in
2800 2753 3181 2840 posterum,
3235 2739 3444 2813 dante
3490 2740 3804 2827 Domino,

988 2865 1237 2959 poterit
1271 2864 1627 2956 exhibere,
1668 2866 1824 2959 jura
1856 2876 1926 2937 et
1965 2865 2312 2937 libertates
2346 2875 2610 2939 vestras
2648 2890 2690 2940 a
2730 2866 2915 2939 divis
2963 2864 3515 2961 progenitoribus
3563 2863 3811 2935 nostris

984 2988 1187 3062 vobis
1232 2990 1539 3062 indultas
1584 2992 1811 3063 illesas
1860 2992 2184 3064 volumus
2218 3012 2660 3083 conservare,
2696 2993 2930 3064 fovere
2965 3012 3091 3063 vos
3123 2989 3431 3060 volentes
3459 2999 3525 3060 et
3558 3008 3810 3057 manu-

990 3124 1263 3202 tenere,
1300 3125 1505 3210 prout
1552 3115 1743 3208 regie
1785 3117 2104 3209 congruit
2150 3116 2517 3187 honestati.
2568 3118 2750 3187 Sane
2777 3116 2943 3209 quia
2977 3112 3456 3187 serenissimus
3487 3111 3811 3184 dominus

986 3238 1356 3331 imperator
1393 3249 1586 3333 pater
1625 3248 1856 3312 noster
1889 3249 2117 3313 nostre
2152 3217 2402 3313 ditioni
2444 3239 2804 3335 deputavit
2846 3249 3093 3311 terram
3127 3236 3511 3307 Allamanie
3541 3234 3811 3329 plenius

984 3372 1056 3435 et
1086 3363 1457 3454 commisit,
1495 3363 1917 3436 intendimus
1970 3365 2039 3434 in
2077 3385 2160 3438 ea
2196 3363 2564 3458 disponere
2599 3373 2670 3437 et
2700 3362 3021 3435 ordinare
3058 3356 3247 3453 quod
3280 3358 3482 3430 nobis
3524 3366 3591 3430 et
3628 3356 3813 3429 fide-

979 3487 1165 3560 libus
1215 3487 1468 3559 nostris
1516 3486 1795 3559 videtur
1837 3487 2220 3583 expediens
2264 3496 2334 3559 et
2381 3488 2809 3573 consultum;
2866 3490 3241 3556 statuentes
3294 3488 3365 3551 et
3409 3478 3810 3551 auctoritate

978 3610 1171 3703 regia
1208 3610 1408 3681 vobis
1442 3609 1885 3701 indulgentes
1922 3619 1999 3682 ut
2026 3611 2231 3702 juxta
2269 3610 2553 3681 formam
2592 3608 3106 3704 privilegiorum
3150 3602 3353 3676 vobis
3384 3623 3424 3672 a
3453 3599 3637 3672 divis
3675 3597 3806 3668 im·

978 3732 1410 3832 peratoribus
1455 3741 1526 3804 et
1571 3733 1850 3827 regibus
1887 3731 2350 3825 indultorum,
2398 3734 2592 3805 salva
2639 3741 2865 3804 tamen
2915 3730 3224 3800 libertate
3272 3724 3559 3796 ecclesie
3593 3723 3808 3793 Wor-

979 3857 1358 3948 matieusis,
1383 3857 1542 3948 jura
1574 3865 1643 3929 et
1670 3856 2015 3930 libertates
2041 3866 2308 3929 vestras
2336 3863 2408 3927 et
2432 3854 2794 3927 consilium
2825 3849 3136 3925 habeatis
3162 3848 3222 3941 (l
3240 3845 3293 3943 ),
3327 3856 3395 3918 et
3423 3843 3805 3918 secundum

982 3992 1282 4083 vestram
1316 3981 1887 4055 consuetudinem
1921 3981 2399 4076 approbatam,
2436 3981 2632 4053 velut
2664 3977 3039 4064 hactenus,
3087 3971 3384 4042 civitatis
3418 3978 3644 4041 vestre
3672 3966 3810 4039 ho-

976 4107 1129 4178 nori
1159 4116 1229 4176 et
1259 4106 1623 4178 commodo
1655 4105 1948 4178 fideliter
1973 4105 2396 4178 intendatur.

1076 4227 1327 4297 Datum
1362 4226 1553 4319 apud
1590 4226 2009 4320 Augustam,
2048 4229 2202 4300 XVI
2234 4225 2564 4298 kalendas
2599 4222 2868 4316 aprilis,
2912 4215 3286 4290 indictione
3320 4215 3588 4308 quinta.

1052 4584 1123 4658 (⁴)
1155 4583 1311 4653 Quod
1351 4531 1566 4655 penitus
1597 4586 1866 4638 cassatum
1896 4585 2008 4650 est,
2045 4578 2525 4637 intervenientibus
2558 4574 2848 4649 privilegiis
2876 4572 3104 4630 nem-ico
3128 4567 3514 4628 wormatiensi
3553 4565 3806 4640 episcopo

981 4682 1147 4758 paulo
1172 4686 1298 4756 post
1322 4681 1377 4737 in
1398 4681 1548 4737 curia
1574 4679 1821 4738 Utinensi
1844 4678 2081 4735 indultis·
2114 4675 2195 4735 cf.
2223 4691 2417 4749 supra,
2439 4691 2495 4747 p.
2519 4676 2623 4729 335
2647 4676 2703 4728 et
2728 4686 2879 4743 seqq.
