4500 5956
661 1216 1036 1319 *adas*-

1086 640 1212 704 644
2134 645 2483 707 HENRICI
2526 646 2862 707 SEPTml
3542 644 3701 724 [Arm.
3738 645 3907 708 1234.

1191 1204 1592 1311 HenricuS,
1631 1204 2149 1288 Romanorum
2202 1232 2374 1314 rex,
2428 1207 2527 1289 ad
2582 1205 3138 1316 querimoniam
3183 1206 3723 1288 canonicorum
3757 1228 3900 1286 ec—

1081 1338 1353 1421 clesiae
1398 1337 1599 1421 beati
1645 1337 1959 1421 Servatii
2013 1338 2091 1418 in
2148 1337 2522 1448 TrajectO,
2560 1365 2654 1421 ex
2708 1339 3076 1422 sententia
3117 1340 3546 1448 principum
3580 1339 3898 1421 denun-

1078 1470 1212 1554 tiat
1247 1470 1687 1579 episcopum
1722 1470 2211 1554 Leodiensem
2247 1470 2544 1554 nullam
2570 1470 3173 1581 jurisdictionem
3207 1472 3488 1555 habere
3520 1472 3602 1552 in
3629 1470 3894 1553 eadem

1078 1603 1394 1687 ecclesia
1457 1627 1655 1712 quae
1714 1627 1920 1684 mere
1990 1611 2065 1684 et
2115 1601 2350 1685 libere
2422 1604 2519 1685 ad
2591 1603 2998 1713 imperium
3049 1604 3580 1687 tantummodo
3641 1600 3892 1711 perti-

1074 1761 1256 1819 nere
1299 1735 1747 1841 dinoscitur,
1790 1733 2163 1844 illumque
2219 1760 2361 1842 pro
2413 1736 2761 1844 expensis
2814 1736 2893 1817 in
2947 1746 3255 1819 centum
3311 1734 3592 1817 marcis
3647 1732 3889 1817 Colo-

1069 1867 1463 1951 niensibus
1495 1869 1978 1950 condemnat.

1232 2080 1442 2161 (Edld.
1495 2081 1807 2156 Munus,
1860 2081 2029 2161 oper.
2080 2079 2354 2161 dapem„
2398 2088 2546 2142 tom.
2600 2081 2709 2158 I‘V,
2753 2099 2817 2159 p.
2865 2090 3013 2158 237,
3051 2083 3185 2143 coll.
3225 2099 3363 2143 cum
3406 2080 3660 2143 chartul.
3709 2080 3882 2145 MSS.

1312 2189 1378 2252 S.
1408 2188 1664 2262 Servat„
1693 2191 1755 2249 ln
1783 2188 2056 2249 biblioth.
2086 2187 2306 2262 Paris„
2336 2194 2384 2249 t.
2414 2190 2468 2264 Ι,
2495 2187 2600 2251 fol.
2637 2197 2713 2250 34
2740 2194 2921 2265 recto,
2952 2195 3014 2250 et
3036 2194 3186 2250 tom.
3214 2189 3329 2263 111,
3353 2187 3459 2249 fol.
3486 2196 3564 2249 46
3590 2186 3803 2268 recto.)

1162 2371 1532 2463 Henricu3‚
1574 2370 1707 2443 Dei
1742 2371 1962 2465 gratia
2004 2372 2467 2444 Romanorum
2510 2392 2637 2443 rex
2686 2392 2957 2467 semper
3000 2381 3368 2466 augustuS,
3426 2367 3751 2441 omnibus
3804 2367 3881 2439 iu

1064 2504 1498 2590 perpetuum.
1532 2494 1706 2566 Cum
1746 2493 2039 2566 dilectus
2073 2496 2467 2589 capellanus
2509 2504 2739 2567 noster
2770 2493 3054 2590 Sybodo
3099 2492 3442 2587 Aquensis
3478 2489 3782 2563 decanus
3808 2497 3878 2563 et

1058 2618 1432 2691 canonicus
1455 2616 1747 2690 ecclesie
1786 2617 1968 2689 beati
2000 2617 2291 2688 Servatii
2317 2618 2389 2687 in
2426 2617 2730 2708 Trajecto
2756 2638 2838 2688 ac
2873 2616 3079 2689 ceteri
3116 2612 3560 2706 Trajectensis
3589 2611 3876 2684 ecclesie

1058 2742 1370 2815 canonici
1403 2739 1887 2836 conquerendo
1922 2749 2427 2834 proposuerunt
2455 2741 2690 2835 sepius
2735 2762 2966 2813 coram
3010 2739 3209 2812 nobis
3233 2737 3426 2832 quod
3461 2736 3876 2810 venerabilis

1057 2866 1378 2962 princeps
1421 2874 1652 2938 noster
1692 2862 2091 2937 Leodiensis
2137 2863 2506 2958 episcopus
2558 2883 2768 2958 super
2819 2863 3035 2957 ipsam
3079 2861 3438 2935 ecclesiam
3474 2868 3772 2932 nostram
3806 2868 3876 2933 et

978 3063 983 3068 ,
1055 2990 1338 3063 eosdem
1369 2990 1736 3063 canonicos
1763 2989 2149 3083 capellanos
2174 2999 2445 3061 nostros
2476 3009 2613 3061 non
2647 2989 2872 3061 solum
2913 2987 3046 3059 sibi
3070 2985 3612 3079 jurisdictionem
3641 2994 3876 3058 contra

1048 3113 1386 3206 justitiam
1420 3112 1818 3207 usurpavit,
1875 3135 2114 3185 verum
2169 3113 2375 3185 etiam
2428 3112 2838 3184 authoritate
2868 3110 3142 3206 propria
3195 3108 3286 3182 de
3321 3111 3534 3200 fact0,
3590 3130 3750 3181 cum
3781 3110 3873 3183 de

1049 3238 1208 3329 jure
1235 3235 1656 3329 nequiverit,
1700 3244 1935 3309 contra
1963 3236 2308 3308 libertates
2336 3236 2557 3329 ipsius
2573 3235 2860 3308 ecclesie
2896 3256 2980 3306 ac
3010 3235 3082 3304 in
3108 3231 3570 3328 prejudicium
3599 3231 3873 3327 imperii

1055 3367 1126 3430 et
1163 3367 1471 3429 nostrum
1504 3359 1576 3429 in
1604 3379 1729 3431 eos
1758 3358 2487 3432 excommunicationis
2517 3358 2920 3433 sententiam
2947 3357 3450 3452 promulgavit,
3503 3355 3674 3429 alias
3702 3356 3871 3450 ipsis

1056 3481 1432 3574 injuriosus
1464 3482 1773 3554 existens
1794 3482 2169 3576 plurimum
2186 3491 2257 3555 et
2278 3483 2642 3573 molestus,
2680 3504 2812 3555 nos
2829 3502 2989 3554 eum
3017 3479 3110 3554 ad
3136 3479 3548 3577 presentiam
3567 3487 3868 3552 nostram

1053 3605 1419 3677 citavimus
1450 3626 1660 3701 super
1695 3626 1814 3695 en,
1851 3605 2052 3676 certis
2091 3613 2161 3678 et
2202 3605 2528 3699 legitimis
2560 3606 2623 3679 ei
2656 3605 2964 3677 terminis
3002 3602 3388 3697 assignatis.
3430 3602 3599 3673 Cum
3637 3612 3867 3675 autem

1050 3728 1126 3801 in
1156 3729 1398 3801 ultimo
1433 3727 1890 3825 peremptorio
1931 3727 2123 3823 apud
2171 3729 2489 3800 Luteram
2529 3750 2669 3801 non
2705 3727 3153 3823 personaliter
3190 3726 3687 3820 comparuisset
3735 3748 3867 3799 nec

1050 3852 1301 3948 aliquis
1356 3851 1769 3946 responsalis
1819 3873 1947 3947 pro
2000 3872 2117 3944 ec,
2187 3861 2256 3924 et
2313 3852 2675 3946 probatum
2738 3851 2979 3923 fuisset
3029 3849 3445 3921 sufficienter
3490 3870 3614 3942 per
3660 3858 3866 3921 testes

1049 3974 1336 4048 idoneos
1368 3997 1596 4050 coram
1629 3975 1830 4049 nobis
1857 3974 2047 4069 quod
2075 3985 2239 4047 tunc
2257 3975 2669 4048 deberemus
2683 3974 2851 4068 ipsis
2876 3972 3225 4046 canonicis
3247 3974 3471 4044 facere
3492 3972 3855 4062 justitiam,

1048 4099 1214 4192 quia
1240 4100 1742 4193 querimoniam
1771 4121 1978 4171 cause
2003 4120 2130 4171 sue
2150 4100 2340 4191 juste
2364 4109 2435 4171 et
2462 4097 2953 4171 rationabiliter
2975 4096 3320 4192 prosecuti
3352 4095 3674 4186 fuissent3
3711 4094 3863 4167 dir-

1048 4217 1403 4291 finivimus
1431 4243 1555 4315 per
1591 4221 2020 4309 sententiam,
2058 4241 2103 4293 a
2156 4220 2583 4317 principibus
2616 4230 2686 4294 et
2735 4221 3172 4314 magnatibus
3214 4217 3336 4312 qui
3375 4229 3542 4289 tunc
3575 4216 3864 4291 aderant

1051 4341 1522 4437 approbatam,
1585 4342 1778 4436 quod
1822 4365 1952 4415 nec
1981 4343 2168 4417 idem
2204 4344 2573 4439 episcopus
2618 4365 2748 4416 nec
2782 4344 3033 4437 aliquis
3072 4361 3543 4415 successorum
3576 4360 3859 4413 suorum

1044 4463 1304 4537 habeat
1331 4466 1444 4536 vel
1470 4465 1723 4537 habere
1749 4465 1998 4572 debeat
2023 4466 2097 4536 in
2123 4465 2368 4540 eadem
2395 4467 2680 4539 ecclesia
2708 4476 2936 4540 nostra
2957 4466 3258 4561 aliquam
3279 4462 3852 4556 jurisdictionem,

1047 4588 1213 4683 quia
1248 4607 1436 4659 mere
1469 4597 1538 4659 et
1564 4588 1779 4661 libere
1815 4597 2080 4660 tantum
2115 4589 2203 4661 ad
2241 4589 2604 4683 imperium
2647 4598 2718 4661 et
2766 4590 2858 4663 ad
2894 4611 3020 4662 uos
3050 4587 3428 4662 dinoscitur
3474 4586 3849 4682 pertinere,

1049 4712 1227 4783 sicut
1262 4719 1528 4785 constat
1558 4732 1650 4783 ex
1677 4709 1971 4785 diversis
2004 4710 2384 4806 privilegiis
2415 4712 2641 4786 eidem
2675 4713 2963 4787 ecclesie
2993 4712 3277 4787 indultis
3320 4733 3362 4784 a
3407 4709 3659 4782 nostris
3693 4729 3853 4804 pro-
