4500 5956
992 588 1112 651 562
2034 584 2379 645 namuel
2425 583 2764 645 SEP'rlm
3429 583 3588 663 [Anax.
3627 584 3801 646 1232.

1085 720 1479 812 Heinricus‚
1517 719 1642 792 Dei
1688 720 1909 814 gratia
1957 720 2423 792 Romanorum
2464 740 2596 792 rex
2635 729 2707 792 et
2750 739 3024 815 semper
3068 726 3409 814 augustus
3429 776 3446 807 ,
3485 718 3812 793 fidelibus

990 844 1136 917 suis
1171 844 1476 916 scultetis
1501 853 1571 917 et
1606 845 1950 918 universis
1988 845 2261 917 civibus
2298 844 2386 918 de
2412 844 2867 937 Frankinfort,
2904 843 2995 917 de
3015 843 3412 939 Wepflaria,
3453 843 3545 918 de
3573 845 3810 921 Fride·

992 968 1161 1061 berg
1198 977 1265 1042 et
1302 962 1393 1041 de
1433 968 1875 1043 Geilinhusen
1913 969 2205 1065 gratiam
2249 990 2449 1041 suam
2491 978 2559 1041 et
2601 989 2804 1041 omne
2845 968 3131 1041 bonum.
3176 968 3640 1041 Constantiam
3681 968 3815 1042 de-

990 1093 1292 1166 votionis
1331 1102 1556 1167 voetre
1601 1102 1669 1166 et
1702 1094 2042 1167 fervorem
2080 1088 2243 1166 fidei
2279 1113 2487 1187 quam
2526 1093 2740 1165 multa
2770 1093 2917 1185 J’am
2955 1114 3082 1188 per
3117 1101 3432 1188 tempora
3461 1093 3643 1165 circa
3688 1114 3815 1165 nos

990 1225 1058 1290 et
1091 1217 1454 1313 imperium
1482 1217 1818 1291 habuistis
1852 1219 2214 1293 salubriter
2259 1216 2721 1306 advertentes,
2759 1216 2964 1289 talem
3000 1214 3201 1290 vobis
3237 1216 3484 1291 damus
3522 1217 3813 1312 gratiam

988 1349 1056 1413 et
1103 1338 1546 1415 concedimus
1598 1343 1984 1416 libertatem
2028 1351 2107 1414 ut
2157 1363 2516 1436 nunquam
2569 1342 2872 1438 aliquem
2916 1349 3223 1414 vestrum
3275 1362 3652 1437 pauperem
3702 1342 3815 1414 vel

987 1463 1276 1537 divitem
1315 1487 1646 1561 cogamus
1694 1478 1817 1540 aut
1859 1475 2202 1539 arctemus
2244 1464 2454 1538 filiam
2504 1467 2618 1539 vel
2670 1474 2946 1561 neptem
2990 1487 3190 1539 suam
3239 1465 3448 1538 alicui
3485 1462 3578 1539 de
3624 1464 3815 1538 curia

988 1598 1219 1661 nostra
1279 1612 1402 1663 seu
1467 1598 1663 1662 extra
1733 1591 1991 1663 curiam
2048 1600 2352 1663 nostram
2413 1590 2738 1686 copulare
2797 1597 2918 1662 aut
2978 1587 3249 1662 tradere
3301 1588 3682 1681 legitimam
3743 1588 3816 1660 in

990 1736 1303 1788 uxorem.
1342 1715 1428 1786 Et
1462 1715 1535 1786 in
1587 1716 1887 1812 presenti
1932 1715 2145 1787 filiam
2194 1714 2418 1789 fidelis
2462 1712 2675 1787 nostri
2721 1712 3052 1788 Iohannis
3095 1709 3420 1786 Goltstein
3475 1711 3565 1786 de
3599 1713 3815 1784 Fran-

991 1838 1260 1911 kenfort
1303 1860 1343 1909 a
1390 1839 1740 1913 coactione
1791 1862 2001 1934 quam
2055 1840 2533 1936 inceperamus
2577 1859 2704 1934 pro
2749 1836 2833 1911 R.
2875 1858 3078 1911 servo
3129 1846 3366 1910 nostro
3410 1835 3817 1909 dimittimus

990 1961 1414 2054 absolutam;
1467 1963 1775 2037 nolentes
1825 1964 2153 2061 deinceps
2204 1962 2504 2058 aliquem
2563 1963 2789 2035 civem
2842 1971 3150 2036 vestrum
3207 1959 3300 2034 ad
3350 1962 3510 2033 talia
3574 1979 3820 2053 cogere

993 2086 1105 2158 vel
1156 2094 1412 2178 artare,
1469 2085 1597 2159 sed
1639 2096 1971 2181 quantum
2018 2110 2382 2184 possumus
2432 2108 2556 2182 per
2610 2086 2990 2183 simplicem
3039 2086 3437 2181 petitionem
3491 2084 3820 2182 proficere

997 2208 1356 2300 faciemuS,
1407 2211 1596 2283 nulla
1631 2220 1859 2284 tamen
1905 2213 2086 2284 mala
2139 2210 2451 2284 adhibita
2493 2210 2870 2284 voluntate.
2914 2208 3027 2282 Ad
3060 2211 3262 2303 cujus
3295 2210 3528 2303 itaque
3564 2209 3725 2280 facti
3756 2217 3825 2280 et

995 2333 1214 2422 gratie
1260 2342 1491 2405 nostre
1538 2335 1892 2407 certiorem
1941 2334 2400 2427 evidentiam,
2447 2358 2731 2432 presens
2789 2333 3049 2410 exinde
3095 2336 3420 2431 scriptum
3482 2333 3630 2406 fieri
3670 2336 3824 2427 jus-

993 2455 1212 2527 simus
1246 2465 1316 2528 et
1348 2457 1554 2552 sigilli
1595 2460 1807 2529 nostri
1840 2459 2223 2530 munimine
2257 2460 2590 2534 roborari.

1093 2581 1343 2652 Datum
1385 2581 1576 2678 apud
1612 2582 2070 2674 Nuremberc,
2107 2604 2293 2656 anno
2330 2582 2679 2658 dominice
2712 2583 3206 2659 incarnationis
3240 2584 3338 2656 Μ’
3361 2583 3485 2656 CC⁰
3507 2583 3817 2671 XXX110,

995 2703 1209 2776 XVIII
1240 2705 1571 2780 kalendas
1602 2707 1957 2793 februarii,
1998 2706 2370 2781 indictione
2395 2708 2482 2780 V.

709 3385 837 3439 Apud
1106 3341 1512 3450 HenricuS,
1552 3341 2071 3426 Romanorum
2107 3368 2281 3450 rex,
2321 3344 2692 3427 universis
2746 3345 3255 3456 burgensibus
3289 3346 3387 3428 de
3424 3346 3828 3431 Gelnhau-

717 3440 927 3536 ἐ”ὺῗῖἶῗῗίῖ
1006 3499 1139 3556 sen
1194 3475 1567 3584 promittit
1619 3477 1829 3586 quod
1880 3503 2284 3588 nunquam
2339 3477 2438 3560 ab
2490 3478 2748 3589 aliquo
2800 3505 3067 3563 eorum
3119 3480 3368 3589 exiget
3418 3492 3504 3563 ut
3555 3506 3695 3590 pro
3750 3507 3831 3564 se

1004 3607 1397 3718 recolligat
1430 3633 1798 3717 expensas
1834 3609 2114 3718 quibus
2149 3609 2312 3719 ipse
2344 3609 2452 3692 ibi
2488 3636 2802 3694 causam
2836 3611 3165 3719 dederit,
3205 3612 3340 3695 sed
3374 3612 3586 3722 quod
3617 3611 3686 3721 ej
3694 3638 3833 3695 us-

1007 3743 1184 3826 dem
1219 3741 1367 3825 loci
1406 3741 1769 3825 scultetus
1804 3742 1951 3825 hoc
1986 3743 2190 3826 idem
2221 3741 2470 3826 facere
2505 3743 2800 3827 debeat.

1173 3982 1509 4062 (Memorat.
1540 4001 1632 4063 ep.
1662 3985 1992 4059 Bonum,
2020 3984 2247 4067 Reqest.
2277 3985 2507 4067 imper„
2544 4002 2607 4064 p.
2642 3993 2782 4061 2⁴0,
2828 3992 3169 4058 afflueret
3204 3984 3375 4062 copta
3416 3984 3598 4046 seculi
3641 3986 3839 4062 quarti

1256 4088 1468 4148 decimi
1489 4091 1649 4167 apud
1674 4089 2097 4169 Geluhausen.)

1110 4301 1360 4372 Datum
1404 4299 1593 4395 apud
1628 4299 2082 4391 Geilnhusen,
2120 4317 2304 4372 anno
2351 4298 2694 4373 dominice
2738 4300 3227 4373 incarnationis
3253 4299 3369 4373 Μ.
3400 4298 3522 4372 CC.
3541 4298 3832 4389 XXXII,

1013 4426 1082 4498 X
1114 4423 1443 4498 kalendas
1477 4423 1728 4512 martii,
1766 4423 2142 4497 indictione
2171 4423 2260 4495 V.
