4500 5956
628 625 822 685 Iamcr.
858 625 950 702 5.]
1527 619 1918 682 HISTORIA
1967 619 2556 681 DlPLOMATICA.
3331 618 3445 681 561

787 757 973 837 (Edit.
1000 772 1100 834 ap.
1124 751 1453 816 solvam-n.
1500 752 1923 832 Wocloenblau,
1946 772 2087 817 ann.
2120 764 2299 830 1828,
2327 764 2396 815 n·
2422 763 2523 828 28,
2551 770 2616 831 p.
2637 750 2804 832 286.)

720 946 807 1017 Η.
862 944 989 1018 Dei
1025 943 1243 1035 gratia
1279 944 1739 1017 Romanorum
1783 964 1910 1015 rex
1948 951 2019 1015 et
2054 964 2325 1037 semper
2366 951 2742 1036 augustuS,
2797 940 3140 1013 universis
3177 941 3448 1036 imperii

628 1067 947 1143 fidelibus
976 1068 1233 1163 quibus
1264 1088 1547 1162 presens
1581 1067 1909 1162 scriptum
1934 1066 2324 1138 exhibitum
2353 1065 2557 1137 fuerit
2585 1066 2876 1161 gratiam
2909 1088 3109 1138 suam
3143 1076 3211 1138 et
3248 1088 3453 1142 omne

625 1193 907 1267 bonum.
944 1194 1115 1266 Cum
1150 1214 1234 1265 ea
1284 1213 1422 1286 que
1458 1212 1501 1263 a
1529 1190 1963 1263 serenissimo
2007 1189 2290 1262 domino
2326 1190 2735 1284 imperatore
2767 1199 2962 1284 patre
3012 1200 3243 1264 nostro
3278 1213 3451 1265 nec-

630 1339 762 1389 non
808 1340 850 1391 a
899 1315 1101 1389 nobis
1150 1313 1264 1411 pie
1311 1322 1380 1387 et
1431 1312 1725 1410 provide
1778 1322 1969 1407 gesta
2032 1323 2231 1401 sunt,
2289 1312 2594 1385 maxime
2639 1312 2732 1386 ad
2795 1314 3187 1387 subsidium
3246 1316 3451 1390 Terre

628 1442 870 1513 Sancte
901 1449 970 1514 et
1003 1438 1264 1513 ibidem
1296 1440 1439 1512 Deo
1470 1437 1981 1526 famulantium,
2020 1437 2108 1511 de
2139 1438 2322 1510 facili
2361 1458 2497 1510 non
2535 1437 2911 1511 debeamus
2942 1461 3070 1511 nec
3107 1441 3451 1535 possimus

629 1564 698 1634 in
734 1564 1003 1635 irritum
1037 1583 1391 1650 revocare,
1424 1583 1584 1634 cum
1621 1561 1867 1635 eadem
1895 1561 2273 1635 debeamus
2299 1562 2530 1658 potins
2557 1562 2910 1656 ampliare,
2943 1560 3106 1634 hinc
3132 1563 3450 1658 estquod

632 1687 717 1761 ad
758 1688 1072 1761 notitiam
1105 1687 1585 1759 universorum
1618 1687 1936 1782 cupimus
1967 1688 2332 1782 pervenire
2371 1686 2564 1782 quod
2603 1686 3040 1760 donationem
3078 1710 3290 1782 quam
3332 1690 3454 1761 in-

634 1813 829 1885 clitus
865 1811 1188 1886 dominus
1227 1810 1596 1907 imperator
1631 1820 1823 1905 pater
1854 1821 2081 1884 noster
2120 1822 2190 1884 et
2234 1834 2359 1884 nos
2395 1810 2829 1906 postmodum
2873 1811 2967 1885 ad
3004 1812 3448 1886 imitationem

632 1938 777 2031 ejus
812 1936 1057 2009 fecisse
1088 1935 1512 2009 dinoscimur
1555 1935 1880 2007 fratribus
1919 1934 2167 2009 domus
2198 1935 2773 2009 Theutonicorum
2813 1935 3171 2031 hospitalis
3208 1937 3455 2011 Sancte

631 2061 838 2135 Mario
871 2061 942 2133 in
980 2060 1407 2132 Hierusalem
1445 2060 1516 2130 in
1554 2060 1842 2133 ecclesia
1875 2060 2136 2132 Chuniz
2172 2060 2292 2132 ubi
2323 2060 2744 2155 quandoque
2787 2062 3222 2157 prepositura
3256 2064 3447 2136 exis·

633 2185 849 2276 tebat‚
902 2193 1122 2256 ratam
1180 2182 1438 2256 habero
1485 2182 1811 2256 volumus
1863 2192 1931 2256 et
1991 2195 2325 2277 perpetuo
2376 2185 2779 2274 valituram,
2835 2207 2971 2259 non
3021 2186 3453 2263 obstantibus

630 2307 1046 2402 quibusdam
1082 2307 1327 2380 litteris
1362 2328 1486 2402 per
1516 2307 1827 2402 iniquam
1860 2308 2369 2402 suggestionem
2401 2307 2859 2403 quorumdam
2898 2331 3373 2403 perversorum
3408 2336 3451 2387 a

632 2432 826 2504 nobis
861 2431 1185 2522 obtentis,
1228 2453 1406 2526 quas
1441 2432 1719 2526 penitus
1756 2430 2196 2504 decernimus
2230 2454 2369 2505 non
2396 2433 2649 2506 valere.
2691 2432 3006 2507 Preterea
3028 2438 3453 2529 presentium

630 2566 857 2628 tenore
906 2554 1339 2628 insinuamus
1386 2555 1580 2650 quod
1631 2556 1691 2628 si
1728 2556 1819 2629 ad
1873 2556 2268 2629 instantiam
2314 2567 2384 2629 et
2426 2558 2937 2652 suggestionem
2989 2560 3282 2652 alicujus
3331 2585 3454 2636 oc·

631 2681 803 2754 culte
856 2680 973 2753 vel
1026 2702 1148 2775 per
1199 2680 1652 2774 ignorantiam
1709 2680 1781 2751 in
1841 2680 2316 2777 prejudicium
2362 2682 2693 2777 premisse
2741 2681 3130 2756 donationis
3176 2707 3218 2757 a
3256 2686 3455 2759 nobis

629 2806 696 2877 in
726 2817 1081 2903 posterum
1117 2807 1348 2900 alique
1378 2807 1574 2879 litere
1602 2807 1859 2881 fuerint
1891 2809 2194 2899 obtente,
2238 2808 2500 2879 nullius
2540 2808 2678 2880 sint
2710 2808 3039 2881 momenti
3076 2817 3146 2881 et
3179 2824 3457 2887 careant

630 2928 962 3003 firmitate.
1007 2930 1095 3003 Ut
1122 2939 1355 3004 autem
1389 2931 1695 3026 sepefata
1734 2929 2014 3005 donatio
2047 2932 2367 3004 sortiatur
2393 2940 2794 3027 perpetuam
2827 2930 3243 3028 firmitatem,
3281 2959 3455 3033 pre-

632 3076 779 3128 sens
807 3055 1135 3150 scriptum
1162 3056 1501 3128 conscribi
1532 3056 1820 3128 fecimus
1848 3066 1918 3129 et
1947 3056 2168 3150 sigillo
2205 3066 2435 3129 nostre
2465 3056 2894 3129 celsitudinis
2930 3057 3265 3131 roborari.

718 3181 963 3252 Datum
1007 3177 1199 3272 apud
1238 3180 1675 3272 Hagenowe‚
1732 3199 1916 3251 anno
1964 3176 2308 3251 dominice
2352 3178 2845 3254 incarnationis
2892 3181 2987 3254 M.
3012 3182 3136 3254 CC.
3160 3184 3411 3257 XXXII
3425 3238 3447 3279 ,

637 3302 925 3377 calendis
947 3302 1274 3395 januarii,
1315 3301 1691 3376 indictione
1724 3304 1992 3397 quinta.

1050 3616 2906 3630 ————-———————.·—-··---——-0---——”--——————--—..>
2923 3621 3014 3633 --

731 3884 1136 3994 HenricuS,
1187 3888 1706 3975 Romanorum
1757 3918 1931 3999 rex,
1971 3892 2263 3977 civibus
2299 3895 2395 3977 de
2430 3891 2953 3997 Frankinfort‚
2993 3892 3444 4003 Wepflaria,
3519 3915 3826 4022 ngffim

645 4009 1029 4130 Friedberg
1063 4031 1140 4102 et
1175 4021 1655 4107 Gelnhausen
1691 4026 2065 4134 promittit
2105 4027 2316 4137 quod
2359 4050 2759 4136 nunquam
2804 4025 3140 4135 aliquem
3183 4052 3449 4110 eorum
3534 4024 3811 4080 ¹⁶1⁸””⁸‘¹¹·

646 4161 837 4258 coget
870 4152 971 4234 ad
1006 4153 1520 4238 maritandam
1555 4156 1795 4240 filiam
1832 4184 2053 4241 suam
2091 4158 2318 4241 alicui
2353 4159 2450 4240 de
2484 4158 2696 4242 curia
2722 4159 2842 4241 vel
2876 4169 3088 4243 extra
3117 4161 3443 4266 curiam,

647 4290 706 4360 et
757 4283 834 4365 in
886 4287 1266 4393 praesenti
1320 4288 1561 4373 filiam
1613 4290 1977 4375 Johannis
2040 4291 2428 4377 Goldstein
2484 4293 2582 4376 de
2641 4291 2699 4375 F
2701 4293 3145 4378 rankenfort
3206 4321 3254 4376 a
3313 4294 3445 4377 tali

651 4416 1005 4502 coactione
1039 4418 1330 4504 eximit.

788 4632 963 4710 (Edit.
994 4649 1092 4710 ap.
1122 4633 1400 4718 Privileq.
1434 4645 1491 4700 et
1513 4638 1699 4702 Pacta
1723 4636 2125 4720 stancosurt„
2152 4656 2213 4717 p.
2247 4648 2307 4701 2.
2328 4671 2410 4686 —
2431 4641 2747 4716 Bonna,
2780 4636 2920 4703 Cod.
2950 4637 3187 4721 diplom.
3217 4640 3446 4701 Moeno-

854 4736 1131 4819 srancofi,
1159 4747 1209 4804 t.
1240 4744 1306 4821 1,
1337 4762 1399 4824 p.
1444 4745 1574 4827 55.)

792 4844 890 4905 lv.
928 4865 1040 4910 pm
1066 4868 1110 4911 ε.
1949 4871 1957 4880 ’
3051 4862 3120 4914 71
