4500 5956
1034 551 1156 614 592
2076 551 2420 612 HENRICI
2471 550 2812 612 SEPTml
3491 548 3652 630 [Ant.
3689 549 3862 611 1232.

1181 684 1395 764 (Edld.
1425 683 1833 759 Senonum,
1859 680 2048 749 Alsat.
2082 683 2411 765 diplomat„
2431 690 2478 747 t.
2510 687 2563 762 1,
2592 701 2650 764 p.
2687 692 2827 760 86⁷,
2855 693 2923 745 η’
2949 681 3119 763 465.)

1130 844 1464 916 Henricus
1510 845 1866 939 septimuS,
1925 843 2167 919 divina
2209 847 2488 918 favente
2523 845 2882 918 clementia
2912 845 3374 918 Romanorum
3420 866 3549 918 rex
3594 865 3867 939 semper

1033 978 1397 1061 augustus,
1432 968 1776 1042 universis
1799 969 2059 1063 quibus
2084 970 2215 1042 hee
2239 969 2460 1041 littere
2473 979 2747 1042 ostense
2768 968 3021 1041 fuerint
3042 968 3333 1062 gratiam
3352 990 3551 1041 suam
3569 976 3639 1040 et
3660 988 3864 1042 omne

1030 1091 1317 1163 bonum.
1360 1092 1595 1164 Solum
1634 1113 1714 1164 ea
1741 1090 2020 1165 suntad
2055 1102 2426 1188 perpetuos
2461 1114 2632 1165 usus
2655 1102 2725 1164 et
2760 1090 2857 1166 ad
2885 1092 3272 1164 animarum
3308 1091 3616 1166 remedia
3662 1092 3861 1164 salu-

1028 1214 1240 1286 briter
1270 1213 1574 1310 deposita
1609 1222 1678 1288 et
1701 1225 2107 1289 conservata
2137 1237 2280 1311 que
2309 1239 2352 1290 a
2379 1214 2854 1290 munificentia
2899 1225 3133 1289 nostra
3175 1236 3425 1288 manus
3469 1237 3857 1311 pauperum

1029 1338 1414 1432 deportant.
1464 1340 1695 1425 Quare
1738 1339 1942 1413 saluti
1995 1350 2226 1413 nostre
2260 1339 2625 1412 salubriter
2673 1340 3147 1429 consulentes,
3212 1360 3366 1412 eam
3409 1337 3855 1413 donationem

1024 1484 1234 1556 quam
1277 1463 1572 1535 dilectus
1596 1460 1822 1536 fidelis
1862 1472 2095 1535 noster
2126 1483 2359 1537 comes
2392 1462 2793 1557 Sigebertus
2841 1461 2933 1535 de
2962 1461 3218 1535 Werda
3262 1472 3332 1535 et
3373 1462 3740 1535 Heinricus
3787 1471 3856 1535 et

1022 1583 1485 1657 Theodericus
1518 1586 1802 1658 comites
1834 1584 1956 1657 filii
1985 1587 2125 1675 sui,
2167 1584 2490 1659 videlicet
2515 1596 2777 1681 partem
2809 1584 3109 1658 nemoris
3149 1585 3326 1658 silve
3349 1585 3691 1658 inferioris
3716 1606 3854 1679 que

1024 1716 1288 1803 spectat
1309 1707 1400 1779 ad
1426 1708 1707 1779 Brumat
1723 1762 1744 1801 ,
1780 1717 1994 1780 totum
2022 1709 2344 1782 videlicet
2379 1730 2626 1781 nemus
2655 1730 2811 1780 cum
2850 1706 3228 1803 paludibus
3257 1719 3330 1779 et
3360 1706 3574 1802 pratis
3600 1729 3740 1800 que
3762 1708 3853 1780 de

1022 1830 1137 1902 via
1165 1852 1302 1924 que
1333 1830 1584 1903 dicitur
1619 1832 1996 1925 Breittweg
2030 1833 2209 1905 inter
2252 1832 2581 1927 paludem
2630 1840 2700 1904 et
2743 1831 2993 1904 silvam
3025 1829 3289 1904 domini
3333 1828 3713 1903 Burckardi
3762 1832 3852 1905 de

1023 1955 1241 2050 Blyde
1305 1977 1528 2049 usque
1582 1956 1675 2028 ad
1719 1956 2035 2028 Rhenum
2087 1954 2308 2029 tendit
2353 1979 2514 2029 cum
2563 1955 2755 2029 omni
2805 1957 2966 2048 jure
3015 1963 3085 2027 et
3134 1954 3444 2027 libertate
3483 1975 3624 2049 quo
3677 1953 3851 2029 illud

1021 2078 1340 2169 tenebat,
1387 2078 1625 2151 domui
1671 2078 2030 2174 hospitalis
2078 2079 2308 2151 Sancti
2353 2078 2650 2174 Spiritus
2697 2078 2769 2149 in
2804 2078 3213 2151 Steffansfelt
3236 2079 3397 2169 jure
3436 2077 3850 2151 hereditario

1021 2201 1396 2292 dederunt,
1427 2210 1641 2274 ratam
1679 2211 1747 2273 et
1775 2201 2043 2273 firmam
2071 2202 2455 2293 habemus3
2507 2212 2737 2274 tamen
2769 2223 2894 2298 pro
2926 2201 3249 2274 censibus
3278 2201 3571 2297 predicti
3607 2202 3850 2275 fratres

1017 2323 1198 2398 duos
1229 2347 1572 2422 cappones
1607 2326 1678 2396 in
1717 2326 1980 2398 curiam
2009 2325 2278 2399 Nazarii
2312 2325 2606 2420 singulis
2632 2324 2836 2399 annis
2864 2324 3031 2399 dare
3067 2333 3408 2398 tenentur.
3459 2322 3846 2398 Confirma-

1018 2473 1176 2524 mus
1203 2462 1272 2523 et
1289 2452 1726 2524 donationem
1755 2452 2036 2547 prefatis
2053 2451 2376 2523 fratribus
2400 2453 2644 2524 factam
2670 2450 2743 2521 in
2768 2447 3190 2541 molendino,
3219 2470 3359 2543 que
3382 2449 3606 2522 locum
3634 2448 3846 2521 habet

1012 2597 1222 2672 super
1255 2597 1508 2670 aquam
1544 2597 1684 2670 que
1725 2575 1978 2647 dicitur
2000 2577 2305 2647 Durroso
2342 2597 2502 2646 cum
2536 2595 2872 2669 aquarum
2901 2571 3338 2661 decursibus,
3372 2572 3468 2645 ita
3499 2572 3690 2667 quod
3718 2593 3845 2644 an-

1011 2702 1273 2772 nuatim
1324 2698 1415 2773 de
1459 2700 1614 2795 ipso
1652 2698 2050 2772 molendino
2108 2699 2253 2771 duo
2298 2697 2500 2771 solidi
2564 2697 2635 2769 iu
2694 2697 2956 2769 curiam
3009 2695 3279 2768 comitis
3331 2696 3837 2790 persolvantur.

1008 2822 1299 2918 Insuper
1319 2802 1805 2897 confirmamus
1829 2823 1931 2897 eis
1953 2845 2104 2896 eam
2136 2823 2426 2916 gratiam
2460 2844 2602 2917 qua
2630 2842 2724 2894 ex
2750 2830 2945 2916 parte
2970 2841 3152 2913 aque
3176 2819 3268 2893 de
3296 2819 3618 2893 omnibus
3639 2821 3843 2895 bonis

1009 2946 1156 3019 suis
1188 2954 1258 3019 et
1291 2945 1381 3020 de
1414 2945 1803 3043 pecudibus
1849 2947 1922 3018 in
1971 2947 2206 3020 banno
2243 2946 2407 3020 ville
2443 2947 2723 3019 Brumat
2756 2943 3100 3019 decimam
3131 2964 3271 3017 non
3298 2944 3716 3039 persolvant.
3754 2945 3841 3020 Ut

1008 3078 1240 3141 autem
1283 3068 1414 3141 bec
1459 3080 1692 3143 nostra
1746 3071 2026 3144 donatio
2066 3081 2135 3145 et
2189 3070 2615 3144 confirmatio
2651 3079 2798 3143 rata
2840 3069 2909 3141 in
2962 3076 3371 3165 perpetuum
3403 3077 3831 3164 permaneat,

1006 3192 1264 3263 litteras
1297 3200 1561 3264 nostras
1586 3193 1847 3266 eisdem
1875 3194 2203 3267 fratribus
2231 3195 2384 3267 dari
2406 3195 2741 3287 jussimus
2767 3193 3124 3288 sigillatas,

1101 3317 1336 3388 Testes
1381 3325 1614 3388 autem
1650 3317 1773 3411 qni
1813 3318 2107 3390 aderant
2152 3326 2314 3389 sunt
2363 3317 2462 3389 hii
2505 3343 2522 3387 ε
2587 3372 2604 3388 .
2664 3370 2684 3388 .
2746 3370 2764 3389 .
2811 3315 3120 3390 marchio
3166 3315 3258 3390 de
3311 3314 3583 3405 Baden,
3647 3368 3667 3387 .
3728 3369 3747 3390 .
3806 3369 3826 3388 .

1003 3438 1334 3535 pincerna
1364 3438 1456 3512 de
1478 3439 1935 3536 Winterstett,
1988 3442 2074 3513 H.
2117 3440 2210 3514 de
2246 3443 2729 3536 Ravenspurg,
2779 3440 2985 3512 frater
3007 3440 3087 3511 B.
3133 3438 3226 3513 de
3246 3437 3733 3531 Tannenrode,
3765 3448 3834 3514 et

1001 3565 1119 3638 alii
1153 3565 1625 3659 quamplures,

1098 3687 1348 3761 Actum
1387 3687 1578 3783 apud
1621 3687 2053 3782 Hagenoam,
2105 3707 2292 3760 anno
2335 3687 2427 3760 ab
2469 3686 2934 3760 incarnatione
2968 3685 3244 3761 Domini
3286 3684 3778 3759 M.CC.XXXll
3802 3738 3823 3775 ,

1001 3811 1236 3886 idibus
1262 3811 1692 3904 novembris,
1730 3810 2110 3885 indictione
2133 3812 2248 3885 VI.

2080 4029 3398 4042 —fflffl

698 4279 825 4334 Apud
1102 4238 1502 4346 HenricuS,
1532 4238 2051 4324 Romanorum
2079 4266 2242 4347 rex,
2275 4239 2636 4323 omnibus
2671 4239 3054 4322 licentiam
3092 4238 3436 4322 concedit
3468 4263 3549 4320 se
3575 4251 3827 4319 trans—

596 4333 918 4431 13333332·
993 4372 1285 4456 ferendi
1347 4397 1525 4454 cum
1580 4372 1808 4454 rebus
1862 4381 1936 4454 et
1988 4370 2334 4479 personis
2405 4370 2504 4452 ad
2560 4369 2831 4454 fratres
2883 4371 3280 4480 hospitalis
3336 4370 3455 4453 sui
3513 4370 3610 4451 de
3657 4368 3826 4450 Ha-

993 4531 1297 4618 guenau
1316 4565 1339 4612 ,
1378 4503 1836 4611 eosdemque
1873 4503 1972 4585 ab
2007 4501 2217 4583 omni
2259 4502 2560 4586 servitio
2598 4501 2744 4585 sibi
2778 4501 3035 4587 debito
3050 4565 3074 4610 ,
3115 4502 3325 4612 quod
3362 4502 3461 4584 ad
3504 4500 3823 4609 dispen-

989 4640 1207 4723 dium
1240 4634 1637 4746 hospitalis
1671 4635 2104 4718 redundare
2136 4643 2422 4743 posset,
2462 4633 2749 4728 eximit.
