4500 5956
778 625 971 686 tumor.
1004 618 1091 703 a]
1671 618 2064 684 msroam
2113 616 2704 701 maconiano&
3481 619 3600 683 793

869 758 947 830 ln
982 754 1266 829 nomine
1299 761 1534 828 sancte
1564 760 1636 827 et
1680 753 2053 828 individue
2077 753 2448 827 Trinitatis.
2491 752 2893 828 Fredericus
2922 751 3307 844 secundus,
3354 753 3595 829 divina

781 880 1049 954 favente
1087 877 1451 951 clementia
1479 878 1941 951 Romanorum
1973 878 2342 973 imperator
2380 897 2652 973 semper
2699 885 3037 972 augustus
3054 931 3072 966 ‚
3112 877 3490 950 Jerusalem
3525 888 3598 952 et

779 1004 1003 1076 Sicilie
1052 1023 1205 1077 rex.
1266 1000 1650 1096 Imperialis
1702 1002 2110 1075 excellentie
2166 999 2469 1096 dignitas
2525 1009 2693 1073 tunc
2745 1022 2913 1075 vere
2964 998 3256 1073 laudum
3310 1022 3594 1073 suarum

778 1126 1009 1200 titulos
1050 1124 1338 1222 ampliat
1381 1134 1453 1199 et
1499 1124 1796 1198 nominis
1830 1126 1942 1198 sui
1982 1125 2235 1199 famam
2289 1124 2596 1215 extollit,
2638 1146 2796 1197 cum
2832 1146 2911 1198 se
2953 1122 3266 1198 fidelium
3307 1145 3590 1197 suorum

776 1248 1219 1344 petitionibus
1262 1247 1729 1321 favorabiliter
1760 1247 2085 1339 exhibet,
2120 1247 2194 1320 in
2228 1246 2364 1320 hiis
2404 1247 2736 1344 precipue
2760 1270 2886 1344 per
2913 1270 3052 1344 que
3083 1247 3589 1320 venerabilium

776 1372 1078 1445 locorum
1127 1370 1492 1445 commoda
1543 1380 2036 1467 procurantur,
2093 1371 2259 1466 quia
2313 1369 2504 1465 quod
2552 1372 2673 1442 uni
2733 1373 3080 1445 confertur
3126 1371 3219 1443 ob
3273 1370 3595 1443 meritum

775 1492 1277 1567 transfunditur
1325 1491 1420 1567 ad
1473 1493 1646 1567 alios
1699 1515 1824 1589 per
1869 1489 2298 1589 exemplum.
2355 1493 2731 1588 Eapropter
2782 1503 3021 1566 notum
3085 1494 3379 1566 facimus
3435 1493 3594 1565 uni-

775 1619 991 1693 versis
1027 1627 1167 1691 tam
1204 1617 1640 1713 presentibus
1688 1639 1901 1712 quam
1945 1616 2194 1689 futuris
2226 1616 2419 1710 quod
2466 1616 2671 1690 frater
2716 1618 3149 1691 Hermannus
3183 1618 3593 1692 venerabilis

776 1744 1098 1837 magister
1141 1741 1501 1838 hospitalis
1533 1743 1782 1814 Sancte
1836 1741 2052 1813 Marie
2098 1738 2674 1813 'theutonicorum
2727 1739 2799 1811 in
2846 1740 3221 1814 Jerusalem
3240 1795 3259 1830 ,
3302 1740 3596 1815 dilectus

776 1864 998 1939 fidelis
1042 1875 1299 1958 noster,
1340 1866 1414 1936 in
1468 1873 1702 1937 nostra
1754 1863 2100 1959 presentia
2156 1862 2601 1953 constitutus,
2651 1862 2956 1936 ostendit
3004 1863 3204 1936 nobis
3265 1865 3593 1959 scriptum

776 1989 1126 2084 quoddam
1162 2009 1376 2062 manu
1417 1987 1697 2084 publica
1740 1995 1810 2060 et
1845 1986 2135 2081 ydoneis
2174 1986 2466 2059 testibus
2500 1987 2928 2075 roboratum,
2977 1988 3049 2059 in
3096 2009 3237 2083 quo
3277 1989 3595 2062 contine-

774 2113 976 2186 batur
1008 2114 1305 2208 qualiter
1338 2110 1758 2185 Bertrandus
1784 2111 2090 2184 Porcelet
2125 2119 2194 2184 et
2227 2110 2514 2183 Isabella
2550 2131 2732 2184 uxor
2763 2133 2893 2184 sua
2928 2110 3020 2185 de
3049 2113 3290 2184 Bezem
3318 2110 3419 2207 (a)
3453 2112 3595 2186 filia

773 2236 1124 2332 quondam
1161 2236 1462 2333 Philippi
1492 2234 1681 2324 Rufi,
1713 2234 1787 2307 in
1830 2234 2173 2330 presentia
2206 2234 2527 2307 Richardi
2563 2235 2926 2329 Filangerii
2962 2238 3352 2328 marscalci,
3394 2238 3594 2329 regni

774 2360 1313 2457 lerosolymitani
1354 2358 1571 2451 bajuli
1612 2367 1683 2432 et
1710 2358 1922 2451 legati
1964 2357 2236 2451 imperii
2275 2358 2346 2428 iu
2386 2356 2700 2451 partibus
2734 2359 2957 2453 Syrie,
2990 2356 3218 2432 fidelis
3247 2360 3490 2450 nostri,
3528 2369 3600 2433 et

773 2484 1059 2556 aliorum
1093 2483 1429 2557 nobilium
1483 2483 1679 2577 regui
1720 2482 1937 2554 nostri
1985 2480 2532 2576 Jerosolymitani
2552 2533 2573 2571 ‚
2626 2480 2716 2555 de
2762 2481 2944 2554 bona
2984 2492 3056 2554 et
3115 2484 3411 2574 gratuita
3461 2505 3599 2556 vo-

775 2606 1031 2679 luntate
1078 2606 1386 2702 ipsorum
1426 2603 1770 2679 dederunt
1804 2605 1871 2675 in
1930 2604 2397 2698 elemosynam
2448 2612 2518 2676 et
2563 2601 3032 2677 vendiderunt
3079 2604 3265 2676 fratri
3305 2603 3598 2678 Ludolso

773 2737 932 2803 tunc
966 2730 1297 2826 temporis
1337 2729 1719 2825 preceptori
1769 2726 2078 2823 predicte
2126 2726 2372 2799 domus
2417 2726 2774 2823 hospitalis
2819 2727 3065 2799 Sancte
3106 2726 3324 2800 Mario
3360 2728 3600 2802 Theu-

774 2855 1147 2927 tonicorum
1180 2853 1764 2948 lerosolymitane,
1798 2850 2156 2946 recipienti
2196 2850 2348 2923 loco
2383 2859 2454 2924 et
2478 2850 2638 2942 jure
2669 2850 2886 2946 ipsius
2913 2848 3161 2923 domus
3186 2861 3254 2923 et
3285 2852 3596 2947 magistri

774 2977 901 3070 sui,
942 2976 1087 3051 duo
1120 2977 1404 3062 casalia,
1446 2974 1772 3051 videlicet
1797 2972 2124 3047 Arabiam
2156 2983 2226 3049 et
2260 2973 2672 3049 Zeehaniam
2703 2972 2831 3071 (b),
2867 2996 3025 3046 cum
3062 2974 3384 3048 omnibus
3427 2999 3598 3073 per-

773 3102 1072 3175 tinentiis
1114 3112 1184 3177 et
1222 3102 1511 3196 ¹iustitiis
1561 3099 1957 3174 eorumdem
1978 3153 1998 3191 ‚
2041 3098 2330 3194 gastinis
2370 3100 2575 3172 etiam
2624 3099 2977 3171 Berhenne
3002 3156 3018 3186 ,
3070 3098 3374 3190 Mezera,
3431 3100 3596 3174 Mis·

772 3226 974 3323 kelyn
1001 3249 1163 3299 cum
1192 3226 1465 3300 villanis
1501 3224 1969 3322 predictorum
1998 3222 2328 3295 casalium
2365 3231 2434 3294 et
2466 3223 2886 3314 gastinarum
2918 3222 3220 3317 ipsarum
3256 3230 3594 3296 eteorum

771 3351 1108 3423 uxoribus
1159 3372 1243 3422 ac
1274 3348 1474 3441 filiis,
1516 3348 1718 3422 terris
1767 3346 2089 3421 laboratis
2124 3356 2192 3419 et
2227 3367 2366 3418 non
2418 3346 2782 3438 laboratis,
2823 3346 3208 3438 montibus,
3258 3347 3590 3438 vallibuS,

770 3474 1013 3567 planis,
1048 3472 1486 3566 nemoribus,
1522 3473 1721 3567 aquis
1764 3480 1834 3545 et
1876 3471 2185 3567 pascuis,
2229 3470 2525 3565 receptis
2570 3468 2834 3543 exinde
2879 3470 2970 3542 ab
3015 3468 3265 3543 eodem
3303 3492 3592 3567 precep-

772 3603 911 3671 tore
944 3599 1222 3671 nomine
1261 3596 1447 3671 dicte
1499 3596 1749 3671 domus
1784 3593 2141 3691 hospitalis
2188 3593 2408 3666 tribus
2443 3593 2750 3666 millibus
2783 3602 2853 3666 et
2886 3592 3317 3687 sexingentis
3354 3593 3589 3667 bisan-

770 3719 877 3793 tiis
928 3723 1416 3815 sarracenatis‚
1455 3722 1550 3795 ad
1593 3719 1995 3793 habendum
2028 3727 2097 3790 et
2132 3715 2631 3812 possidendum
2659 3715 2905 3790 eadem
2947 3717 3200 3789 casalia
3234 3738 3394 3790 cum
3433 3741 3597 3812 gas-

770 3842 925 3915 tinis
955 3854 1025 3917 et
1056 3847 1379 3920 omnibus
1409 3844 1807 3918 hominibus
1833 3865 1916 3916 ac
1949 3843 2345 3916 tenimentis
2373 3863 2613 3915 eorum
2646 3842 2850 3937 pleno
2886 3842 3044 3933 jure
3077 3839 3364 3912 dominii
3397 3853 3465 3914 et
3500 3843 3594 3917 ad

771 3966 1157 4041 faciendum
1185 3991 1280 4041 ex
1314 3970 1576 4042 eisdem
1633 3968 1978 4042 casalibus
2022 3963 2365 4062 quicquid
2401 3965 2642 4057 velint,
2678 3972 2883 4061 prout
2910 3963 3042 4036 hec
3078 3971 3148 4036 et
3179 3963 3315 4036 alia
3361 3963 3589 4059 ipsum

770 4089 1292 4165 instrumentum
1329 4093 1729 4189 expressius
1754 4090 2172 4165 continebat.
2211 4090 2498 4187 Propter
2529 4088 2723 4184 quod
2754 4087 2976 4160 dictus
3006 4086 3332 4180 magister
3362 4097 3594 4163 nostre

770 4215 1158 4289 celsitudini
1209 4216 1626 4312 supplicavit
1652 4225 1733 4288 ut
1760 4214 2197 4288 donationem
2227 4220 2297 4286 et
2321 4210 2791 4285 venditionem
2827 4210 3049 4306 ipsam
3084 4209 3314 4284 sibiet
3350 4211 3590 4286 domui

769 4356 886 4410 sue
921 4338 1206 4431 factam,
1248 4350 1455 4436 prout
1499 4339 1820 4438 superius
1861 4338 2277 4428 continetur,
2308 4345 2525 4410 ratam
2570 4335 2829 4409 habere
2867 4345 2936 4408 et
2979 4335 3382 4410 confirmare
3428 4359 3590 4433 per-

768 4469 967 4554 petuo
1011 4461 1485 4557 dignaremur.
1521 4464 1662 4537 Nos
1694 4463 1906 4557 igitur
1947 4461 2381 4537 attendentes
2425 4470 2620 4556 grata
2662 4462 2814 4553 ejus
2865 4470 2935 4533 et
2985 4468 3263 4557 accepta
3308 4461 3592 4535 servitia

844 4618 928 4701 (a)
968 4623 1137 4685 Alias
1162 4621 1233 4684 de
1259 4625 1470 4688 Bezen.

847 4723 928 4807 (b)
969 4727 1137 4790 Alias
1162 4728 1518 4792 Zeehaniam
1539 4733 1667 4795 sive
1689 4730 2060 4794 Zethaniam.

916 4834 1026 4896 lv.
1069 4848 1184 4896 Pm
1208 4852 1253 4897 a.
3166 4843 3280 4897 100
