4500 5956
1017 609 1138 671 356
2007 599 2438 660 samnitici
2485 599 2831 661 ssscnnm
3472 604 3628 689 [Anu.
3667 608 3837 671 1236.

1024 746 1113 819 ad
1148 743 1464 836 Agenum
1490 736 1681 834 apud
1705 736 1804 834 (a)
1829 744 2126 809 nostram
2150 736 2577 832 provinciam
2601 739 2944 829 citaretur,
2972 737 3358 812 indiximus
3383 741 3512 813 sibi
3542 743 3838 818 eundem

1024 871 1248 943 locum
1278 876 1348 940 et
1382 864 1747 938 terminum
1783 869 2319 957 competentem,
2382 862 2455 933 in
2496 884 2636 957 quo
2685 862 2877 959 apud
2914 864 3230 958 Agennm
3268 864 3361 960 (b)
3406 865 3498 939 ad
3541 877 3839 940 nostram

1027 991 1438 1087 presentiam
1475 1010 1551 1060 se
1571 988 1947 1078 conferret,
1990 984 2247 1057 ibidem
2277 983 2369 1057 de
2403 986 2586 1058 bono
2609 996 2788 1060 statu
2822 996 2893 1059 et
2926 989 3313 1082 integritate
3337 990 3520 1062 fame
3546 1012 3676 1063 sue
3698 991 3838 1064 dis·

1029 1137 1285 1210 ponere
1313 1115 1667 1208 cupientes
1699 1109 1813 1204 (c).
1852 1112 2005 1202 lpse
2031 1129 2196 1180 vero
2227 1129 2386 1179 cum
2419 1130 2554 1180 non
2590 1121 2819 1203 posset
2863 1112 3222 1185 vulnerate
3265 1115 3680 1186 conscientie
3716 1137 3841 1188 sue

1029 1238 1328 1311 nefanda
1374 1245 1773 1329 contegere,
1815 1233 1941 1305 etsi
1986 1233 2219 1326 sepius
2257 1232 2581 1326 exposuit
2614 1255 2691 1306 se
2725 1245 3133 1327 venturum,
3175 1258 3444 1331 semper
3479 1239 3726 1330 illusit,
3775 1250 3843 1312 et

1029 1362 1401 1459 potentiam
1439 1371 1741 1432 nostram
1780 1358 1850 1428 in
1898 1356 2226 1450 snperbia
2250 1366 2321 1429 et
2351 1356 2684 1429 abusione
2703 1367 3188 1447 contemnenS,
3229 1360 3434 1433 datus
3464 1362 3534 1431 in
3565 1383 3840 1434 sensum

1027 1487 1391 1583 reprobum
1448 1493 1519 1557 et
1565 1483 1839 1577 penitus
1883 1479 2164 1552 effectus
2215 1480 2559 1574 ingratus,
2611 1483 2793 1576 cepit
2834 1491 3072 1554 contra
3129 1504 3489 1577 personam
3543 1496 3843 1558 nostram

1028 1611 1246 1683 verbo
1307 1617 1374 1680 et
1432 1627 1640 1701 opere
1683 1603 2060 1676 machinari
2094 1603 2239 1676 :ita
2290 1603 2393 1700 (d)
2436 1613 2514 1675 ut
2558 1614 2784 1699 preter
2832 1606 3121 1680 insidias
3176 1629 3352 1701 quas
3398 1609 3469 1678 in
3530 1609 3846 1704 captione

1033 1734 1303 1809 dudum
1339 1730 1429 1825 (e)
1456 1730 1577 1802 filii
1605 1729 1818 1801 nostri
1848 1731 1930 1800 Η.
1977 1729 2047 1799 in
2083 1728 2329 1801 itinere
2368 1730 2728 1801 manifeste
2767 1732 3156 1825 proposuit,
3194 1753 3352 1803 cum
3382 1731 3845 1806 Mediolanen-

1033 1858 1228 1930 sibus
1271 1865 1337 1928 et
1381 1855 1532 1926 aliis
1587 1853 1883 1925 inimicis
1916 1852 2165 1924 nostris
2202 1862 2438 1924 contra
2469 1851 2794 1925 honorem
2851 1864 3160 1927 nostrum
3211 1867 3279 1928 et
3331 1857 3599 1950 imperii
3649 1859 3848 1930 moli-

1034 1990 1246 2053 retur.
1285 1977 1422 2049 Sed
1446 1977 1551 2071 (s)
1589 1975 1906 2068 nequiter
1934 1983 2168 2046 contra
2195 1975 2498 2046 animam
2533 1983 2830 2047 nostram
2869 1979 3306 2071 excogitans,
3344 1979 3530 2051 misit
3560 1981 3848 2052 nuncios

1036 2126 1199 2177 suos
1225 2103 1315 2175 ad
1344 2101 1681 2173 seniorem
1709 2100 2070 2183 Montane,
2104 2098 2226 2191 qui
2258 2097 2511 2170 dicitur
2541 2098 2891 2173 Assisinns
2909 2155 2927 2188 ‚
2971 2103 3375 2196 promittens
3396 2103 3460 2174 ei
3488 2103 3847 2197 pecuniam

1034 2226 1407 2316 infinitam,
1450 2233 1524 2295 ut
1562 2233 1861 2294 nostram
1895 2220 2154 2293 lederet
2185 2223 2637 2313 majestatem.
2672 2222 2829 2295 Alio
2854 2225 3058 2295 etiam
3087 2226 3337 2320 spiritu
3368 2248 3496 2298 sue
3521 2227 3850 2300 fatuitatis

1036 2351 1394 2436 inductu5‚
1435 2345 1628 2443 quod
1660 2346 1859 2417 nobis
1883 2355 1988 2417 est
2023 2343 2233 2417 valde
2258 2346 2616 2417 molestum
2635 2398 2657 2434 ,
2689 2368 2827 2419 non
2864 2358 2971 2419 est
2990 2350 3250 2421 veritus
3278 2359 3615 2422 attentare
3646 2372 3847 2423 sanc·

1036 2475 1374 2546 tissimum
1410 2473 1480 2543 in
1534 2470 1798 2542 Christo
1851 2480 2112 2564 patrem
2160 2478 2471 2541 nostrum
2528 2491 2878 2542 summum
2934 2472 3358 2567 pontificem,
3403 2482 3480 2544 ut
3507 2474 3640 2546 sibi
3675 2485 3852 2547 esset

1035 2597 1428 2671 favorabilis
1460 2594 1787 2666 inducere
1822 2592 2225 2685 satagendo.
2267 2593 2579 2666 Preterea
2612 2595 2902 2669 nuncios
2933 2605 3197 2669 nostros
3227 2598 3297 2668 in
3330 2600 3694 2669 securitate
3722 2619 3850 2669 sua

1037 2733 1105 2797 et
1122 2721 1469 2794 conductu
1489 2726 1801 2812 receptos
1820 2718 2094 2812 spoliari
2125 2716 2509 2789 mandavit.
2538 2718 2758 2790 Xenia
2788 2740 3069 2813 quoque
3084 2741 3205 2814 per
3225 2720 3474 2793 ducem
3496 2723 3738 2794 Roscie
3753 2721 3850 2818 (9)

1036 2847 1237 2918 nobis
1290 2845 1687 2917 transmissa
1739 2864 1781 2915 a
1828 2841 2102 2913 nunciis
2164 2843 2317 2934 ejus
2374 2842 2446 2913 in
2495 2843 2982 2916 contumeliam
3047 2851 3115 2915 et
3173 2844 3495 2936 injuriam
3557 2854 3852 2918 nostram

1037 2971 1197 3044 fecit
1220 2968 1523 3042 aufferri.
1556 2966 1789 3039 Castra
1822 2977 2052 3038 autem
2093 2987 2233 3059 qne
2272 3018 2290 3037 .
2333 3017 2351 3036 .
2389 3019 2406 3035 .
2444 2966 2955 3060 Ratisponensis
2980 2965 3331 3062 quondam
3358 2967 3739 3041 advocatus
3756 2967 3852 3061 (Ιι)

1038 3093 1238 3165 nobis
1273 3103 1343 3164 et
1378 3092 1664 3186 imperio
1699 3092 1772 3162 in
1809 3113 1938 3163 sua
1975 3100 2191 3164 morte
2233 3092 2625 3181 legaverat,
2682 3111 2821 3163 non
2864 3100 2969 3164 est
3003 3092 3267 3165 veritus
3294 3114 3670 3189 occupare,
3731 3114 3856 3164 nec

1039 3217 1272 3289 omisit
1310 3224 1556 3287 cuncta
1594 3235 1988 3309 presumere
2025 3236 2165 3308 que
2206 3215 2406 3286 nobis
2457 3225 2689 3287 essent
2734 3226 2802 3287 et
2848 3216 3136 3309 imperio
3188 3226 3624 3290 nocumenta.
3676 3216 3850 3308 Qui,

1039 3361 1197 3411 cum
1232 3359 1361 3410 nec
1391 3339 1612 3409 Deum
1654 3338 1920 3428 timeat,
1960 3337 2142 3409 sicut
2184 3337 2472 3426 dicitur,
2514 3360 2644 3411 nec
2677 3349 3020 3413 terrenum
3059 3340 3227 3412 velit
3264 3338 3624 3432 dominum
3647 3362 3859 3414 reve-

1037 3462 1206 3553 reri,
1249 3471 1494 3533 nature
1525 3461 1976 3532 reverentiam
2000 3481 2138 3532 non
2161 3461 2575 3554 observans,
2622 3515 2641 3533 .
2704 3515 2722 3532 .
2785 3516 2804 3533 .
2846 3463 3150 3536 nobilem
3184 3463 3534 3537 dominam
3574 3474 3856 3536 matrem

1040 3607 1235 3660 suam
1274 3586 1419 3657 suis
1454 3584 1656 3656 bonis
1676 3583 2002 3656 omnibus
2049 3585 2451 3677 spoliatam,
2504 3585 2594 3658 de
2637 3595 2818 3660 terra
2851 3608 2979 3658 sua
3028 3588 3322 3683 turpiter
3362 3588 3696 3681 effugavit
3737 3614 3754 3658 ε
3791 3594 3859 3658 et

1126 3855 1210 3936 (a)
1254 3854 1531 3916 codicem
1578 3864 1693 3915 455
1742 3855 2065 3932 sequimur.
2100 3854 2172 3914 In
2227 3852 2514 3931 impresso
2559 3853 2723 3935 apud
2758 3854 3200 3937 Aqam‘emem;
3232 3859 3299 3920 in
3343 3858 3477 3920 cod.
3513 3867 3661 3935 202,
3703 3857 3865 3939 apud

1044 3961 1546 4043 Αηςαηοπωειηι,
1577 3961 1753 4023 ambo
1779 3962 1957 4022 male.
1986 3960 2202 4039 Agitur
2226 3963 2386 4021 enim
2412 3962 2487 4023 de
2510 3963 2844 4043 Haqenmoe.

1128 4067 1210 4149 (b)
1250 4070 1366 4146 Ap.
1397 4069 1560 4130 Petr.
1591 4068 1667 4129 de
1692 4069 1832 4131 Vin.
1861 4066 2200 4149 Aqamt'am,
2231 4068 2408 4128 male.

1127 4173 1206 4253 (c)
1246 4174 1410 4235 Alias
1427 4181 1829 4254 proponentes.

1133 4278 1219 4360 (d)
1263 4280 1335 4340 In
1360 4281 1662 4341 codicibus
1688 4287 1772 4352 et,-
1799 4297 1897 4357 ap.
1924 4281 2084 4340 Petr.
2116 4281 2190 4342 de
2215 4279 2358 4339 Vin.
2387 4279 2574 4340 deest.

1132 4390 1207 4465 (e)
1251 4388 1367 4463 Ap.
1398 4387 1553 4447 Petr.
1582 4388 1658 4448 de
1685 4388 1829 4448 Vin.
1865 4386 2030 4465 (edit.
2062 4386 2138 4446 de
2171 4384 2345 4461 1566)
2372 4383 2541 4461 dum,
2568 4387 2743 4448 male.

1138 4491 1232 4571 (J)
1276 4491 1396 4553 Sed
1416 4494 1479 4551 in
1505 4493 1803 4553 codicibus
1826 4494 2011 4553 deest.

1141 4596 1228 4679 (9)
1268 4597 1368 4658 Sic
1392 4614 1468 4657 ex
1493 4598 1793 4658 codicibus
1818 4598 2217 4659 emendamus.
2246 4598 2321 4657 In
2345 4596 2483 4657 edit.
2515 4596 2590 4657 de
2621 4605 2773 4658 1566
2801 4599 3014 4662 Bossia.

1131 4701 1219 4785 (Ιι)
1262 4703 1376 4765 Hic
1402 4706 1463 4763 in
1490 4703 1743 4764 editione
1768 4703 1844 4764 de
1874 4711 2028 4764 1566
2057 4704 2296 4765 additur
2318 4703 2551 4782 imperto·
2570 4723 2591 4761 .-
2617 4706 2780 4782 quod
2805 4707 2869 4766 in
2894 4707 3197 4768 codicibus
3216 4709 3378 4785 juste
3404 4706 3588 4767 deest.
