4500 5956
1096 564 1216 626 952
2198 564 2814 628 ADDITAMENTA.

807 1154 850 1196 ,Δ
913 1154 943 1196 a
1209 1052 1577 1138 Henricus
1601 1112 1623 1156 ,
1676 1050 2191 1134 Romanorum
2247 1075 2381 1131 rex
2405 1113 2429 1159 ,
2491 1051 2855 1161 Gregorio
2917 1077 3154 1159 papae
3208 1051 3470 1133 scribit
3520 1076 3602 1132 se
3665 1076 3913 1159 spon..

854 1166 911 1208 pn

710 1212 1058 1319 ,ongaggfffffi
1102 1200 1319 1272 tanee
1382 1184 1755 1295 juravisse
1827 1183 2036 1292 quod
2089 1182 2465 1293 quidquid
2522 1194 2596 1265 et
2657 1183 2950 1291 quoties
3002 1184 3414 1290 imperator
3463 1193 3679 1291 pater
3733 1210 3916 1265 suus

1104 1346 1236 1403 ore
1280 1317 1396 1401 vel
1451 1317 1719 1399 litteris
1770 1315 2246 1397 mandaverit
2301 1314 2768 1422 faciendum,
2820 1315 2899 1396 id
2944 1315 3368 1398 voluntarie
3411 1325 3487 1397 et
3531 1314 3734 1397 bona
3769 1315 3915 1397 fide

1105 1449 1542 1560 complebit,
1581 1453 1689 1530 ita
1725 1458 1811 1531 ut
1845 1448 1908 1529 si
1945 1458 2206 1530 contra
2242 1447 2557 1555 venerit,
2598 1458 2893 1556 praeter
2920 1473 3245 1556 poenam
3279 1447 3621 1556 perjurii,
3664 1448 3912 1556 ipsum

1104 1582 1840 1666 excommunicatum
1878 1581 2044 1687 ipso
2083 1578 2280 1661 facto
2317 1579 2763 1661 denuntiare
2798 1604 3040 1688 papae
3073 1579 3317 1661 liceat.

1264 1769 1385 1846 (Cf.
1416 1784 1626 1846 supra,
1655 1785 1716 1844 p.
1750 1774 1888 1839 565,
1917 1765 2021 1826 ubi
2062 1765 2487 1826 documentum
2514 1766 2675 1844 quod
2700 1766 3070 1842 deperditum
3096 1767 3473 1846 putabamus,
3503 1766 3686 1827 fuisse
3710 1767 3915 1828 datum

1344 1874 1521 1952 paulo
1548 1879 1703 1951 post,
1734 1873 1955 1932 scilicet
1981 1871 2141 1948 apud
2168 1871 2501 1932 Sibldatum
2527 1873 2591 1932 in
2615 1872 2769 1933 Foro
2796 1873 2833 1932 J
2835 1874 2960 1944 ulii,
2989 1878 3084 1933 sat
3109 1871 3398 1950 probabili
3423 1877 3759 1951 conjectura
3784 1889 3914 1934 mo-

1341 1982 1598 2039 nuimus.
1649 1979 1822 2039 Nunc
1867 1993 2008 2038 vero
2051 1977 2198 2038 illud
2252 1979 2406 2037 tanti
2442 1979 2613 2055 pretii
2656 1979 3113 2039 instrumentum
3161 1979 3601 2056 integerrimum
3644 1979 3915 2039 exhibere

1345 2102 1687 2164 possumus,
1726 2088 1897 2162 cujus
1930 2083 2102 2143 nobis
2142 2099 2374 2144 summa
2409 2083 2775 2144 humanItate
2815 2099 2925 2144 sua
2963 2086 3191 2161 coptam
3228 2084 3366 2145 fecit
3389 2085 3769 2147 Boehmerus.
3799 2086 3915 2160 Qui

1350 2194 1591 2273 quidem
1621 2191 1776 2251 hanc
1801 2190 2105 2266 epistolam
2131 2190 2359 2249 invenit
2400 2205 2499 2265 ap.
2541 2189 2846 2266 Purnu,
2887 2186 3059 2249 Liber
3083 2187 3348 2270 privilaeq.
3376 2187 3594 2251 Eccles.
3642 2190 3911 2263 Roman„

1343 2310 1390 2363 t.
1425 2302 1473 2371 Ι,
1505 2300 1601 2361 fol.
1639 2307 1736 2371 16,
1764 2297 1937 2359 MSS.
1967 2297 2032 2356 in
2058 2296 2162 2357 fol.
2193 2294 2442 2355 membr.
2474 2311 2592 2356 sec.
2622 2296 2764 2357 XVI
2786 2298 3040 2375 ineunt„
3068 2300 3132 2358 in
3159 2298 3402 2359 archivo
3426 2297 3739 2359 Vaticano.
3770 2300 3915 2360 Bre-

1345 2411 1496 2468 viter
1524 2421 1760 2485 quoque
1788 2410 2036 2464 extract.
2067 2404 2131 2461 in
2157 2401 2364 2463 litteris
2399 2400 2662 2480 Gregorii
2687 2417 2874 2478 papae
2891 2448 2908 2481 ‚
2937 2419 3037 2479 ap.
3067 2402 3503 2478 Wunmmmw,
3535 2405 3675 2467 Νου.
3704 2402 3909 2466 ευόσίᾰ.

1340 2510 1667 2593 diplomat„
1696 2516 1745 2570 t.
1776 2512 1833 2580 1,
1862 2525 1920 2585 p.
1954 2512 2081 2583 57.)

1206 2674 1643 2750 Sanctissimo
1688 2672 1761 2743 in
1820 2670 2087 2743 Christo
2132 2668 2309 2763 patri
2364 2678 2433 2741 et
2493 2667 2772 2741 domino
2831 2668 3199 2764 Gregorio,
3248 2671 3374 2742 Dei
3423 2672 3645 2765 gratia
3688 2695 3917 2747 sacro·

1108 2809 1344 2875 sancte
1370 2800 1675 2870 Romane
1715 2794 2018 2866 Ecclesie
2057 2813 2331 2866 summo
2367 2791 2702 2889 pontifici,
2737 2793 3100 2885 Henricus,
3143 2794 3385 2867 eadem
3420 2796 3641 2889 gratia
3670 2799 3919 2872 Roma-

1107 2947 1354 3000 norum
1403 2944 1532 2995 rex
1582 2929 1651 2993 et
1686 2939 1956 3014 semper
1994 2926 2357 3010 augustus,
2401 2917 2691 2989 salutem
2729 2925 2797 2989 et
2837 2917 3285 2991 reverentiam
3325 2916 3625 2993 filialem.
3670 2923 3914 2995 Notum

1108 3051 1199 3122 sit
1256 3044 1637 3143 paternitati
1691 3053 1915 3115 vestre
1968 3041 2160 3136 quod
2229 3062 2356 3113 nos
2415 3040 2813 3134 diligentius
2870 3042 3298 3115 attendentes
3352 3051 3704 3137 paternam
3755 3068 3918 3139 erga

1108 3193 1236 3244 nos
1282 3169 1430 3241 divi
1461 3166 1738 3259 augusti
1782 3164 1995 3261 patris
2025 3164 2237 3236 nostri
2291 3162 2552 3235 domini
2596 3162 2924 3235 Friderici
2959 3165 3422 3236 Romanorum
3457 3167 3912 3261 imperatorie,

1108 3293 1531 3366 Hierusalem
1563 3297 1631 3360 et
1661 3287 1888 3359 Sicilie
1920 3287 2103 3380 regis
2130 3286 2439 3374 illustriS,
2470 3285 3004 3359 benivolentiam
3040 3297 3109 3360 et
3143 3288 3475 3379 favorem,
3511 3290 3685 3361 utin
3718 3293 3919 3365 nobis

1106 3418 1175 3490 ei
1215 3419 1392 3488 bene
1447 3411 1898 3506 complaceat,
1948 3420 2017 3482 et
2066 3410 2410 3504 principes
2456 3418 2528 3480 et
2584 3407 2826 3481 fideles
2876 3410 3143 3506 imperii
3195 3420 3427 3485 nostra
3475 3413 3923 3490 unanimitate

1110 3544 1425 3627 letentur,
1477 3546 1544 3608 et
1596 3533 1819 3606 omnis
1865 3533 2184 3604 materies
2234 3532 2823 3627 tergiversationis
2875 3532 3181 3627 nequitie
3225 3534 3314 3607 de
3364 3535 3596 3608 medio
3649 3540 3922 3633 penitus

1110 3664 1488 3750 auferatur,
1540 3668 1729 3730 motu
1775 3655 2054 3752 proprio
2098 3665 2168 3727 et
2220 3663 2596 3750 spontanea
2652 3657 3004 3728 voluntate
3042 3657 3439 3748 juravimus
3490 3658 3679 3753 quod
3726 3663 3923 3754 quie-

1114 3786 1289 3884 quid
1331 3793 1400 3858 et
1430 3782 1747 3878 quotiens
1779 3778 1965 3852 idem
2005 3778 2169 3852 felix
2205 3787 2275 3850 et
2317 3779 2615 3874 inclytus
2661 3788 2854 3873 pater
2900 3789 3131 3852 noster
3176 3780 3537 3853 nobiscum
3575 3781 3916 3878 disponet,

1114 3921 1236 3984 aut
1283 3930 1401 3983 ore
1432 3928 1558 3980 suo
1603 3906 1717 3979 vel
1758 3904 1994 3976 litteris
2035 3903 2180 3976 suis
2237 3903 2673 3976 mandaverit
2709 3903 3137 3996 faciendum,
3187 3905 3574 3978 voluntarie
3622 3917 3692 3979 et
3742 3899 3923 3983 bona

1112 4034 1252 4107 fide
1289 4029 1797 4126 conplebimuS,
1846 4048 1975 4100 nec
2003 4026 2260 4098 erimus
2297 4026 2369 4096 in
2405 4024 2618 4116 dicto,
2658 4025 2874 4108 facto,
2912 4022 3195 4097 consilio
3226 4048 3351 4099 seu
3396 4049 3768 4123 consensu,
3807 4033 3921 4105 vel

1112 4156 1355 4230 litteris
1383 4153 1680 4250 publicis
1714 4151 1827 4224 vel
1858 4151 2141 4223 occultis
2167 4148 2431 4243 aliquid
2466 4147 2989 4246 procurabimus
3017 4158 3140 4220 aut
3163 4150 3535 4245 quicquam
3564 4153 3915 4248 faciemuS,

1110 4278 1303 4375 quod
1348 4276 1440 4349 ad
1475 4273 1989 4348 incommodum
2028 4283 2100 4346 et
2135 4273 2468 4346 damnum
2508 4292 2799 4368 persone
2840 4292 2964 4345 seu
3009 4280 3223 4362 terre,
3269 4273 3547 4348 honoris
3588 4287 3659 4349 et
3697 4278 3922 4372 digni-

1112 4401 1270 4472 tatis
1325 4420 1449 4470 seu
1506 4397 1989 4470 detrimentum
2040 4395 2268 4468 eidem
2320 4394 2493 4490 patri
2546 4401 2779 4466 nostro
2827 4393 3052 4468 cedat.
3105 4395 3180 4467 Si
3228 4395 3388 4489 quis
3433 4407 3665 4472 autem
3708 4402 3824 4474 vel
3862 4403 3921 4475 si

1109 4545 1249 4621 que
1290 4522 1525 4594 verbis
1557 4522 1669 4593 vel
1722 4519 1917 4592 factis
1959 4518 2244 4613 privatis
2275 4520 2390 4591 vel
2436 4518 2814 4590 manifestis
2859 4518 3124 4613 aliquid
3164 4524 3584 4615 suggesserit
3617 4526 3727 4597 vel
3766 4548 3924 4622 per·

1113 4644 1429 4735 suaserit,
1468 4642 1658 4737 quod
1693 4643 1780 4714 sit
1815 4650 2048 4714 contra
2082 4643 2379 4716 eundem
2409 4649 2671 4735 patrem
2707 4651 3016 4715 nostrum
3051 4669 3070 4714 ε
3104 4644 3335 4718 statim
3368 4667 3492 4741 per
3521 4646 3778 4722 litteras
3810 4651 3924 4723 vel
