<?xml version="1.0" encoding="UTF-8"?>
<!DOCTYPE html PUBLIC "-//W3C//DTD XHTML 1.0 Transitional//EN"
    "http://www.w3.org/TR/xhtml1/DTD/xhtml1-transitional.dtd">
<html xmlns="http://www.w3.org/1999/xhtml" xml:lang="en" lang="en">
 <head>
  <title>
</title>
<meta http-equiv="Content-Type" content="text/html;charset=utf-8" />
  <meta name='ocr-system' content='tesseract 3.04.00' />
  <meta name='ocr-capabilities' content='ocr_page ocr_carea ocr_par ocr_line ocrx_word'/>
</head>
<body>
  <div class='ocr_page' id='page_1' title='image "./historiadiploma00empegoog_0163.png"; bbox 0 0 4500 5956; ppageno 0'>
   <div class='ocr_carea' id='block_1_1' title="bbox 671 538 3491 618">
    <p class='ocr_par' dir='ltr' id='par_1_1' title="bbox 671 538 3491 618">
     <span class='ocr_line' id='line_1_1' title="bbox 671 538 3491 618; baseline 0.001 -18"><span class='ocrx_word' id='word_1_1' title='bbox 671 543 865 603; x_wconf 72' lang='lat' dir='ltr'>Isnrcr.</span> <span class='ocrx_word' id='word_1_2' title='bbox 898 541 987 618; x_wconf 87' lang='lat'>8.]</span> <span class='ocrx_word' id='word_1_3' title='bbox 1562 538 1959 599; x_wconf 80' lang='lat' dir='ltr'>HISTORIA</span> <span class='ocrx_word' id='word_1_4' title='bbox 2012 538 2598 601; x_wconf 77' lang='lat' dir='ltr'>nlpLOMATch.</span> <span class='ocrx_word' id='word_1_5' title='bbox 3376 543 3491 605; x_wconf 83' lang='lat'>705</span> 
     </span>
    </p>
   </div>
   <div class='ocr_carea' id='block_1_2' title="bbox 674 672 3530 4472">
    <p class='ocr_par' dir='ltr' id='par_1_2' title="bbox 674 672 3513 2988">
     <span class='ocr_line' id='line_1_2' title="bbox 676 672 3487 764; baseline 0 -19"><span class='ocrx_word' id='word_1_6' title='bbox 676 675 843 745; x_wconf 91' lang='lat' dir='ltr'>mini</span> <span class='ocrx_word' id='word_1_7' title='bbox 884 673 1158 746; x_wconf 86' lang='lat' dir='ltr'>Henrici</span> <span class='ocrx_word' id='word_1_8' title='bbox 1192 672 1609 745; x_wconf 82' lang='lat' dir='ltr'>serenissimi</span> <span class='ocrx_word' id='word_1_9' title='bbox 1647 673 1831 764; x_wconf 82' lang='lat' dir='ltr'>regis</span> <span class='ocrx_word' id='word_1_10' title='bbox 1862 674 2322 745; x_wconf 90' lang='lat' dir='ltr'>Romanorum</span> <span class='ocrx_word' id='word_1_11' title='bbox 2357 684 2424 745; x_wconf 90' lang='lat' dir='ltr'>et</span> <span class='ocrx_word' id='word_1_12' title='bbox 2456 672 2777 746; x_wconf 91' lang='lat' dir='ltr'>dominus</span> <span class='ocrx_word' id='word_1_13' title='bbox 2809 674 3225 747; x_wconf 90' lang='lat' dir='ltr'>Waltberius</span> <span class='ocrx_word' id='word_1_14' title='bbox 3251 676 3487 746; x_wconf 89' lang='lat' dir='ltr'>archi-</span> 
     </span>
     <span class='ocr_line' id='line_1_3' title="bbox 674 794 3491 892; baseline -0 -21"><span class='ocrx_word' id='word_1_15' title='bbox 674 798 1009 871; x_wconf 88' lang='lat' dir='ltr'>diaconus</span> <span class='ocrx_word' id='word_1_16' title='bbox 1041 794 1552 890; x_wconf 87' lang='lat' dir='ltr'>Herbipolensis</span> <span class='ocrx_word' id='word_1_17' title='bbox 1583 805 1655 866; x_wconf 87' lang='lat' dir='ltr'>et</span> <span class='ocrx_word' id='word_1_18' title='bbox 1684 795 1944 868; x_wconf 90' lang='lat' dir='ltr'>domini</span> <span class='ocrx_word' id='word_1_19' title='bbox 1976 796 2157 890; x_wconf 84' lang='lat' dir='ltr'>regis</span> <span class='ocrx_word' id='word_1_20' title='bbox 2205 798 2636 892; x_wconf 88' lang='lat' dir='ltr'>capellanus,</span> <span class='ocrx_word' id='word_1_21' title='bbox 2695 797 2900 868; x_wconf 92' lang='lat' dir='ltr'>ambo</span> <span class='ocrx_word' id='word_1_22' title='bbox 2929 798 3152 869; x_wconf 89' lang='lat' dir='ltr'>nuntii</span> <span class='ocrx_word' id='word_1_23' title='bbox 3183 808 3254 870; x_wconf 89' lang='lat' dir='ltr'>et</span> <span class='ocrx_word' id='word_1_24' title='bbox 3286 799 3491 892; x_wconf 82' lang='lat' dir='ltr'>legati</span> 
     </span>
     <span class='ocr_line' id='line_1_4' title="bbox 674 918 3494 1016; baseline -0.001 -23"><span class='ocrx_word' id='word_1_25' title='bbox 674 921 1113 1016; x_wconf 81' lang='lat' dir='ltr'>suprascripti</span> <span class='ocrx_word' id='word_1_26' title='bbox 1154 919 1420 992; x_wconf 90' lang='lat' dir='ltr'>domini</span> <span class='ocrx_word' id='word_1_27' title='bbox 1465 918 1649 1011; x_wconf 81' lang='lat' dir='ltr'>regis</span> <span class='ocrx_word' id='word_1_28' title='bbox 1699 928 1769 991; x_wconf 89' lang='lat' dir='ltr'>et</span> <span class='ocrx_word' id='word_1_29' title='bbox 1818 919 2151 992; x_wconf 87' lang='lat' dir='ltr'>habentes</span> <span class='ocrx_word' id='word_1_30' title='bbox 2196 920 2493 1014; x_wconf 89' lang='lat' dir='ltr'>speciale</span> <span class='ocrx_word' id='word_1_31' title='bbox 2548 919 2950 992; x_wconf 87' lang='lat' dir='ltr'>mandatum</span> <span class='ocrx_word' id='word_1_32' title='bbox 3001 921 3384 993; x_wconf 81' lang='lat' dir='ltr'>securitatis</span> <span class='ocrx_word' id='word_1_33' title='bbox 3425 930 3494 993; x_wconf 93' lang='lat' dir='ltr'>et</span> 
     </span>
     <span class='ocr_line' id='line_1_5' title="bbox 676 1042 3489 1138; baseline 0 -21"><span class='ocrx_word' id='word_1_34' title='bbox 676 1043 1116 1117; x_wconf 76' lang='lat' dir='ltr'>concordiam</span> <span class='ocrx_word' id='word_1_35' title='bbox 1146 1053 1214 1115; x_wconf 89' lang='lat' dir='ltr'>et</span> <span class='ocrx_word' id='word_1_36' title='bbox 1241 1044 1632 1136; x_wconf 88' lang='lat' dir='ltr'>juramenta</span> <span class='ocrx_word' id='word_1_37' title='bbox 1658 1042 1956 1115; x_wconf 84' lang='lat' dir='ltr'>faciendi</span> <span class='ocrx_word' id='word_1_38' title='bbox 1994 1065 2119 1138; x_wconf 87' lang='lat' dir='ltr'>pro</span> <span class='ocrx_word' id='word_1_39' title='bbox 2163 1044 2418 1137; x_wconf 84' lang='lat' dir='ltr'>prefato</span> <span class='ocrx_word' id='word_1_40' title='bbox 2450 1043 2729 1115; x_wconf 89' lang='lat' dir='ltr'>domino</span> <span class='ocrx_word' id='word_1_41' title='bbox 2764 1064 2928 1135; x_wconf 79' lang='lat' dir='ltr'>rege</span> <span class='ocrx_word' id='word_1_42' title='bbox 2975 1053 3041 1114; x_wconf 88' lang='lat' dir='ltr'>et</span> <span class='ocrx_word' id='word_1_43' title='bbox 3082 1044 3153 1114; x_wconf 93' lang='lat' dir='ltr'>iu</span> <span class='ocrx_word' id='word_1_44' title='bbox 3188 1045 3489 1117; x_wconf 91' lang='lat' dir='ltr'>animam</span> 
     </span>
     <span class='ocr_line' id='line_1_6' title="bbox 675 1165 3485 1262; baseline 0 -23"><span class='ocrx_word' id='word_1_45' title='bbox 675 1168 862 1258; x_wconf 75' lang='lat' dir='ltr'>eju8‚</span> <span class='ocrx_word' id='word_1_46' title='bbox 905 1174 1109 1262; x_wconf 87' lang='lat' dir='ltr'>prout</span> <span class='ocrx_word' id='word_1_47' title='bbox 1151 1166 1224 1236; x_wconf 90' lang='lat' dir='ltr'>in</span> <span class='ocrx_word' id='word_1_48' title='bbox 1278 1165 1516 1237; x_wconf 87' lang='lat' dir='ltr'>litteris</span> <span class='ocrx_word' id='word_1_49' title='bbox 1565 1166 1785 1259; x_wconf 88' lang='lat' dir='ltr'>ipsius</span> <span class='ocrx_word' id='word_1_50' title='bbox 1831 1166 2090 1239; x_wconf 91' lang='lat' dir='ltr'>domini</span> <span class='ocrx_word' id='word_1_51' title='bbox 2144 1167 2325 1260; x_wconf 81' lang='lat' dir='ltr'>regis</span> <span class='ocrx_word' id='word_1_52' title='bbox 2367 1167 2591 1260; x_wconf 79' lang='lat' dir='ltr'>sigillo</span> <span class='ocrx_word' id='word_1_53' title='bbox 2638 1166 2926 1260; x_wconf 83' lang='lat' dir='ltr'>signatis</span> <span class='ocrx_word' id='word_1_54' title='bbox 2969 1167 3485 1257; x_wconf 89' lang='lat' dir='ltr'>continebatur;</span> 
     </span>
     <span class='ocr_line' id='line_1_7' title="bbox 675 1287 3495 1386; baseline 0 -25"><span class='ocrx_word' id='word_1_55' title='bbox 675 1313 967 1384; x_wconf 88' lang='lat' dir='ltr'>quarum</span> <span class='ocrx_word' id='word_1_56' title='bbox 1011 1300 1206 1362; x_wconf 90' lang='lat' dir='ltr'>tenor</span> <span class='ocrx_word' id='word_1_57' title='bbox 1242 1288 1396 1361; x_wconf 89' lang='lat' dir='ltr'>talis</span> <span class='ocrx_word' id='word_1_58' title='bbox 1442 1298 1553 1360; x_wconf 85' lang='lat' dir='ltr'>est</span> <span class='ocrx_word' id='word_1_59' title='bbox 1600 1287 1697 1384; x_wconf 85' lang='grc' dir='ltr'>(α)</span> <span class='ocrx_word' id='word_1_60' title='bbox 1750 1315 1767 1358; x_wconf 86' lang='lat'>:</span> <span class='ocrx_word' id='word_1_61' title='bbox 1828 1287 2237 1386; x_wconf 79' lang='lat' dir='ltr'>[Sequuntur</span> <span class='ocrx_word' id='word_1_62' title='bbox 2275 1301 2401 1360; x_wconf 78' lang='lat' dir='ltr'>tres</span> <span class='ocrx_word' id='word_1_63' title='bbox 2439 1290 2723 1374; x_wconf 79' lang='lat' dir='ltr'>litterae,</span> <span class='ocrx_word' id='word_1_64' title='bbox 2782 1311 3068 1382; x_wconf 80' lang='lat' dir='ltr'>quarum</span> <span class='ocrx_word' id='word_1_65' title='bbox 3095 1292 3355 1381; x_wconf 82' lang='lat' dir='ltr'>primas</span> <span class='ocrx_word' id='word_1_66' title='bbox 3400 1291 3495 1361; x_wconf 82' lang='lat' dir='ltr'>ad</span> 
     </span>
     <span class='ocr_line' id='line_1_8' title="bbox 678 1412 3492 1507; baseline 0 -24"><span class='ocrx_word' id='word_1_67' title='bbox 678 1416 1041 1507; x_wconf 73' lang='lat' dir='ltr'>inteqrum,</span> <span class='ocrx_word' id='word_1_68' title='bbox 1090 1412 1408 1485; x_wconf 76' lang='lat' dir='ltr'>secundas</span> <span class='ocrx_word' id='word_1_69' title='bbox 1456 1433 1610 1483; x_wconf 81' lang='lat' dir='ltr'>vero</span> <span class='ocrx_word' id='word_1_70' title='bbox 1658 1423 1722 1483; x_wconf 90' lang='lat' dir='ltr'>et</span> <span class='ocrx_word' id='word_1_71' title='bbox 1773 1414 1927 1484; x_wconf 68' lang='lat' dir='ltr'>terti</span> <span class='ocrx_word' id='word_1_72' title='bbox 2024 1414 2530 1506; x_wconf 78' lang='lat' dir='ltr'>:compendiario</span> <span class='ocrx_word' id='word_1_73' title='bbox 2570 1414 2999 1483; x_wconf 77' lang='lat' dir='ltr'>emhibuimus</span> <span class='ocrx_word' id='word_1_74' title='bbox 3023 1469 3042 1498; x_wconf 86' lang='lat'><em>,</em></span> <span class='ocrx_word' id='word_1_75' title='bbox 3096 1435 3165 1507; x_wconf 88' lang='lat' dir='ltr'>p.</span> <span class='ocrx_word' id='word_1_76' title='bbox 3224 1414 3366 1483; x_wconf 83' lang='lat'>695</span> <span class='ocrx_word' id='word_1_77' title='bbox 3421 1424 3492 1485; x_wconf 90' lang='lat' dir='ltr'>et</span> 
     </span>
     <span class='ocr_line' id='line_1_9' title="bbox 682 1535 3484 1635; baseline -0.001 -25"><span class='ocrx_word' id='word_1_78' title='bbox 682 1535 875 1635; x_wconf 82' lang='lat'>696]‚</span> <span class='ocrx_word' id='word_1_79' title='bbox 910 1560 1068 1609; x_wconf 91' lang='lat' dir='ltr'>cum</span> <span class='ocrx_word' id='word_1_80' title='bbox 1087 1536 1719 1609; x_wconf 82' lang='lat' dir='ltr'>Mediolanensibus</span> <span class='ocrx_word' id='word_1_81' title='bbox 1749 1545 1821 1609; x_wconf 89' lang='lat' dir='ltr'>et</span> <span class='ocrx_word' id='word_1_82' title='bbox 1849 1557 2086 1609; x_wconf 86' lang='lat' dir='ltr'>eorum</span> <span class='ocrx_word' id='word_1_83' title='bbox 2112 1537 2352 1608; x_wconf 90' lang='lat' dir='ltr'>amicis</span> <span class='ocrx_word' id='word_1_84' title='bbox 2377 1546 2446 1606; x_wconf 90' lang='lat' dir='ltr'>et</span> <span class='ocrx_word' id='word_1_85' title='bbox 2469 1537 2790 1609; x_wconf 86' lang='lat' dir='ltr'>societate</span> <span class='ocrx_word' id='word_1_86' title='bbox 2812 1536 3220 1608; x_wconf 86' lang='lat' dir='ltr'>Lombardie</span> <span class='ocrx_word' id='word_1_87' title='bbox 3226 1589 3484 1607; x_wconf 91' lang='grc'><strong>.....</strong></span> 
     </span>
     <span class='ocr_line' id='line_1_10' title="bbox 679 1659 3496 1756; baseline -0 -23"><span class='ocrx_word' id='word_1_88' title='bbox 679 1683 810 1756; x_wconf 90' lang='lat' dir='ltr'>que</span> <span class='ocrx_word' id='word_1_89' title='bbox 834 1670 1003 1733; x_wconf 90' lang='lat' dir='ltr'>sunt</span> <span class='ocrx_word' id='word_1_90' title='bbox 1036 1661 1126 1733; x_wconf 92' lang='lat' dir='ltr'>de</span> <span class='ocrx_word' id='word_1_91' title='bbox 1170 1660 1490 1733; x_wconf 84' lang='lat' dir='ltr'>societate</span> <span class='ocrx_word' id='word_1_92' title='bbox 1522 1668 1592 1732; x_wconf 91' lang='lat' dir='ltr'>et</span> <span class='ocrx_word' id='word_1_93' title='bbox 1634 1659 1931 1733; x_wconf 90' lang='lat' dir='ltr'>amicitia</span> <span class='ocrx_word' id='word_1_94' title='bbox 1979 1659 2386 1748; x_wconf 85' lang='lat' dir='ltr'>Mediolani,</span> <span class='ocrx_word' id='word_1_95' title='bbox 2441 1660 2875 1752; x_wconf 82' lang='lat' dir='ltr'>presentibus</span> <span class='ocrx_word' id='word_1_96' title='bbox 2919 1659 3201 1731; x_wconf 92' lang='lat' dir='ltr'>domino</span> <span class='ocrx_word' id='word_1_97' title='bbox 3249 1659 3496 1733; x_wconf 89' lang='lat' dir='ltr'>comite</span> 
     </span>
     <span class='ocr_line' id='line_1_11' title="bbox 681 1782 3501 1877; baseline -0 -21"><span class='ocrx_word' id='word_1_98' title='bbox 681 1784 1032 1856; x_wconf 82' lang='lat' dir='ltr'>Manfredo</span> <span class='ocrx_word' id='word_1_99' title='bbox 1082 1783 1173 1856; x_wconf 90' lang='lat' dir='ltr'>de</span> <span class='ocrx_word' id='word_1_100' title='bbox 1221 1784 1422 1855; x_wconf 89' lang='lat' dir='ltr'>Cnrte</span> <span class='ocrx_word' id='word_1_101' title='bbox 1472 1784 1671 1855; x_wconf 85' lang='lat' dir='ltr'>Nova</span> <span class='ocrx_word' id='word_1_102' title='bbox 1722 1791 2054 1877; x_wconf 88' lang='lat' dir='ltr'>potestate</span> <span class='ocrx_word' id='word_1_103' title='bbox 2096 1782 2466 1854; x_wconf 87' lang='lat' dir='ltr'>Mediolani</span> <span class='ocrx_word' id='word_1_104' title='bbox 2511 1792 2581 1853; x_wconf 91' lang='lat' dir='ltr'>et</span> <span class='ocrx_word' id='word_1_105' title='bbox 2625 1783 3073 1877; x_wconf 79' lang='lat' dir='ltr'>infrascriptis</span> <span class='ocrx_word' id='word_1_106' title='bbox 3126 1782 3501 1856; x_wconf 83' lang='lat' dir='ltr'>ambaxia-</span> 
     </span>
     <span class='ocr_line' id='line_1_12' title="bbox 681 1904 3493 1999; baseline -0 -20"><span class='ocrx_word' id='word_1_107' title='bbox 681 1908 939 1979; x_wconf 89' lang='lat' dir='ltr'>toribus</span> <span class='ocrx_word' id='word_1_108' title='bbox 992 1907 1229 1979; x_wconf 86' lang='lat' dir='ltr'>Brixie</span> <span class='ocrx_word' id='word_1_109' title='bbox 1267 1916 1337 1978; x_wconf 90' lang='lat' dir='ltr'>et</span> <span class='ocrx_word' id='word_1_110' title='bbox 1375 1904 1657 1977; x_wconf 90' lang='lat' dir='ltr'>domino</span> <span class='ocrx_word' id='word_1_111' title='bbox 1690 1905 1891 1977; x_wconf 89' lang='lat' dir='ltr'>Petro</span> <span class='ocrx_word' id='word_1_112' title='bbox 1940 1905 2031 1977; x_wconf 92' lang='lat' dir='ltr'>de</span> <span class='ocrx_word' id='word_1_113' title='bbox 2071 1908 2320 1977; x_wconf 88' lang='lat' dir='ltr'>Sancto</span> <span class='ocrx_word' id='word_1_114' title='bbox 2355 1905 2554 1977; x_wconf 90' lang='lat' dir='ltr'>Petro</span> <span class='ocrx_word' id='word_1_115' title='bbox 2607 1915 2675 1975; x_wconf 87' lang='lat' dir='ltr'>et</span> <span class='ocrx_word' id='word_1_116' title='bbox 2710 1904 3057 1977; x_wconf 88' lang='lat' dir='ltr'>Ardizono</span> <span class='ocrx_word' id='word_1_117' title='bbox 3093 1906 3447 1978; x_wconf 88' lang='lat' dir='ltr'>Cavalasio</span> <span class='ocrx_word' id='word_1_118' title='bbox 3472 1962 3493 1999; x_wconf 87' lang='lat'>,</span> 
     </span>
     <span class='ocr_line' id='line_1_13' title="bbox 683 2028 3502 2123; baseline 0 -21"><span class='ocrx_word' id='word_1_119' title='bbox 683 2030 1245 2102; x_wconf 82' lang='lat' dir='ltr'>ambaxatoribus</span> <span class='ocrx_word' id='word_1_120' title='bbox 1301 2029 1601 2100; x_wconf 84' lang='lat' dir='ltr'>civitatis</span> <span class='ocrx_word' id='word_1_121' title='bbox 1653 2029 1985 2118; x_wconf 81' lang='lat' dir='ltr'>Novaria,</span> <span class='ocrx_word' id='word_1_122' title='bbox 2036 2037 2107 2101; x_wconf 91' lang='lat' dir='ltr'>et</span> <span class='ocrx_word' id='word_1_123' title='bbox 2142 2028 2426 2101; x_wconf 90' lang='lat' dir='ltr'>domino</span> <span class='ocrx_word' id='word_1_124' title='bbox 2475 2028 2648 2100; x_wconf 90' lang='lat' dir='ltr'>Mar.</span> <span class='ocrx_word' id='word_1_125' title='bbox 2707 2029 2798 2102; x_wconf 91' lang='lat' dir='ltr'>de</span> <span class='ocrx_word' id='word_1_126' title='bbox 2849 2029 3282 2123; x_wconf 90' lang='lat' dir='ltr'>Summaripa</span> <span class='ocrx_word' id='word_1_127' title='bbox 3337 2051 3502 2103; x_wconf 89' lang='lat' dir='ltr'>am-</span> 
     </span>
     <span class='ocr_line' id='line_1_14' title="bbox 683 2150 3500 2248; baseline 0 -23"><span class='ocrx_word' id='word_1_128' title='bbox 683 2153 991 2226; x_wconf 88' lang='lat' dir='ltr'>basatore</span> <span class='ocrx_word' id='word_1_129' title='bbox 1042 2152 1342 2224; x_wconf 88' lang='lat' dir='ltr'>civitatis</span> <span class='ocrx_word' id='word_1_130' title='bbox 1395 2150 1669 2240; x_wconf 87' lang='lat' dir='ltr'>Laude,</span> <span class='ocrx_word' id='word_1_131' title='bbox 1729 2160 1799 2224; x_wconf 87' lang='lat' dir='ltr'>et</span> <span class='ocrx_word' id='word_1_132' title='bbox 1837 2153 2006 2248; x_wconf 90' lang='lat' dir='ltr'>ipsis</span> <span class='ocrx_word' id='word_1_133' title='bbox 2056 2152 2549 2247; x_wconf 89' lang='lat' dir='ltr'>recipientibus</span> <span class='ocrx_word' id='word_1_134' title='bbox 2593 2173 2719 2247; x_wconf 90' lang='lat' dir='ltr'>pro</span> <span class='ocrx_word' id='word_1_135' title='bbox 2750 2152 3099 2224; x_wconf 91' lang='lat' dir='ltr'>communi</span> <span class='ocrx_word' id='word_1_136' title='bbox 3129 2152 3500 2225; x_wconf 88' lang='lat' dir='ltr'>Mediolani</span> 
     </span>
     <span class='ocr_line' id='line_1_15' title="bbox 685 2274 3504 2372; baseline 0 -25"><span class='ocrx_word' id='word_1_137' title='bbox 685 2286 744 2347; x_wconf 90' lang='lat' dir='ltr'>et</span> <span class='ocrx_word' id='word_1_138' title='bbox 780 2298 906 2372; x_wconf 89' lang='lat' dir='ltr'>pro</span> <span class='ocrx_word' id='word_1_139' title='bbox 942 2277 1389 2349; x_wconf 84' lang='lat' dir='ltr'>universitate</span> <span class='ocrx_word' id='word_1_140' title='bbox 1420 2275 1767 2348; x_wconf 87' lang='lat' dir='ltr'>societatis</span> <span class='ocrx_word' id='word_1_141' title='bbox 1794 2275 2240 2365; x_wconf 90' lang='lat' dir='ltr'>Lombardie,</span> <span class='ocrx_word' id='word_1_142' title='bbox 2272 2277 2685 2366; x_wconf 87' lang='lat' dir='ltr'>juraverunt</span> <span class='ocrx_word' id='word_1_143' title='bbox 2715 2274 2806 2346; x_wconf 88' lang='lat' dir='ltr'>ad</span> <span class='ocrx_word' id='word_1_144' title='bbox 2842 2283 3079 2347; x_wconf 88' lang='lat' dir='ltr'>sancta</span> <span class='ocrx_word' id='word_1_145' title='bbox 3114 2276 3240 2348; x_wconf 91' lang='lat' dir='ltr'>Dei</span> <span class='ocrx_word' id='word_1_146' title='bbox 3269 2276 3504 2350; x_wconf 82' lang='lat' dir='ltr'>Evan-</span> 
     </span>
     <span class='ocr_line' id='line_1_16' title="bbox 685 2397 3511 2494; baseline 0.001 -24"><span class='ocrx_word' id='word_1_147' title='bbox 685 2397 863 2490; x_wconf 80' lang='lat' dir='ltr'>gelia</span> <span class='ocrx_word' id='word_1_148' title='bbox 904 2421 1116 2493; x_wconf 88' lang='lat' dir='ltr'>super</span> <span class='ocrx_word' id='word_1_149' title='bbox 1161 2420 1399 2471; x_wconf 86' lang='lat' dir='ltr'>eornm</span> <span class='ocrx_word' id='word_1_150' title='bbox 1456 2398 1689 2469; x_wconf 84' lang='lat' dir='ltr'>anima</span> <span class='ocrx_word' id='word_1_151' title='bbox 1740 2408 1809 2471; x_wconf 88' lang='lat' dir='ltr'>et</span> <span class='ocrx_word' id='word_1_152' title='bbox 1862 2398 1936 2469; x_wconf 90' lang='lat' dir='ltr'>in</span> <span class='ocrx_word' id='word_1_153' title='bbox 1985 2398 2218 2472; x_wconf 90' lang='lat' dir='ltr'>anima</span> <span class='ocrx_word' id='word_1_154' title='bbox 2262 2398 2550 2493; x_wconf 89' lang='lat' dir='ltr'>predicti</span> <span class='ocrx_word' id='word_1_155' title='bbox 2602 2398 2864 2470; x_wconf 90' lang='lat' dir='ltr'>domini</span> <span class='ocrx_word' id='word_1_156' title='bbox 2915 2400 3098 2493; x_wconf 81' lang='lat' dir='ltr'>regis</span> <span class='ocrx_word' id='word_1_157' title='bbox 3157 2399 3350 2494; x_wconf 89' lang='lat' dir='ltr'>quod</span> <span class='ocrx_word' id='word_1_158' title='bbox 3394 2400 3511 2473; x_wconf 92' lang='lat' dir='ltr'>ille</span> 
     </span>
     <span class='ocr_line' id='line_1_17' title="bbox 686 2520 3507 2616; baseline 0.001 -24"><span class='ocrx_word' id='word_1_159' title='bbox 686 2520 1003 2594; x_wconf 87' lang='lat' dir='ltr'>dominus</span> <span class='ocrx_word' id='word_1_160' title='bbox 1040 2544 1170 2595; x_wconf 79' lang='lat' dir='ltr'>rex</span> <span class='ocrx_word' id='word_1_161' title='bbox 1209 2521 1516 2594; x_wconf 86' lang='lat' dir='ltr'>attendet</span> <span class='ocrx_word' id='word_1_162' title='bbox 1546 2531 1615 2593; x_wconf 89' lang='lat' dir='ltr'>et</span> <span class='ocrx_word' id='word_1_163' title='bbox 1651 2522 2045 2594; x_wconf 84' lang='lat' dir='ltr'>observabit</span> <span class='ocrx_word' id='word_1_164' title='bbox 2073 2533 2143 2595; x_wconf 86' lang='lat' dir='ltr'>et</span> <span class='ocrx_word' id='word_1_165' title='bbox 2166 2521 2428 2595; x_wconf 84' lang='lat' dir='ltr'>attendi</span> <span class='ocrx_word' id='word_1_166' title='bbox 2463 2522 2666 2594; x_wconf 86' lang='lat' dir='ltr'>faciet</span> <span class='ocrx_word' id='word_1_167' title='bbox 2692 2521 3189 2616; x_wconf 84' lang='lat' dir='ltr'>infrascriptam</span> <span class='ocrx_word' id='word_1_168' title='bbox 3224 2543 3507 2595; x_wconf 92' lang='lat' dir='ltr'>concor-</span> 
     </span>
     <span class='ocr_line' id='line_1_18' title="bbox 688 2643 3513 2740; baseline 0.001 -25"><span class='ocrx_word' id='word_1_169' title='bbox 688 2643 866 2716; x_wconf 89' lang='lat' dir='ltr'>diam</span> <span class='ocrx_word' id='word_1_170' title='bbox 908 2645 981 2715; x_wconf 90' lang='lat' dir='ltr'>in</span> <span class='ocrx_word' id='word_1_171' title='bbox 1020 2646 1347 2717; x_wconf 89' lang='lat' dir='ltr'>omnibus</span> <span class='ocrx_word' id='word_1_172' title='bbox 1376 2655 1444 2717; x_wconf 91' lang='lat' dir='ltr'>et</span> <span class='ocrx_word' id='word_1_173' title='bbox 1474 2666 1597 2739; x_wconf 90' lang='lat' dir='ltr'>per</span> <span class='ocrx_word' id='word_1_174' title='bbox 1630 2644 1860 2717; x_wconf 89' lang='lat' dir='ltr'>omnia</span> <span class='ocrx_word' id='word_1_175' title='bbox 1895 2646 2073 2717; x_wconf 90' lang='lat' dir='ltr'>sicut</span> <span class='ocrx_word' id='word_1_176' title='bbox 2115 2645 2370 2740; x_wconf 89' lang='lat' dir='ltr'>scripta</span> <span class='ocrx_word' id='word_1_177' title='bbox 2403 2654 2605 2734; x_wconf 90' lang='lat' dir='ltr'>sunt,</span> <span class='ocrx_word' id='word_1_178' title='bbox 2662 2654 2731 2716; x_wconf 91' lang='lat' dir='ltr'>et</span> <span class='ocrx_word' id='word_1_179' title='bbox 2760 2643 2952 2738; x_wconf 90' lang='lat' dir='ltr'>quod</span> <span class='ocrx_word' id='word_1_180' title='bbox 2986 2644 3240 2716; x_wconf 85' lang='lat' dir='ltr'>facient</span> <span class='ocrx_word' id='word_1_181' title='bbox 3276 2646 3513 2735; x_wconf 89' lang='lat' dir='ltr'>jurare</span> 
     </span>
     <span class='ocr_line' id='line_1_19' title="bbox 688 2764 3513 2864; baseline -0 -24"><span class='ocrx_word' id='word_1_182' title='bbox 688 2768 1068 2862; x_wconf 85' lang='lat' dir='ltr'>predictum</span> <span class='ocrx_word' id='word_1_183' title='bbox 1130 2768 1486 2841; x_wconf 90' lang='lat' dir='ltr'>dominum</span> <span class='ocrx_word' id='word_1_184' title='bbox 1556 2789 1791 2862; x_wconf 83' lang='lat' dir='ltr'>regem</span> <span class='ocrx_word' id='word_1_185' title='bbox 1852 2776 1922 2840; x_wconf 93' lang='lat' dir='ltr'>et</span> <span class='ocrx_word' id='word_1_186' title='bbox 1980 2768 2332 2864; x_wconf 88' lang='lat' dir='ltr'>principes</span> <span class='ocrx_word' id='word_1_187' title='bbox 2390 2766 2798 2840; x_wconf 87' lang='lat' dir='ltr'>Alemannie</span> <span class='ocrx_word' id='word_1_188' title='bbox 2857 2775 2934 2838; x_wconf 90' lang='lat' dir='ltr'>ut</span> <span class='ocrx_word' id='word_1_189' title='bbox 3004 2766 3078 2837; x_wconf 92' lang='lat' dir='ltr'>in</span> <span class='ocrx_word' id='word_1_190' title='bbox 3142 2764 3513 2839; x_wconf 90' lang='lat' dir='ltr'>concordia</span> 
     </span>
     <span class='ocr_line' id='line_1_20' title="bbox 689 2892 2365 2988; baseline -0.001 -24"><span class='ocrx_word' id='word_1_191' title='bbox 689 2892 1056 2988; x_wconf 87' lang='lat' dir='ltr'>prescripta</span> <span class='ocrx_word' id='word_1_192' title='bbox 1091 2892 1518 2971; x_wconf 86' lang='lat' dir='ltr'>continetur;</span> <span class='ocrx_word' id='word_1_193' title='bbox 1563 2894 1763 2986; x_wconf 77' lang='lat' dir='ltr'>quus</span> <span class='ocrx_word' id='word_1_194' title='bbox 1794 2900 1989 2964; x_wconf 88' lang='lat' dir='ltr'>tenor</span> <span class='ocrx_word' id='word_1_195' title='bbox 2019 2893 2176 2964; x_wconf 87' lang='lat' dir='ltr'>talis</span> <span class='ocrx_word' id='word_1_196' title='bbox 2200 2902 2308 2964; x_wconf 90' lang='lat' dir='ltr'>est</span> <span class='ocrx_word' id='word_1_197' title='bbox 2347 2919 2365 2962; x_wconf 71' lang='grc' dir='ltr'><strong><em>ε</em></strong></span> 
     </span>
    </p>

    <p class='ocr_par' dir='ltr' id='par_1_3' title="bbox 679 3015 3530 4472">
     <span class='ocr_line' id='line_1_21' title="bbox 780 3015 3514 3109; baseline 0 -21"><span class='ocrx_word' id='word_1_198' title='bbox 780 3018 857 3088; x_wconf 92' lang='lat' dir='ltr'>In</span> <span class='ocrx_word' id='word_1_199' title='bbox 894 3017 1175 3090; x_wconf 91' lang='lat' dir='ltr'>nomine</span> <span class='ocrx_word' id='word_1_200' title='bbox 1194 3017 1493 3089; x_wconf 92' lang='lat' dir='ltr'>Domini.</span> <span class='ocrx_word' id='word_1_201' title='bbox 1527 3017 1870 3091; x_wconf 83' lang='lat' dir='ltr'>Iurabunt</span> <span class='ocrx_word' id='word_1_202' title='bbox 1896 3016 2480 3109; x_wconf 87' lang='lat' dir='ltr'>Mediolanenses,</span> <span class='ocrx_word' id='word_1_203' title='bbox 2517 3017 2787 3106; x_wconf 86' lang='lat' dir='ltr'>Brixia,</span> <span class='ocrx_word' id='word_1_204' title='bbox 2823 3015 3165 3104; x_wconf 91' lang='lat' dir='ltr'>Bononia,</span> <span class='ocrx_word' id='word_1_205' title='bbox 3204 3015 3514 3089; x_wconf 90' lang='lat' dir='ltr'>marchio</span> 
     </span>
     <span class='ocr_line' id='line_1_22' title="bbox 692 3139 3517 3233; baseline -0.001 -22"><span class='ocrx_word' id='word_1_206' title='bbox 692 3139 1204 3232; x_wconf 83' lang='lat' dir='ltr'>Montisferrati,</span> <span class='ocrx_word' id='word_1_207' title='bbox 1246 3141 1585 3233; x_wconf 87' lang='lat' dir='ltr'>Novaria,</span> <span class='ocrx_word' id='word_1_208' title='bbox 1626 3140 1869 3213; x_wconf 86' lang='lat' dir='ltr'>Lauda</span> <span class='ocrx_word' id='word_1_209' title='bbox 1919 3150 1988 3214; x_wconf 90' lang='lat' dir='ltr'>et</span> <span class='ocrx_word' id='word_1_210' title='bbox 2027 3142 2161 3213; x_wconf 91' lang='lat' dir='ltr'>alie</span> <span class='ocrx_word' id='word_1_211' title='bbox 2194 3141 2509 3212; x_wconf 85' lang='lat' dir='ltr'>civitates</span> <span class='ocrx_word' id='word_1_212' title='bbox 2544 3139 2817 3233; x_wconf 89' lang='lat' dir='ltr'>aliaque</span> <span class='ocrx_word' id='word_1_213' title='bbox 2864 3139 3016 3210; x_wconf 90' lang='lat' dir='ltr'>loca</span> <span class='ocrx_word' id='word_1_214' title='bbox 3052 3146 3121 3210; x_wconf 91' lang='lat' dir='ltr'>et</span> <span class='ocrx_word' id='word_1_215' title='bbox 3165 3139 3517 3211; x_wconf 83' lang='lat' dir='ltr'>universi-</span> 
     </span>
     <span class='ocr_line' id='line_1_23' title="bbox 692 3262 3517 3359; baseline 0 -27"><span class='ocrx_word' id='word_1_216' title='bbox 692 3270 858 3333; x_wconf 85' lang='lat' dir='ltr'>tates</span> <span class='ocrx_word' id='word_1_217' title='bbox 895 3262 986 3334; x_wconf 91' lang='lat' dir='ltr'>de</span> <span class='ocrx_word' id='word_1_218' title='bbox 1014 3262 1342 3336; x_wconf 88' lang='lat' dir='ltr'>societate</span> <span class='ocrx_word' id='word_1_219' title='bbox 1374 3262 1748 3336; x_wconf 86' lang='lat' dir='ltr'>Mediolani</span> <span class='ocrx_word' id='word_1_220' title='bbox 1781 3286 1921 3359; x_wconf 88' lang='lat' dir='ltr'>que</span> <span class='ocrx_word' id='word_1_221' title='bbox 1957 3287 2143 3336; x_wconf 90' lang='lat' dir='ltr'>nunc</span> <span class='ocrx_word' id='word_1_222' title='bbox 2173 3276 2336 3336; x_wconf 92' lang='lat' dir='ltr'>sunt</span> <span class='ocrx_word' id='word_1_223' title='bbox 2367 3264 2476 3336; x_wconf 86' lang='lat' dir='ltr'>vel</span> <span class='ocrx_word' id='word_1_224' title='bbox 2513 3264 2585 3334; x_wconf 91' lang='lat' dir='ltr'>in</span> <span class='ocrx_word' id='word_1_225' title='bbox 2624 3272 2969 3358; x_wconf 90' lang='lat' dir='ltr'>posterum</span> <span class='ocrx_word' id='word_1_226' title='bbox 2998 3270 3226 3351; x_wconf 90' lang='lat' dir='ltr'>erunt,</span> <span class='ocrx_word' id='word_1_227' title='bbox 3267 3271 3337 3333; x_wconf 90' lang='lat' dir='ltr'>et</span> <span class='ocrx_word' id='word_1_228' title='bbox 3374 3282 3517 3356; x_wconf 89' lang='lat' dir='ltr'>que</span> 
     </span>
     <span class='ocr_line' id='line_1_24' title="bbox 693 3384 3518 3483; baseline -0.001 -26"><span class='ocrx_word' id='word_1_229' title='bbox 693 3388 922 3458; x_wconf 88' lang='lat' dir='ltr'>volent</span> <span class='ocrx_word' id='word_1_230' title='bbox 955 3397 1027 3458; x_wconf 90' lang='lat' dir='ltr'>et</span> <span class='ocrx_word' id='word_1_231' title='bbox 1053 3388 1313 3482; x_wconf 92' lang='lat' dir='ltr'>quibus</span> <span class='ocrx_word' id='word_1_232' title='bbox 1364 3389 1589 3461; x_wconf 85' lang='lat' dir='ltr'>facere</span> <span class='ocrx_word' id='word_1_233' title='bbox 1625 3388 1958 3483; x_wconf 89' lang='lat' dir='ltr'>placuerit</span> <span class='ocrx_word' id='word_1_234' title='bbox 1988 3388 2489 3482; x_wconf 70' lang='lat' dir='ltr'>instascriptam</span> <span class='ocrx_word' id='word_1_235' title='bbox 2521 3385 2916 3459; x_wconf 86' lang='lat' dir='ltr'>fidelitatem</span> <span class='ocrx_word' id='word_1_236' title='bbox 2949 3393 3017 3458; x_wconf 89' lang='lat' dir='ltr'>et</span> <span class='ocrx_word' id='word_1_237' title='bbox 3053 3386 3358 3480; x_wconf 88' lang='lat' dir='ltr'>recipere</span> <span class='ocrx_word' id='word_1_238' title='bbox 3401 3384 3518 3455; x_wconf 91' lang='lat' dir='ltr'>in-</span> 
     </span>
     <span class='ocr_line' id='line_1_25' title="bbox 692 3505 3517 3604; baseline -0 -25"><span class='ocrx_word' id='word_1_239' title='bbox 692 3509 1122 3604; x_wconf 85' lang='lat' dir='ltr'>frascriptum</span> <span class='ocrx_word' id='word_1_240' title='bbox 1172 3512 1643 3603; x_wconf 79' lang='lat' dir='ltr'>juramentum</span> <span class='ocrx_word' id='word_1_241' title='bbox 1717 3510 2101 3604; x_wconf 72' lang='lat' dir='ltr'>fidelitatis,</span> <span class='ocrx_word' id='word_1_242' title='bbox 2165 3512 2452 3586; x_wconf 91' lang='lat' dir='ltr'>domino</span> <span class='ocrx_word' id='word_1_243' title='bbox 2518 3511 2813 3583; x_wconf 88' lang='lat' dir='ltr'>Henrico</span> <span class='ocrx_word' id='word_1_244' title='bbox 2878 3508 3313 3581; x_wconf 88' lang='lat' dir='ltr'>serenissimo</span> <span class='ocrx_word' id='word_1_245' title='bbox 3367 3505 3517 3599; x_wconf 82' lang='lat' dir='ltr'>regi</span> 
     </span>
     <span class='ocr_line' id='line_1_26' title="bbox 688 3627 3518 3731; baseline -0.002 -27"><span class='ocrx_word' id='word_1_246' title='bbox 688 3633 1148 3707; x_wconf 87' lang='lat' dir='ltr'>Romanorum</span> <span class='ocrx_word' id='word_1_247' title='bbox 1193 3635 1329 3709; x_wconf 92' lang='lat' dir='ltr'>hoc</span> <span class='ocrx_word' id='word_1_248' title='bbox 1360 3637 1569 3709; x_wconf 90' lang='lat' dir='ltr'>modo</span> <span class='ocrx_word' id='word_1_249' title='bbox 1609 3664 1626 3707; x_wconf 76' lang='grc' dir='ltr'><strong><em>ε</em></strong></span> <span class='ocrx_word' id='word_1_250' title='bbox 1669 3637 1863 3731; x_wconf 88' lang='lat' dir='ltr'>quod</span> <span class='ocrx_word' id='word_1_251' title='bbox 1896 3658 2036 3709; x_wconf 90' lang='lat' dir='ltr'>non</span> <span class='ocrx_word' id='word_1_252' title='bbox 2080 3647 2292 3709; x_wconf 91' lang='lat' dir='ltr'>erunt</span> <span class='ocrx_word' id='word_1_253' title='bbox 2338 3636 2410 3707; x_wconf 90' lang='lat' dir='ltr'>in</span> <span class='ocrx_word' id='word_1_254' title='bbox 2459 3634 2745 3706; x_wconf 91' lang='lat' dir='ltr'>consilio</span> <span class='ocrx_word' id='word_1_255' title='bbox 2784 3633 2893 3704; x_wconf 84' lang='lat' dir='ltr'>vel</span> <span class='ocrx_word' id='word_1_256' title='bbox 2941 3630 3281 3722; x_wconf 86' lang='lat' dir='ltr'>adjutorio</span> <span class='ocrx_word' id='word_1_257' title='bbox 3325 3627 3518 3722; x_wconf 91' lang='lat' dir='ltr'>quod</span> 
     </span>
     <span class='ocr_line' id='line_1_27' title="bbox 684 3752 3520 3850; baseline -0.002 -22"><span class='ocrx_word' id='word_1_258' title='bbox 684 3756 934 3850; x_wconf 88' lang='lat' dir='ltr'>perdat</span> <span class='ocrx_word' id='word_1_259' title='bbox 976 3759 1195 3831; x_wconf 82' lang='lat' dir='ltr'>vitam</span> <span class='ocrx_word' id='word_1_260' title='bbox 1225 3762 1335 3832; x_wconf 90' lang='lat' dir='ltr'>vel</span> <span class='ocrx_word' id='word_1_261' title='bbox 1379 3761 1769 3832; x_wconf 90' lang='lat' dir='ltr'>membrum</span> <span class='ocrx_word' id='word_1_262' title='bbox 1816 3760 1929 3832; x_wconf 88' lang='lat' dir='ltr'>vel</span> <span class='ocrx_word' id='word_1_263' title='bbox 1961 3768 2265 3832; x_wconf 90' lang='lat' dir='ltr'>mentem</span> <span class='ocrx_word' id='word_1_264' title='bbox 2317 3767 2441 3831; x_wconf 89' lang='lat' dir='ltr'>aut</span> <span class='ocrx_word' id='word_1_265' title='bbox 2481 3780 2684 3830; x_wconf 91' lang='lat' dir='ltr'>suum</span> <span class='ocrx_word' id='word_1_266' title='bbox 2728 3754 3058 3827; x_wconf 89' lang='lat' dir='ltr'>honorem</span> <span class='ocrx_word' id='word_1_267' title='bbox 3091 3755 3203 3825; x_wconf 83' lang='lat' dir='ltr'>vel</span> <span class='ocrx_word' id='word_1_268' title='bbox 3250 3752 3520 3823; x_wconf 86' lang='lat' dir='ltr'>fortiam</span> 
     </span>
     <span class='ocr_line' id='line_1_28' title="bbox 681 3875 3521 3977; baseline -0.002 -25"><span class='ocrx_word' id='word_1_269' title='bbox 681 3889 809 3952; x_wconf 84' lang='lat' dir='ltr'>aut</span> <span class='ocrx_word' id='word_1_270' title='bbox 843 3903 1170 3954; x_wconf 90' lang='lat' dir='ltr'>coronam</span> <span class='ocrx_word' id='word_1_271' title='bbox 1214 3884 1447 3976; x_wconf 81' lang='lat' dir='ltr'>regni,</span> <span class='ocrx_word' id='word_1_272' title='bbox 1489 3882 1619 3955; x_wconf 87' lang='lat' dir='ltr'>sed</span> <span class='ocrx_word' id='word_1_273' title='bbox 1653 3882 2038 3956; x_wconf 87' lang='lat' dir='ltr'>secundum</span> <span class='ocrx_word' id='word_1_274' title='bbox 2071 3905 2278 3954; x_wconf 90' lang='lat' dir='ltr'>suum</span> <span class='ocrx_word' id='word_1_275' title='bbox 2315 3901 2516 3977; x_wconf 90' lang='lat' dir='ltr'>posse</span> <span class='ocrx_word' id='word_1_276' title='bbox 2559 3877 3019 3974; x_wconf 89' lang='lat' dir='ltr'>prohibebunt</span> <span class='ocrx_word' id='word_1_277' title='bbox 3072 3885 3143 3947; x_wconf 92' lang='lat' dir='ltr'>et</span> <span class='ocrx_word' id='word_1_278' title='bbox 3190 3875 3521 3947; x_wconf 83' lang='lat' dir='ltr'>valebunt</span> 
     </span>
     <span class='ocr_line' id='line_1_29' title="bbox 683 3996 3517 4099; baseline -0.001 -25"><span class='ocrx_word' id='word_1_279' title='bbox 683 4004 754 4075; x_wconf 87' lang='lat' dir='ltr'>ei</span> <span class='ocrx_word' id='word_1_280' title='bbox 791 4004 974 4076; x_wconf 88' lang='lat' dir='ltr'>sicut</span> <span class='ocrx_word' id='word_1_281' title='bbox 1010 4006 1189 4099; x_wconf 82' lang='lat' dir='ltr'>regi,</span> <span class='ocrx_word' id='word_1_282' title='bbox 1231 4016 1493 4079; x_wconf 86' lang='lat' dir='ltr'>etcum</span> <span class='ocrx_word' id='word_1_283' title='bbox 1530 4005 1904 4079; x_wconf 78' lang='lat' dir='ltr'>defendent</span> <span class='ocrx_word' id='word_1_284' title='bbox 1937 4015 2006 4079; x_wconf 89' lang='lat' dir='ltr'>et</span> <span class='ocrx_word' id='word_1_285' title='bbox 2039 4009 2192 4098; x_wconf 88' lang='lat' dir='ltr'>ejus</span> <span class='ocrx_word' id='word_1_286' title='bbox 2223 4005 2551 4077; x_wconf 90' lang='lat' dir='ltr'>honorem</span> <span class='ocrx_word' id='word_1_287' title='bbox 2576 3998 3146 4087; x_wconf 87' lang='lat' dir='ltr'>manutenebunt,</span> <span class='ocrx_word' id='word_1_288' title='bbox 3181 4007 3249 4070; x_wconf 91' lang='lat' dir='ltr'>et</span> <span class='ocrx_word' id='word_1_289' title='bbox 3283 3996 3517 4070; x_wconf 92' lang='lat' dir='ltr'>hocin</span> 
     </span>
     <span class='ocr_line' id='line_1_30' title="bbox 679 4120 3520 4222; baseline -0.003 -22"><span class='ocrx_word' id='word_1_290' title='bbox 679 4128 1049 4222; x_wconf 83' lang='lat' dir='ltr'>provincia</span> <span class='ocrx_word' id='word_1_291' title='bbox 1075 4129 1512 4202; x_wconf 79' lang='lat' dir='ltr'>Lombardie,</span> <span class='ocrx_word' id='word_1_292' title='bbox 1554 4130 1655 4202; x_wconf 88' lang='lat' dir='ltr'>Eo</span> <span class='ocrx_word' id='word_1_293' title='bbox 1684 4151 1776 4202; x_wconf 87' lang='lat' dir='ltr'>ex</span> <span class='ocrx_word' id='word_1_294' title='bbox 1812 4129 2194 4202; x_wconf 89' lang='lat' dir='ltr'>abundanti</span> <span class='ocrx_word' id='word_1_295' title='bbox 2228 4128 2415 4201; x_wconf 89' lang='lat' dir='ltr'>dicto</span> <span class='ocrx_word' id='word_1_296' title='bbox 2438 4134 2508 4198; x_wconf 89' lang='lat' dir='ltr'>et</span> <span class='ocrx_word' id='word_1_297' title='bbox 2544 4124 2887 4195; x_wconf 89' lang='lat' dir='ltr'>intellecto</span> <span class='ocrx_word' id='word_1_298' title='bbox 2911 4122 3103 4216; x_wconf 88' lang='lat' dir='ltr'>quod</span> <span class='ocrx_word' id='word_1_299' title='bbox 3134 4129 3412 4216; x_wconf 88' lang='lat' dir='ltr'>propter</span> <span class='ocrx_word' id='word_1_300' title='bbox 3439 4120 3520 4192; x_wconf 84' lang='lat' dir='ltr'>fi-</span> 
     </span>
     <span class='ocr_line' id='line_1_31' title="bbox 684 4244 3523 4348; baseline -0.002 -26"><span class='ocrx_word' id='word_1_301' title='bbox 684 4249 1042 4323; x_wconf 88' lang='lat' dir='ltr'>delitatem</span> <span class='ocrx_word' id='word_1_302' title='bbox 1095 4273 1237 4325; x_wconf 93' lang='lat' dir='ltr'>nou</span> <span class='ocrx_word' id='word_1_303' title='bbox 1272 4261 1632 4326; x_wconf 86' lang='lat' dir='ltr'>teneantur</span> <span class='ocrx_word' id='word_1_304' title='bbox 1683 4253 1772 4326; x_wconf 90' lang='lat' dir='ltr'>ad</span> <span class='ocrx_word' id='word_1_305' title='bbox 1826 4253 2305 4348; x_wconf 88' lang='lat' dir='ltr'>prestationem</span> <span class='ocrx_word' id='word_1_306' title='bbox 2357 4250 2663 4343; x_wconf 87' lang='lat' dir='ltr'>aliquam</span> <span class='ocrx_word' id='word_1_307' title='bbox 2707 4246 3000 4341; x_wconf 91' lang='lat' dir='ltr'>pecunie</span> <span class='ocrx_word' id='word_1_308' title='bbox 3035 4244 3243 4316; x_wconf 90' lang='lat' dir='ltr'>modo</span> <span class='ocrx_word' id='word_1_309' title='bbox 3289 4245 3523 4338; x_wconf 89' lang='lat' dir='ltr'>aliquo</span> 
     </span>
     <span class='ocr_line' id='line_1_32' title="bbox 690 4367 3530 4472; baseline -0.001 -28"><span class='ocrx_word' id='word_1_310' title='bbox 690 4393 823 4447; x_wconf 89' lang='lat' dir='ltr'>nec</span> <span class='ocrx_word' id='word_1_311' title='bbox 852 4376 1093 4471; x_wconf 91' lang='lat' dir='ltr'>aliquo</span> <span class='ocrx_word' id='word_1_312' title='bbox 1123 4376 1355 4449; x_wconf 78' lang='lat' dir='ltr'>modo,</span> <span class='ocrx_word' id='word_1_313' title='bbox 1394 4379 1562 4450; x_wconf 88' lang='lat' dir='ltr'>Item</span> <span class='ocrx_word' id='word_1_314' title='bbox 1598 4377 1790 4472; x_wconf 91' lang='lat' dir='ltr'>quod</span> <span class='ocrx_word' id='word_1_315' title='bbox 1820 4398 1958 4449; x_wconf 90' lang='lat' dir='ltr'>non</span> <span class='ocrx_word' id='word_1_316' title='bbox 2002 4387 2362 4449; x_wconf 88' lang='lat' dir='ltr'>teneantur</span> <span class='ocrx_word' id='word_1_317' title='bbox 2392 4374 2484 4447; x_wconf 89' lang='lat' dir='ltr'>ad</span> <span class='ocrx_word' id='word_1_318' title='bbox 2525 4372 2773 4443; x_wconf 85' lang='lat' dir='ltr'>milites</span> <span class='ocrx_word' id='word_1_319' title='bbox 2804 4370 2914 4442; x_wconf 90' lang='lat' dir='ltr'>vel</span> <span class='ocrx_word' id='word_1_320' title='bbox 2947 4367 3216 4463; x_wconf 87' lang='lat' dir='ltr'>pedites</span> <span class='ocrx_word' id='word_1_321' title='bbox 3255 4369 3530 4440; x_wconf 83' lang='lat' dir='ltr'>dandos</span> 
     </span>
    </p>
   </div>
   <div class='ocr_carea' id='block_1_3' title="bbox 778 4529 3586 4618">
    <p class='ocr_par' dir='ltr' id='par_1_4' title="bbox 778 4529 3586 4618">
     <span class='ocr_line' id='line_1_33' title="bbox 778 4529 3586 4618; baseline -0.002 -24"><span class='ocrx_word' id='word_1_322' title='bbox 778 4535 862 4614; x_wconf 80' lang='grc' dir='ltr'>(α)</span> <span class='ocrx_word' id='word_1_323' title='bbox 904 4536 1040 4596; x_wconf 88' lang='lat' dir='ltr'>Huc</span> <span class='ocrx_word' id='word_1_324' title='bbox 1064 4554 1258 4615; x_wconf 87' lang='lat' dir='ltr'>usque</span> <span class='ocrx_word' id='word_1_325' title='bbox 1290 4540 1529 4599; x_wconf 81' lang='lat' dir='ltr'>initium</span> <span class='ocrx_word' id='word_1_326' title='bbox 1562 4541 1943 4599; x_wconf 85' lang='lat' dir='ltr'>instrumenti</span> <span class='ocrx_word' id='word_1_327' title='bbox 1979 4539 2138 4614; x_wconf 89' lang='lat' dir='ltr'>apud</span> <span class='ocrx_word' id='word_1_328' title='bbox 2174 4539 2346 4598; x_wconf 80' lang='lat' dir='ltr'>Pertz</span> <span class='ocrx_word' id='word_1_329' title='bbox 2381 4537 2575 4608; x_wconf 85' lang='lat' dir='ltr'>deest,</span> <span class='ocrx_word' id='word_1_330' title='bbox 2619 4549 2740 4610; x_wconf 88' lang='lat' dir='ltr'>qua</span> <span class='ocrx_word' id='word_1_331' title='bbox 2777 4547 2955 4592; x_wconf 86' lang='lat' dir='ltr'>causa</span> <span class='ocrx_word' id='word_1_332' title='bbox 2994 4532 3323 4600; x_wconf 83' lang='lat' dir='ltr'>nescimus,</span> <span class='ocrx_word' id='word_1_333' title='bbox 3374 4529 3520 4589; x_wconf 88' lang='lat' dir='ltr'>dum</span> <span class='ocrx_word' id='word_1_334' title='bbox 3546 4602 3586 4618; x_wconf 31' lang='grc' dir='ltr'><em>Γ</em></span> 
     </span>
    </p>
   </div>
   <div class='ocr_carea' id='block_1_4' title="bbox 700 4637 3211 4809">
    <p class='ocr_par' dir='ltr' id='par_1_5' title="bbox 700 4637 3211 4809">
     <span class='ocr_line' id='line_1_34' title="bbox 700 4637 3078 4722; baseline -0.002 -23"><span class='ocrx_word' id='word_1_335' title='bbox 700 4639 868 4700; x_wconf 77' lang='lat' dir='ltr'>valde</span> <span class='ocrx_word' id='word_1_336' title='bbox 902 4647 1306 4705; x_wconf 83' lang='lat' dir='ltr'>necessarlum</span> <span class='ocrx_word' id='word_1_337' title='bbox 1333 4647 1411 4705; x_wconf 83' lang='lat' dir='ltr'>sit</span> <span class='ocrx_word' id='word_1_338' title='bbox 1436 4651 1499 4705; x_wconf 89' lang='lat' dir='ltr'>et</span> <span class='ocrx_word' id='word_1_339' title='bbox 1525 4661 1662 4706; x_wconf 89' lang='lat' dir='ltr'>cum</span> <span class='ocrx_word' id='word_1_340' title='bbox 1689 4644 2074 4722; x_wconf 83' lang='lat' dir='ltr'>sequentibus</span> <span class='ocrx_word' id='word_1_341' title='bbox 2100 4645 2273 4720; x_wconf 83' lang='lat' dir='ltr'>quasi</span> <span class='ocrx_word' id='word_1_342' title='bbox 2305 4658 2426 4703; x_wconf 90' lang='lat' dir='ltr'>uno</span> <span class='ocrx_word' id='word_1_343' title='bbox 2469 4655 2713 4717; x_wconf 87' lang='lat' dir='ltr'>corpore</span> <span class='ocrx_word' id='word_1_344' title='bbox 2739 4637 3078 4698; x_wconf 85' lang='lat' dir='ltr'>conflatum.</span> 
     </span>
     <span class='ocr_line' id='line_1_35' title="bbox 857 4747 3211 4809; baseline -0.003 -2"><span class='ocrx_word' id='word_1_345' title='bbox 857 4747 967 4809; x_wconf 83' lang='lat' dir='ltr'>IV.</span> <span class='ocrx_word' id='word_1_346' title='bbox 1009 4761 1123 4806; x_wconf 75' lang='lat' dir='ltr'>Pus</span> <span class='ocrx_word' id='word_1_347' title='bbox 1147 4765 1190 4806; x_wconf 82' lang='lat'>2.</span> <span class='ocrx_word' id='word_1_348' title='bbox 3134 4748 3211 4800; x_wconf 80' lang='lat'>89</span> 
     </span>
    </p>
   </div>
  </div>
 </body>
</html>
