4500 5956
1138 592 1260 655 660
2173 599 2517 660 numum
2568 599 2901 660 snr'rml
3581 604 3742 682 [amr.
3782 605 3948 668 1234

1139 735 1363 799 tarum
1401 728 1598 800 nobis
1653 784 1670 800 .
1735 785 1752 800 .
1814 787 1831 803 .
1889 731 2233 806 abbatisse
2261 743 2330 805 et
2357 744 2737 806 conventus
2770 732 3160 805 monasterii
3182 735 3393 807 Vallis
3415 739 3661 811 Sancte
3690 738 3949 830 Crucis,

1141 851 1562 945 presentium
1613 855 2012 928 auctoritate
2062 857 2288 930 locum
2340 856 2570 952 ipsum
2619 866 2687 928 et
2738 877 3066 950 personas
3109 878 3266 928 cum
3313 860 3638 933 omnibus
3691 884 3828 956 que
3882 863 3953 933 in

1137 975 1636 1068 presentiarum
1664 977 2016 1070 possident
2053 988 2175 1051 aut
2207 981 2276 1050 in
2312 980 2616 1050 futurum
2650 979 2855 1071 J'ustis
2899 980 3124 1052 modis
3158 989 3480 1075 poterunt
3501 982 3793 1080 adipisci
3820 985 3953 1057 sub

1132 1105 1432 1168 nostram
1463 1107 1532 1169 et
1564 1098 1833 1194 imperii
1862 1102 2226 1196 specialem
2256 1103 2644 1196 recepimus
2687 1104 3203 1197 protectionem.
3252 1105 3324 1176 Si
3367 1128 3545 1199 quos
3573 1129 3737 1181 vero
3769 1130 3950 1180 nun-

1129 1218 1270 1292 cios
1327 1242 1453 1316 pro
1494 1222 1639 1293 suis
1691 1225 2212 1299 necessitatibus
2262 1225 2356 1299 ad
2408 1225 2827 1317 colligendas
2876 1228 3282 1301 elemosinas
3335 1230 3408 1300 in
3452 1229 3710 1303 finibus
3756 1233 3949 1326 regni

1127 1343 1340 1415 nostri
1373 1344 1714 1436 miserint,
1757 1348 1890 1419 sub
1922 1349 2163 1421 eadem
2188 1349 2609 1443 protectione
2631 1358 2862 1423 nostra
2882 1352 3249 1445 recipimus
3275 1363 3344 1425 et
3374 1354 3722 1427 conductu
3751 1378 3769 1443 3
3823 1377 3948 1428 vo·

1120 1467 1337 1539 lentes
1377 1478 1456 1539 ut
1492 1468 1584 1541 ad
1620 1471 1853 1542 omnia
1901 1471 2176 1562 agenda
2211 1495 2340 1546 sua
2371 1461 2725 1566 egressum
2765 1474 3060 1546 liberum
3100 1477 3399 1548 habeant
3430 1488 3499 1549 et
3526 1500 3935 1572 regressum.

1118 1592 1530 1664 Mandamus
1578 1594 1810 1687 itaque
1855 1594 1987 1665 sub
2021 1617 2198 1691 pena
2245 1598 2465 1691 gratie
2510 1607 2740 1670 nostre
2780 1597 3061 1671 firmiter
3107 1601 3559 1695 precipientes
3603 1612 3944 1696 quatenus

1117 1714 1352 1785 nullus
1377 1714 1468 1784 sit
1489 1716 1612 1807 qui
1632 1716 1979 1809 predictas
2001 1718 2423 1791 abbatissam
2455 1729 2524 1792 et
2551 1730 2966 1793 conventum
3005 1723 3401 1794 monasterii
3438 1724 3750 1818 prelibati
3778 1746 3943 1819 pre-

1112 1846 1341 1909 sumat
1376 1838 1488 1909 vel
1522 1838 1776 1911 audeat
1817 1842 2203 1914 molestare.
2248 1842 2453 1927 Quod
2498 1843 2620 1938 qui
2657 1845 2897 1916 fecerit
2928 1844 3197 1917 noverit
3244 1866 3287 1918 a
3330 1847 3707 1939 majestatis
3753 1849 3942 1941 regie

1114 1962 1334 2054 gratia
1369 1984 1444 2035 se
1477 1964 1864 2036 exclusum.

1205 2087 1456 2158 Datum
1486 2087 1674 2181 apud
1710 2088 2155 2183 Nurimberg‚
2212 2088 2396 2161 xvu
2443 2089 2774 2163 kalendas
2813 2091 3007 2182 julii,
3060 2112 3245 2165 anno
3278 2091 3762 2165 incarnationis
3786 2096 3938 2166 Do-

1106 2207 1279 2281 mini
1302 2210 1398 2281 M⁰
1416 2209 1541 2282 CC⁰
1562 2211 1901 2283 ΧΧΧΠΠο
1925 2266 1944 2301 ,
1984 2211 2361 2285 indictione
2381 2213 2548 2284 V11·.

712 2759 1011 2870 „ussfflm
1203 2749 1573 2834 Henricus
1596 2812 1621 2858 ,
1679 2752 2202 2836 Romanorum
2267 2779 2400 2837 rex
2425 2817 2449 2862 ‚
2507 2752 2919 2837 Bertholdo
2982 2752 3515 2862 Argentinensi
3582 2755 3932 2866 episcopo

756 2866 968 2920 nemu.
1097 2891 1172 2965 et
1214 2883 1571 2966 ecclesiae
1625 2883 1790 2993 ejus
1816 2880 1819 2883 ’
1845 2885 2224 2996 quidquid
2263 2885 2458 2996 juris
2511 2887 2592 2967 in
2646 2896 2894 2968 castro
2938 2885 3036 2968 de
3083 2886 3141 2967 T
3145 2911 3343 2968 anne
3380 2885 3687 2998 (Than)
3733 2914 3931 2971 novo

1096 3015 1215 3098 vel
1254 3017 1568 3125 antiquo
1605 3016 1766 3123 ipse
1793 3043 1927 3100 rex
1963 3018 2259 3122 habuit,
2303 3019 2631 3126 confert,
2671 3019 3193 3129 promittitque
3220 3018 3329 3101 eis
3365 3031 3631 3102 contra
3666 3021 3927 3130 impe-

1094 3146 1438 3229 titionem
1474 3147 2032 3232 Ferretensium
2068 3152 2298 3234 etiam
2334 3153 2413 3231 in
2443 3151 2473 3260 j
2481 3152 2734 3235 udicio
2772 3179 2852 3234 se
2888 3153 3050 3234 fore
3086 3151 3607 3235 favorabilem.

1260 3351 1466 3425 (Edid.
1494 3352 1829 3429 Laevum,
1859 3354 2112 3415 Histoire
2137 3351 2420 3428 d'Alsace,
2450 3361 2500 3415 t.
2531 3355 2613 3431 11,
2642 3371 2929 3432 preuves,
2959 3371 3022 3431 p.
3058 3354 3185 3434 88.)

1186 3538 1556 3630 Henricus,
1599 3538 1724 3612 Dei
1764 3541 1978 3634 gratia
2001 3542 2460 3613 Romanorum
2496 3563 2621 3613 rex
2663 3550 2732 3613 et
2766 3561 3037 3635 semper
3073 3553 3436 3633 augustus.
3470 3540 3579 3612 Ad
3608 3541 3920 3614 notitiam

1090 3663 1525 3757 singulorum
1562 3664 1887 3736 volumus
1922 3665 2283 3760 pervenire
2325 3665 2518 3757 quod
2563 3685 2696 3738 nos
2741 3663 2833 3736 ad
2868 3663 3364 3736 declarandum
3399 3664 3676 3758 plenum
3705 3666 3920 3758 gratie

1089 3798 1323 3861 nostre
1355 3791 1658 3862 savorem
1692 3789 1871 3861 circa
1905 3789 2230 3862 dilectum
2266 3790 2646 3884 principem
2686 3797 2995 3860 nostrum
3030 3789 3111 3858 B.
3154 3786 3733 3881 Argentinensem
3772 3789 3918 3882 epi-

1090 3934 1375 4006 scopum
1408 3922 1476 3986 et
1518 3937 1719 3986 suam
1770 3913 2164 4004 ecclesiam,
2222 3914 2639 3986 contulimus
2679 3923 2749 3983 et
2798 3910 3214 3984 donavimus
3249 3912 3314 3982 ei
3350 3919 3419 3982 et
3461 3931 3588 3982 sue
3634 3911 3917 3983 ecclesie

1088 4036 1423 4130 quicquid
1445 4040 1624 4130 juris
1652 4039 1723 4110 in
1751 4047 1971 4111 castro
2009 4037 2099 4110 de
2125 4040 2356 4110 Tanne
2382 4058 2567 4109 novo
2609 4036 2725 4110 vel
2763 4035 3047 4130 antiquo
3093 4035 3465 4106 habuimus
3513 4036 3628 4108 vel
3663 4033 3915 4106 habere

1087 4159 1529 4253 aliquomodo
1558 4161 1971 4235 videbamur
2004 4173 2074 4233 et
2119 4182 2356 4234 eorum
2387 4159 2832 4256 pertinentias
2863 4159 3247 4234 universas.
3284 4158 3398 4231 Ad
3446 4158 3578 4231 hec
3601 4157 3915 4251 promisi-

1089 4300 1247 4350 mus
1282 4281 1616 4354 adhibere
1663 4284 1821 4354 totis
1866 4283 2230 4356 desideriis
2277 4293 2347 4355 et
2390 4283 2749 4356 conatibus
2783 4303 3068 4377 operam
3112 4281 3459 4353 efficacem
3489 4279 3681 4374 quod
3725 4279 3916 4352 idem

1092 4400 1457 4495 episcopus
1480 4411 1549 4473 et
1585 4403 1872 4476 ecclesia
1894 4426 2020 4476 sua
2053 4427 2263 4500 super
2311 4405 2464 4499 ipso
2498 4413 2718 4477 castro
2755 4415 2824 4476 et
2850 4405 2995 4477 suis
3037 4403 3467 4500 pertinentiis
3505 4403 3598 4475 ab
3634 4402 3916 4498 impeti-

1090 4524 1275 4596 tione
1304 4534 1372 4596 et
1405 4525 1899 4621 conquestione
1936 4528 2325 4601 Ferracensi
2350 4527 2441 4624 (a)
2468 4525 2998 4626 absolvant[ur].
3026 4528 3226 4616 Quod
3252 4529 3306 4601 si
3336 4531 3505 4602 forte
3529 4528 3752 4601 facere
3773 4548 3913 4601 non

1175 4699 1256 4780 (a)
1300 4702 1535 4764 Scilicet
1565 4703 1834 4763 comitum
1858 4704 2104 4768 Fert-eti.
