4500 5956
1063 569 1190 632 820
2066 568 2505 632 rameruci
2554 563 2906 626 seculum
3516 567 3677 645 [An.
3715 568 3887 632 1236.

1070 723 1224 774 rum
1263 702 1529 796 aliquid
1588 704 1970 798 questionis
2024 703 2380 792 habuerit,
2447 701 2625 772 infra
2663 699 3008 771 civitatem
3062 719 3294 772 coram
3339 700 3562 795 ipsius
3596 703 3891 777 civitatis

1063 824 1422 917 judicibus
1454 849 1614 900 eum
1648 827 1933 922 impetat
1958 827 2195 922 ibique
2213 826 2278 899 ei
2310 820 2722 919 respondeat
2747 829 2817 895 et
2844 822 3240 895 satisfaciat.
3263 824 3618 896 Presertim
3645 826 3890 900 eadem

1070 950 1478 1021 auctoritate
1511 950 1846 1045 imperiali
1876 950 2318 1023 concedimus
2352 956 2420 1020 et
2455 945 2900 1041 indulgemus
2931 944 3123 1039 quod
3154 956 3565 1020 mercatores
3584 948 3886 1043 ipsorum

1070 1091 1196 1167 per
1225 1093 1562 1165 aquarum
1600 1071 1935 1145 decursus
1962 1095 2121 1146 cum
2136 1073 2283 1145 suis
2312 1069 2775 1144 mercimoniis
2802 1076 3079 1159 euntes,
3114 1090 3557 1164 quocumque
3584 1072 3887 1144 locorum

1031 1279 1034 1282 Α
1070 1193 1352 1286 navigia
1387 1195 1827 1289 perveniant,
1884 1195 1944 1266 si
1980 1216 2121 1288 quo
2170 1216 2335 1266 casu
2369 1191 2807 1285 contingente
2842 1197 3044 1284 rupta
3077 1190 3330 1262 suerint
3364 1191 3475 1262 vel
3508 1190 3602 1263 ad
3638 1199 3886 1263 terram

1064 1316 1544 1410 pervenerint,
1583 1338 1672 1389 ne
1705 1318 2087 1412 periculum
2120 1315 2463 1410 naufragii
2493 1336 2652 1387 cum
2681 1334 2911 1386 rerum
2954 1334 3239 1384 suarum
3282 1311 3699 1386 dimersione
3735 1336 3885 1410 per·

1066 1437 1289 1531 pessi,
1332 1438 1616 1533 aliquod
1676 1439 1746 1511 in
1808 1440 2010 1512 bonis
2061 1441 2206 1512 suis
2274 1439 2532 1512 idcirco
2585 1436 3032 1533 dispendium
3103 1435 3483 1508 sustineant
3551 1437 3663 1509 vel
3723 1439 3886 1530 J'ac-

1065 1570 1328 1652 turam,
1384 1562 1511 1634 sed
1554 1572 1692 1634 tam
1745 1563 2017 1657 navigia
2066 1586 2275 1658 quam
2330 1560 2806 1655 navigantium
2870 1560 3052 1632 bona
3116 1558 3253 1630 illis
3312 1569 3746 1631 reserventur
3793 1559 3885 1632 ad

1066 1705 1243 1776 quos
1279 1686 1684 1779 spectabant
1742 1696 2111 1779 antequam
2170 1685 2526 1779 navigium
2576 1682 2978 1774 hujusmodi
3020 1682 3402 1777 periculum
3452 1682 3879 1775 incurrisset;

1068 1804 1338 1877 sublata
1367 1807 1644 1901 penitus
1675 1811 1864 1881 omni
1899 1808 2404 1881 consuetudine
2438 1809 2769 1880 locorum.
2803 1806 3139 1878 Volumus
3167 1805 3403 1899 itaque
3443 1804 3682 1878 fideles
3723 1828 3884 1879 nos-

1067 1940 1210 2000 tros
1244 1927 1433 2001 cives
1487 1929 2022 2024 Argentinenses
2045 1932 2414 2005 consistere
2467 1932 2540 2002 in
2572 1929 2762 2004 omni
2789 1930 2950 2021 jure
2996 1929 3352 2001 ethonore
3385 1940 3592 2022 atque
3625 1931 3885 2002 consti-

1063 2050 1352 2143 tutione,
1377 2052 1557 2124 sicut
1580 2077 1623 2126 a
1651 2054 1836 2128 divis
1857 2056 2414 2150 progenitoribus
2440 2054 2691 2127 nostris
2715 2073 2878 2143 avc,
2905 2061 3096 2146 patre
3120 2059 3329 2144 atque
3356 2059 3603 2146 patruo
3623 2063 3878 2143 nostro,

1064 2175 1314 2247 inclitis
1362 2178 1824 2252 Romanorum
1859 2182 2390 2276 imperatoribus
2420 2189 2490 2252 et
2524 2179 2843 2272 regibuS,
2883 2198 3123 2250 eorum
3156 2178 3432 2250 fuerunt
3466 2179 3885 2273 temporibus

1056 2299 1438 2374 sublimati.
1496 2304 1882 2377 Statnentes
1923 2315 1992 2377 et
2023 2304 2364 2401 imperiali
2417 2304 2641 2377 edicto
2692 2301 2999 2376 districte
3053 2301 3502 2397 precipientes
3558 2304 3883 2396 quatinus

1060 2423 1233 2493 nulli
1277 2447 1586 2518 unquam
1623 2426 1983 2498 hominum
2027 2428 2307 2499 sublimi
2361 2429 2473 2500 vel
2528 2427 2812 2517 humili,
2871 2426 3331 2499 ecclesiastico
3371 2426 3482 2497 vel
3541 2427 3874 2518 seculari,

1054 2544 1239 2618 hanc
1272 2557 1502 2621 nostre
1538 2548 1928 2623 donationis
1979 2572 2107 2624 seu
2138 2549 2677 2623 confirmationis
2722 2548 3047 2645 paginam
3092 2549 3356 2620 licitum
3391 2548 3483 2620 sit
3513 2548 3883 2642 infringere

1056 2669 1173 2741 vel
1207 2670 1269 2741 ei
1300 2692 1476 2743 ausu
1512 2674 1869 2747 temerario
1891 2675 2255 2747 contraire.
2288 2672 2493 2760 Quod
2514 2674 2637 2767 qui
2674 2671 3174 2767 presumpserit
3196 2671 3471 2764 triginta
3496 2670 3704 2743 libras
3729 2671 3881 2743 anri

1055 2805 1457 2887 componat,
1497 2817 1793 2888 quarum
1827 2797 2158 2869 medietas
2196 2818 2465 2869 camere
2493 2805 2753 2884 nostre,
2797 2795 3061 2889 reliqua
3100 2815 3266 2867 vero
3302 2793 3525 2889 passis
3557 2794 3880 2885 injuriam

1053 2917 1513 3011 persolvatur.
1557 2919 1642 2992 Ut
1702 2930 1935 2993 autem
1972 2941 2253 3016 presens
2304 2918 2655 2993 concessio
2711 2928 2781 2991 et
2843 2915 3268 2991 confirmatio
3317 2916 3529 2991 robur
3573 2917 3881 2990 obtineat

1050 3050 1385 3133 perpetuo
1422 3042 1830 3131 valiturum,
1871 3056 2255 3137 presentem
2296 3045 2621 3140 paginam
2659 3042 2995 3114 conscribi
3031 3053 3101 3114 et
3135 3042 3359 3136 sigillo
3402 3050 3631 3114 nostre
3669 3041 3881 3113 celsi-

1050 3161 1316 3233 tudinis
1341 3164 1625 3236 fecimus
1656 3166 1987 3237 roborari.

1149 3285 1379 3358 Testes
1413 3285 1622 3379 hujus
1657 3288 1756 3361 rei
1788 3298 1948 3359 sunt
1988 3315 2004 3359 ε
2048 3290 2462 3361 venerabilis
2491 3287 2785 3362 Sifridus
2812 3286 3369 3382 archiepiscopus
3399 3285 3873 3378 Maguntinns,

1044 3407 1458 3482 Bertholdus
1522 3409 2044 3503 Argentinensis
2092 3413 2498 3509 episcopus,
2555 3414 2756 3508 Hugo
2812 3410 3273 3484 Morbacensis
3328 3409 3580 3501 abbaS,
3648 3409 3878 3482 dilecti

1046 3530 1396 3625 principes
1425 3534 1679 3624 nostri3
1715 3536 2149 3608 Hermannns
2184 3537 2494 3609 marchio
2521 3537 2610 3609 de
2641 3535 2904 3626 Baden,
2959 3532 3317 3605 Conradus
3347 3532 3763 3626 burgravius
3790 3532 3879 3605 de

1042 3653 1501 3747 Nuremberc,
1558 3652 1945 3731 Fridericus
2006 3659 2098 3732 de
2154 3662 2381 3752 Zolre,
2449 3660 2811 3732 Heinricus
2864 3658 2953 3731 de
3027 3655 3320 3748 Werde,
3395 3655 3718 3727 Albertus
3788 3655 3878 3729 de

1043 3777 1473 3870 Habesburc,
1514 3782 1904 3854 Luitharius
1937 3782 2028 3856 de
2065 3784 2624 3874 Hebenstaeden,
2664 3784 2989 3871 comites;
3029 3779 3472 3854 Burchardus
3504 3778 3597 3851 de
3629 3780 3877 3852 Gerel-

1042 3899 1310 3990 teseke‚
1365 3903 1802 3978 Burchardus
1850 3916 1921 3979 et
1965 3907 2198 3980 Simon
2245 3906 2368 3978 filii
2412 3908 2761 3999 ejusdem,
2816 3904 3233 3980 Ludewicus
3266 3904 3357 3977 de
3386 3902 3867 3994 Liehtenberc,

1039 4019 1406 4096 Anselmns
1442 4023 1530 4097 de
1558 4027 2019 4124 Rapoltstein,
2072 4028 2421 4102 Gerardus
2458 4029 2550 4104 de
2584 4030 3078 4118 Wassenberc,
3131 4026 3495 4100 Conradus
3540 4025 3632 4098 de
3674 4026 3874 4096 Win-

1044 4154 1280 4219 terstet
1308 4148 1671 4241 pincerna,
1712 4161 1786 4224 et
1817 4153 1935 4224 alii
1969 4153 2449 4248 quamplures.

1149 4269 1438 4361 Signum
1472 4272 1735 4345 domini
1770 4276 1983 4347 nostri
2018 4275 2344 4348 Friderici
2388 4275 2713 4362 secundi,
2755 4274 2880 4347 Dei
2911 4272 3129 4364 gratia
3159 4268 3590 4343 invictissimi
3628 4269 3870 4340 Roma·

1041 4407 1290 4458 norum
1327 4388 1756 4482 imperatoris
1783 4413 2057 4487 semper
2088 4393 2403 4486 augusti,
2446 4393 2824 4467 Jerusalem·
2856 4402 2926 4464 et
2959 4390 3194 4465 Sicilie
3231 4388 3437 4483 regis.

1137 4507 1308 4579 Acta
1340 4520 1502 4580 sunt
1531 4510 1657 4582 bec
1692 4533 1876 4583 anno
1908 4513 2254 4588 dominice
2284 4515 2770 4589 incarnationis
2795 4513 3280 4600 MCCXXXVI,
3327 4529 3563 4582 mense
3598 4506 3865 4595 martii,

1040 4651 1223 4703 none
1257 4628 1693 4726 indictioniS,
1737 4633 2117 4733 imperante
2150 4638 2432 4714 domino
2465 4650 2696 4713 nostro
2726 4637 3067 4712 Friderico
3101 4636 3224 4708 Dei
3272 4632 3490 4728 gratia
3520 4633 3867 4704 Romano-
